1908 3446
27 3067 31 3092 l

561 199 851 236 245--PRAGA
877 201 919 236 31
952 200 1092 237 MART.
1130 201 1218 238 1559
1595 203 1658 239 107

82 306 221 358 gloria
242 303 284 342 di
304 303 426 342 Iddio
452 304 503 341 N.
529 303 703 353 Signon
722 302 797 339 fiat
815 301 1018 338 uoluntas
1042 302 1229 348 Domini3
1254 303 1389 340 molto
1409 303 1520 340 bene
1545 304 1704 342 hauetc

79 378 187 416 fatto
217 376 259 414 in
289 374 449 413 ridurci
470 372 570 424 quel
593 373 740 410 diuino
775 373 909 419 culto,
935 378 1020 410 ete.
1047 372 1235 422 Quando
1268 373 1326 411 ita
1348 374 1601 411 afficeretur
1632 389 1705 424 po-

80 449 204 498 pulus
226 450 269 484 et
290 444 462 497 quando
482 444 510 482 li
526 444 665 481 nostri
682 443 870 482 scholari
889 455 1021 481 erano
1040 448 1162 482 tanto
1180 444 1386 491 feruenti,
1407 445 1706 483 cornmincias-

81 520 188 558 simo
210 519 249 556 la
283 521 406 556 notte
428 521 551 554 santa
579 521 727 554 cantar
749 516 789 553 le
821 515 1032 554 matutine
1056 516 1098 554 di
1127 516 1289 566 pascha
1311 515 1352 553 in
1374 516 1481 553 falso
1505 516 1703 553 bordone

80 603 161 628 con
183 587 294 627 assai
315 586 647 634 aedificacione,
673 591 717 624 et
734 587 921 625 hauemo
946 590 1061 625 cossi
1079 587 1340 625 cominciato
1361 592 1537 625 cantare
1561 601 1640 626 con
1663 587 1706 625 li-

80 662 231 702 cencia
246 660 289 698 di
314 665 466 698 nostro
486 659 626 697 Padre
648 658 918 709 prouinciale
943 662 967 706 ¹,
992 660 1032 698 la
1052 660 1179 710 quale
1203 660 1241 697 ci
1263 657 1378 697 dono
1402 659 1549 697 auanti
1572 660 1610 697 la
1631 672 1707 696 sua

79 732 248 784 partita,
274 735 316 770 et
346 731 418 781 pia
451 731 562 768 oltra
584 735 835 768 cantaremo
868 743 951 768 con
982 731 1181 781 maggior
1211 730 1374 768 facilita
1395 730 1568 781 quando
1593 733 1706 768 cossi

81 803 329 842 desiderino
352 801 380 840 li
402 801 591 840 scholari
610 805 653 839 et
675 803 791 840 cossi
812 801 937 851 piace
958 802 997 839 al
1018 802 1196 852 populo.

136 886 194 914 10.
254 875 315 912 La
336 886 435 912 casa
456 878 607 911 nostra
629 878 673 910 et
695 873 723 911 li
743 872 904 911 fratelli
935 879 1089 911 stanno
1112 873 1506 912 mediocremente:
1531 873 1706 911 laudato

80 948 141 986 sia
160 946 300 993 Iddio3
323 946 426 983 tutti
448 958 557 983 sono
576 945 713 983 molto
734 945 952 995 occupati3
976 945 1263 996 perseuerino
1287 944 1389 983 tutti
1409 958 1463 982 ne
1486 945 1499 983 i
1529 944 1624 983 suoi
1648 945 1708 982 of-

78 1019 166 1058 ficii
183 1031 265 1056 con
283 1030 388 1068 gran
406 1017 542 1055 frutto
563 1022 607 1054 et
626 1016 930 1055 edificacione.
955 1015 1235 1067 [Sequuntur
1252 1017 1411 1067 aliqua
1429 1018 1478 1056 de
1510 1018 1707 1066 quodam

82 1088 327 1129 Catlzerino
341 1089 491 1141 gallo,
512 1088 660 1127 tirone
672 1090 843 1138 parum
861 1088 1025 1138 quiem,
1046 1101 1174 1138 quem
1191 1089 1320 1127 vellet
1337 1089 1530 1127 Romam
1552 1087 1705 1136 mitti.l

82 1162 126 1200 Li
146 1160 243 1199 altri
264 1161 365 1199 tutti
387 1160 522 1198 siamo
545 1172 623 1211 per
645 1160 792 1210 gracia
814 1160 905 1197 sani
929 1164 972 1197 et
995 1159 1119 1207 saldi3
1143 1160 1315 1198 benche
1339 1162 1401 1197 s'e
1425 1160 1617 1198 anchora
1639 1160 1707 1197 un’

78 1233 186 1271 altro
210 1232 406 1283 spagnol,
430 1231 604 1270 nouicio
628 1244 758 1269 sensa
788 1230 895 1278 uoti,
919 1245 998 1281 pur
1029 1232 1176 1269 buono
1202 1237 1245 1269 et
1273 1229 1511 1278 trattabile‚
1542 1234 1707 1268 uenuto

79 1303 133 1342 da
152 1304 334 1350 Vienna,
352 1308 505 1341 nostro
529 1302 799 1340 cridenziaro
825 1308 868 1340 et
889 1302 1130 1352 portinaro,
1155 1315 1243 1340 non
1259 1301 1463 1340 hauendo
1486 1302 1595 1340 altro
1619 1308 1651 1339 ἃ.

78 1375 109 1413 ΙΙ
146 1375 195 1413 D.
221 1374 414 1412 Henrico
447 1376 459 1395 ²
495 1374 530 1411 si
560 1378 719 1412 truoua
748 1386 826 1423 per
861 1373 1002 1424 gratia
1032 1374 1164 1421 bene3
1200 1374 1256 1411 ha
1289 1373 1517 1424 predicato
1554 1378 1710 1423 questa

78 1446 321 1497 quaresima
347 1458 371 1483 a
391 1445 432 1484 S.
464 1445 667 1484 Serenita
690 1445 793 1496 ogni
823 1445 1057 1483 settimana
1085 1449 1152 1483 tre
1175 1446 1297 1483 uolte
1328 1446 1399 1483 nel
1431 1446 1630 1491 castello,
1666 1450 1710 1482 et

78 1517 175 1555 loco
198 1515 416 1555 corollarii
436 1516 479 1554 in
506 1520 619 1554 tutte
642 1517 682 1555 le
712 1516 922 1566 prediche
945 1517 999 1554 ha
1020 1516 1247 1555 dicharato
1270 1517 1456 1554 alchune
1479 1528 1583 1555 cose
1607 1516 1711 1554 delli

81 1587 341 1626 sacramenti
362 1600 446 1626 con
467 1600 573 1639 gran
594 1588 730 1626 frutto
750 1593 795 1625 et
815 1587 1132 1635 satisfactione,
1152 1587 1440 1626 truouandosi
1456 1587 1513 1625 iui
1536 1600 1709 1638 sempre

80 1660 123 1697 S.
147 1658 361 1697 Serenita.
387 1658 443 1696 M.
464 1659 730 1697 Wenceslao
753 1672 841 1697 non
863 1659 898 1697 si
925 1659 1116 1697 lamenta
1136 1659 1207 1710 pin
1230 1659 1379 1697 niente
1401 1661 1429 1695 ⁸:
1454 1658 1629 1696 laudato
1648 1657 1711 1696 sia

80 1731 108 1769 il
129 1730 303 1782 Sign0r;
328 1735 371 1768 et
392 1731 565 1769 benche
588 1731 627 1768 al
650 1730 791 1768 Padre
815 1730 1083 1782 prouinciale
1107 1743 1191 1769 con
1213 1744 1320 1782 gran
1337 1730 1550 1769 difficulta
1571 1731 1712 1768 hauea

78 1815 303 1854 promesso
336 1802 379 1840 di
408 1802 562 1841 uolere
593 1803 786 1841 anchora
814 1802 1043 1853 predicare
1077 1808 1121 1841 et
1155 1802 1339 1840 insieme
1374 1803 1559 1853 leggere
1594 1801 1653 1840 fin
1687 1814 1712 1839 a

79 1874 238 1924 pascha
258 1874 322 1923 (et
343 1887 384 1925 q.
409 1873 450 1912 d.
476 1873 610 1924 dopoi
631 1886 717 1912 non
739 1872 845 1924 pin),
864 1887 942 1925 pur
961 1872 1119 1912 adesso
1137 1886 1224 1912 non
1243 1873 1441 1924 significa
1456 1873 1605 1911 niente
1629 1874 1710 1910 che

77 1943 106 1982 li
126 1945 189 1983 sia
208 1944 279 1995 pisi
301 1943 481 1983 difficile
505 1944 545 1982 la
560 1944 742 1995 predica
763 1957 847 1983 con
864 1945 905 1983 le
927 1944 1114 1983 lettioni.
1134 1945 1181 1983 Io
1200 1945 1241 1983 lo
1260 1945 1422 1983 lassaro
1440 1957 1617 1995 passare
1640 1957 1710 1982 an-

81 2016 213 2055 chora
241 2018 378 2055 molte
400 2017 564 2069 pasche
587 2029 718 2055 sensa
739 2016 868 2068 dirgli
897 2017 1064 2064 niente,
1098 2029 1145 2055 se
1166 2030 1245 2068 pur
1277 2019 1372 2055 sara
1392 2015 1451 2054 lui
1482 2021 1710 2059 content0;

80 2093 123 2126 et
145 2100 271 2139 spero
295 2089 377 2127 che
400 2088 553 2127 s’aiuta
575 2101 659 2126 con
680 2088 721 2126 le
745 2087 933 2126 orationi
954 2087 1070 2126 della
1100 2089 1148 2126 R.
1173 2089 1224 2127 V.
1252 2094 1297 2126 et
1317 2086 1360 2125 di
1380 2087 1482 2126 tutti
1512 2088 1541 2126 li
1571 2101 1711 2126 roma-

78 2158 120 2197 ni
138 2159 173 2198 b.
198 2160 397 2198 Hauemo
419 2162 503 2211 qua
521 2160 575 2198 M.
600 2158 802 2198 Gerardo
824 2164 853 2207 ⁴,
885 2165 1038 2198 nostro
1061 2159 1257 2198 ministro
1282 2165 1326 2198 et
1348 2161 1484 2199 molto
1508 2159 1630 2208 utile;
1653 2160 1709 2197 ho

78 2243 211 2281 paura
231 2231 312 2269 che
343 2244 431 2270 non
463 2231 498 2270 si
520 2231 691 2270 chiama
711 2231 883 2269 altroue
905 2230 1019 2269 dalla
1041 2232 1088 2269 R.
1114 2233 1166 2270 V.
1190 2231 1327 2270 Certo
1352 2233 1374 2270 e
1398 2231 1479 2270 che
1503 2244 1633 2270 sensa
1654 2230 1712 2268 lui

81 2314 178 2339 oun
199 2302 309 2340 altro
342 2302 529 2353 meglior
558 2314 647 2340 non
678 2306 870 2340 staremo
893 2302 967 2353 qui
987 2301 1029 2339 in
1061 2303 1204 2353 Prago
1236 2303 1374 2341 molto
1406 2302 1546 2341 conzi.
1572 2303 1713 2353 Praga

80 2372 152 2411 uol
172 2373 212 2411 la
232 2378 412 2421 mostra,
436 2373 560 2412 molti
582 2371 785 2420 orationi,
809 2372 913 2411 belli
935 2373 1053 2411 uersi
1075 2377 1118 2411 et
1146 2373 1218 2423 pisi
1247 2373 1352 2411 belli
1374 2373 1551 2424 dialogi.
1576 2373 1710 2411 Tutto

127 2530 145 2548 ἃ
165 2522 289 2569 Quae
306 2522 361 2560 de
379 2522 613 2560 Camerino
633 2525 674 2559 et
689 2522 879 2568 hispano
898 2523 1039 2559 tirone
1056 2522 1283 2565 dicuntur,
1311 2523 1486 2560 inclusa
1517 2525 1623 2560 sunt
1652 2524 1713 2559 in-

80 2583 143 2618 ter
159 2591 305 2619 uncos.
360 2584 425 2608 —b
442 2582 566 2628 Quae
579 2582 635 2620 de
657 2581 901 2619 Wenceslao
916 2581 1035 2618 dicta
1054 2585 1172 2627 sunt,
1193 2583 1320 2619 uncis
1335 2583 1468 2619 etiam
1484 2586 1589 2619 sunt
1603 2593 1711 2619 com-

78 2641 304 2685 prehensa.

127 2786 136 2805 ¹
188 2785 238 2822 P.
262 2785 410 2824 Petrus
428 2785 635 2824 Canisius.

125 2844 140 2866 '
187 2845 237 2883 P.
262 2845 467 2884 Henricus
483 2845 739 2884 Blissemius.

125 2905 138 2926 ⁸
187 2905 462 2943 Wenceslaus
481 2905 686 2942 Sturmius
705 2918 897 2953 magnam
916 2906 1197 2946 difficultatem
1218 2907 1255 2942 in
1277 2906 1544 2943 contionando
1569 2918 1710 2952 exper-

78 2967 143 3002 tus
161 2970 265 3002 erat.
291 2965 359 3003 Cf.
384 2965 745 3010 BRAUNSBERGER‚
766 2966 798 3001 l.
822 2979 880 3007 c..
903 2966 952 3007 11,
973 2967 1075 3004 44οΗ

125 3023 141 3045 ⁴
188 3025 239 3062 Ρ.
264 3023 475 3063 Gerardus
493 3025 735 3068 Wertenus,
757 3025 806 3062 de
823 3038 902 3072 quo
920 3039 1060 3074 supra.
