1908 3446
173 291 243 329 528
640 287 859 329 LITTERAE
886 289 1239 337 QUADmMEsTREs

125 395 376 445 putationes
410 395 690 445 theologicae
727 408 777 433 ac
812 395 1140 446 philosophicae
1175 408 1325 433 mense
1366 392 1550 433 Octobri
1574 391 1750 432 habitae

127 479 214 504 non
235 479 384 517 parum
407 467 680 504 auctoritatis
715 467 926 506 Societati
963 467 1263 504 conciliarunt.
1302 465 1545 505 Comoedia
1578 476 1752 515 quoque

127 538 212 585 illa,
236 538 508 576 Christolaus
530 537 748 588 inscripta,
775 544 818 576 et
839 538 1045 588 graphice
1081 551 1184 576 sane
1218 538 1408 575 omnium
1438 536 1647 587 suffragio
1680 548 1753 573 ex-

127 610 277 656 hibita,
310 610 485 647 multam
517 610 699 660 gratiam
730 609 843 660 apud
873 610 1097 647 Aruernos
1126 609 1327 647 obtinuit.
1352 609 1553 659 Aegloga
1579 619 1753 658 quoque

128 681 182 719 de
206 682 366 720 Christi
387 681 601 719 natalibus
624 681 817 719 exhibita
839 694 984 719 coram
1007 681 1184 719 domino
1218 681 1426 731 episcopo
1456 680 1578 729 ferijs
1605 678 1754 716 natali·

128 752 201 801 tijs
221 766 308 790 non
329 765 479 802 parum
503 752 784 790 circunstanti
807 765 997 790 coronae
1019 752 1195 802 placuit.
1220 751 1466 790 Praelectio
1502 749 1757 801 theologica

130 823 419 873 frequentiori
449 823 697 861 auditorum
729 824 934 861 confluxu
969 822 1219 869 decoratur,
1252 835 1378 871 quam
1413 822 1625 860 hactenus
1656 832 1756 858 con-

129 899 302 931 suetum
339 899 445 931 erat.
485 894 625 943 Quam
654 894 901 944 nuperrime
934 893 987 931 ad
1017 893 1268 931 vmbilicum
1289 893 1501 943 perducta
1523 891 1758 930 estabeati

128 965 247 1014 Paulj
272 965 325 1003 ad
347 966 562 1016 Ephesios
593 966 794 1016 epistola3
824 965 1035 1003 intermisi
1066 965 1122 1003 ob
1149 965 1451 1013 jmminentem
1479 962 1758 1014 quadragesi-

129 1048 225 1074 mae
250 1036 586 1086 occupationem
609 1036 924 1087 euangelicam.
950 1036 1074 1073 Faxit
1095 1035 1310 1081 Christus,
1334 1040 1381 1072 vt
1400 1046 1607 1072 numerus
1636 1046 1758 1084 prae-

131 1113 360 1158 ceptorum
390 1120 487 1145 cum
518 1106 829 1157 discipulorum
859 1107 986 1144 turba
1016 1105 1273 1157 propediem
1304 1109 1473 1144 crescat
1502 1104 1556 1142 ad
1585 1103 1758 1142 vberio-

131 1191 223 1216 rem
244 1191 435 1217 messem
457 1178 749 1229 colligendam
769 1178 811 1216 in
833 1179 1039 1216 horreum
1062 1177 1237 1217 Christi.

189 1258 226 1298 5.
287 1251 339 1288 D.
363 1250 571 1288 Nicolaus
593 1249 823 1314 Lietardus
846 1249 1117 1299 lotharingus
1139 1249 1359 1287 Lutetiam
1388 1245 1518 1296 studij
1540 1247 1560 1272 b
1588 1246 1759 1284 theolo-

130 1322 218 1374 gici
239 1321 379 1373 gratia
400 1320 619 1360 concessit
647 1321 909 1358 auctoritate
940 1332 1092 1358 sacrae
1124 1317 1418 1358 obedientiae.
1444 1319 1496 1356 D.
1520 1318 1760 1356 Robertum

131 1395 186 1433 de
207 1394 381 1443 Lanoys
402 1392 577 1430 reduxit
599 1393 645 1430 P.
669 1391 963 1442 prouincialis,
987 1391 1058 1440 qui
1080 1391 1165 1428 huc
1185 1402 1353 1428 annuae
1375 1388 1636 1427 visitationis
1666 1399 1760 1438 gra-

131 1466 193 1504 tia
211 1470 397 1503 venerat
418 1464 498 1502 sub
526 1463 784 1510 Octobrem,
817 1463 859 1500 in
890 1463 1013 1501 cuius
1042 1463 1187 1500 locum
1218 1461 1335 1499 misit
1365 1462 1420 1499 M.
1453 1460 1658 1499 Carolum
1687 1460 1760 1498 Sa-

131 1538 240 1589 gier,
281 1535 519 1588 picardum,
559 1536 630 1586 qui
671 1534 891 1573 secundae
928 1534 1054 1572 classi
1088 1533 1274 1572 idoneus
1312 1533 1432 1571 visus
1468 1537 1550 1570 est.
1592 1532 1759 1581 Itaque,

130 1610 275 1656 Pater,
311 1607 547 1660 optandum
576 1607 702 1645 nobis
733 1612 815 1653 est,
848 1611 896 1644 vt
926 1606 1012 1644 duo
1043 1611 1118 1643 aut
1148 1611 1239 1643 tres
1268 1608 1582 1655 praeceptores
1608 1608 1760 1641 nostro

129 1693 313 1720 numero
349 1680 576 1725 addantur,
613 1679 784 1717 ratione
817 1678 972 1716 turbae
1009 1677 1319 1727 discipulorum
1353 1675 1515 1722 habita,
1553 1687 1683 1724 quum
1719 1673 1761 1711 in

132 1754 282 1805 quinta
303 1753 442 1791 classe
465 1750 662 1801 discipulj
685 1763 913 1788 numerum
936 1749 1155 1788 excedant
1185 1748 1476 1787 ducentorum
1506 1744 1762 1796 quadragin-

133 1830 191 1872 ta,
215 1825 256 1862 in
279 1828 406 1862 sexta
434 1823 562 1861 facile
592 1827 784 1868 centum,
817 1821 860 1858 in
886 1826 1039 1871 quarta
1069 1820 1397 1870 sesquicentum
1427 1816 1617 1856 docendi
1637 1816 1763 1854 vnius

135 1894 437 1946 praeceptoris
472 1905 586 1932 voce
622 1893 722 1939 sint;
756 1892 803 1942 jn
838 1891 1136 1942 superioribus
1170 1902 1347 1940 quoque
1381 1889 1518 1927 tribus
1554 1886 1763 1925 classibus

135 1966 322 2005 maxima
356 1964 590 2003 multitudo
626 1963 751 2002 adsit.
790 1962 980 2001 Proinde
1016 1961 1143 2000 R.d³1¹1
1177 1962 1297 1999 P.‘e¹11
1328 1966 1446 1998 tuam
1481 1959 1763 1998 obsecratam

139 2051 328 2085 oramus,
353 2043 401 2076 vt
417 2038 464 2075 P.
498 2036 685 2075 rectoris
714 2041 845 2086 atque
863 2034 975 2073 adeo
994 2033 1188 2072 vniuersi
1205 2032 1380 2083 collegij
1399 2031 1515 2069 votis
1537 2030 1764 2081 suffragari

137 2111 356 2161 dignetur,
381 2109 453 2147 vbi
473 2108 657 2159 primum
680 2119 727 2145 se
763 2106 923 2144 offeret
958 2105 1158 2143 mittendi
1189 2103 1492 2142 commoditas.
1525 2102 1660 2141 Certe
1690 2101 1764 2140 vix

136 2181 221 2220 dici
251 2187 383 2231 queat
411 2192 539 2230 quam
569 2179 726 2216 floreat
757 2177 907 2215 schola
935 2182 1100 2223 nostra,
1135 2181 1179 2213 et
1208 2180 1411 2226 quantam
1433 2173 1763 2212 admirationem

138 2254 305 2292 excitet
326 2252 562 2290 Societatis
583 2250 831 2289 indefessus
852 2249 986 2286 labor.
1011 2248 1151 2297 Quam
1180 2246 1407 2298 pulchrum
1439 2250 1505 2283 est
1532 2244 1763 2295 discipulo-

137 2338 231 2363 rum
257 2323 659 2375 frequentissimum
691 2321 872 2359 chorum
893 2319 1039 2358 altaris
1061 2318 1274 2357 sacrificio
1298 2322 1412 2356 stata
1431 2317 1540 2355 hora
1560 2316 1765 2354 assisten-

136 2402 226 2435 tem
249 2409 345 2434 cum
381 2407 547 2433 summa
580 2391 797 2431 modestia
831 2394 1030 2429 cernere!
1070 2389 1232 2440 Quanti
1265 2390 1433 2427 fructus
1468 2392 1535 2426 est
1568 2393 1764 2424 teneram

141 2480 235 2506 eam
263 2467 542 2516 juuentutem
574 2463 808 2502 christiana
836 2460 1001 2512 pietate
1032 2461 1085 2499 ab
1107 2461 1285 2498 ineunte
1316 2463 1462 2497 aetate
1482 2457 1681 2496 imbuere
1711 2455 1765 2493 ad

138 2537 301 2577 Christi
316 2538 421 2587 Jesu
443 2535 716 2585 obsequium,
740 2537 871 2582 atque
893 2532 1005 2570 adeo
1024 2531 1283 2570 orthodoxis
1305 2529 1497 2568 moribus
1518 2527 1762 2566 instituere!

141 2607 303 2658 Quanti
322 2612 448 2658 putas
471 2606 756 2645 emolumenti
778 2608 844 2642 est
874 2603 1071 2641 studiosa
1099 2603 1170 2640 illa
1189 2602 1368 2640 fratrum
1397 2613 1486 2638 non
1515 2599 1652 2637 semel
1683 2597 1765 2635 sin-

140 2681 254 2732 gulis
275 2677 626 2718 hebdomadibus
647 2677 857 2724 visitatio,
883 2688 968 2727 qua
1001 2675 1043 2713 in
1065 2674 1212 2713 officio
1249 2677 1510 2712 coercentur
1545 2669 1764 2721 paedago-

139 2753 183 2804 gi
205 2764 311 2802 erga
331 2749 630 2789 concreditam
652 2749 732 2787 sibi
752 2748 1045 2798 juuentutem!
1070 2745 1197 2784 Faxit
1217 2744 1432 2790 Christus,
1455 2748 1504 2781 vt
1519 2740 1764 2780 accuratius

140 2835 313 2874 semper
335 2833 516 2860 munera
544 2820 737 2859 iniuncta
766 2820 968 2858 Societas
1000 2818 1133 2856 obeat
1163 2816 1217 2854 ad
1248 2815 1387 2854 omnis
1417 2813 1590 2860 aetatis,
1614 2825 1761 2859 sexus,

140 2893 303 2934 ordinis
325 2891 513 2942 denique
534 2891 781 2942 profectum
803 2890 1055 2941 spiritalem,
1074 2887 1234 2939 quippe
1257 2887 1379 2925 cuius
1400 2884 1586 2923 instituti
1609 2883 1765 2922 omnis-

138 2977 224 3016 que
245 2965 363 3003 vitae
386 2975 546 3013 scopus
568 2962 766 3001 Christus
788 2966 856 2999 est
878 2965 923 2999 et
945 2959 1186 2998 communis
1209 2957 1401 2996 omnium
1421 2955 1556 2994 salus.

190 3096 209 3115 a
248 3101 308 3132 est
326 3094 505 3132 videtur
520 3091 624 3130 add.
647 3092 738 3128 alia
759 3101 912 3127 manu.
965 3090 1031 3114 —b
1052 3088 1188 3125 Prius
1206 3087 1363 3135 studijs.
