<?xml version="1.0" encoding="UTF-8"?>
<!DOCTYPE html PUBLIC "-//W3C//DTD XHTML 1.0 Transitional//EN"
    "http://www.w3.org/TR/xhtml1/DTD/xhtml1-transitional.dtd">
<html xmlns="http://www.w3.org/1999/xhtml" xml:lang="en" lang="en">
 <head>
  <title>
</title>
<meta http-equiv="Content-Type" content="text/html;charset=utf-8" />
  <meta name='ocr-system' content='tesseract 3.04.00' />
  <meta name='ocr-capabilities' content='ocr_page ocr_carea ocr_par ocr_line ocrx_word'/>
</head>
<body>
  <div class='ocr_page' id='page_1' title='image "./litteraequadrime1806lain_0436.png"; bbox 0 0 1908 3446; ppageno 0'>
   <div class='ocr_carea' id='block_1_1' title="bbox 1867 0 1908 139">
    <p class='ocr_par' dir='ltr' id='par_1_1' title="bbox 1867 0 1908 171">
     <span class='ocr_line' id='line_1_1' title="bbox 1867 0 1908 139; baseline 0 32"><span class='ocrx_word' id='word_1_1' title='bbox 1867 0 1908 139; x_wconf 58' lang='lat'>³1</span> 
     </span>
    </p>
   </div>
   <div class='ocr_carea' id='block_1_2' title="bbox 278 148 1908 270">
    <p class='ocr_par' dir='ltr' id='par_1_2' title="bbox 278 148 1908 270">
     <span class='ocr_line' id='line_1_2' title="bbox 278 148 1908 270; baseline -0.006 -15"><span class='ocrx_word' id='word_1_2' title='bbox 278 217 348 255; x_wconf 75' lang='grc'>416</span> <span class='ocrx_word' id='word_1_3' title='bbox 768 215 986 254; x_wconf 75' lang='lat' dir='ltr'><strong>LITTERAE</strong></span> <span class='ocrx_word' id='word_1_4' title='bbox 1013 214 1373 260; x_wconf 80' lang='lat' dir='ltr'>QUADRIMESTRES</span> <span class='ocrx_word' id='word_1_5' title='bbox 1882 216 1883 270; x_wconf 59' lang='lat' dir='ltr'><strong>j</strong></span> <span class='ocrx_word' id='word_1_6' title='bbox 1898 148 1908 238; x_wconf 69' lang='lat' dir='ltr'>i</span> 
     </span>
    </p>
   </div>
   <div class='ocr_carea' id='block_1_3' title="bbox 233 315 1908 2439">
    <p class='ocr_par' dir='ltr' id='par_1_3' title="bbox 233 315 1908 511">
     <span class='ocr_line' id='line_1_3' title="bbox 233 315 1908 371; baseline -0.004 -12"><span class='ocrx_word' id='word_1_7' title='bbox 233 333 403 371; x_wconf 85' lang='lat' dir='ltr'>quaque</span> <span class='ocrx_word' id='word_1_8' title='bbox 437 319 717 359; x_wconf 89' lang='lat' dir='ltr'>hebdomada</span> <span class='ocrx_word' id='word_1_9' title='bbox 752 323 1024 358; x_wconf 85' lang='lat' dir='ltr'>sacramenta</span> <span class='ocrx_word' id='word_1_10' title='bbox 1054 316 1365 363; x_wconf 81' lang='lat' dir='ltr'>ministrantur,</span> <span class='ocrx_word' id='word_1_11' title='bbox 1391 315 1680 354; x_wconf 88' lang='lat' dir='ltr'>ducentorum</span> <span class='ocrx_word' id='word_1_12' title='bbox 1710 327 1852 354; x_wconf 86' lang='lat' dir='ltr'>nume·</span> <span class='ocrx_word' id='word_1_13' title='bbox 1882 315 1908 356; x_wconf 55' lang='lat' dir='ltr'>w!</span> 
     </span>
     <span class='ocr_line' id='line_1_4' title="bbox 234 386 1905 440; baseline -0.004 -11"><span class='ocrx_word' id='word_1_14' title='bbox 234 405 327 429; x_wconf 91' lang='lat' dir='ltr'>rum</span> <span class='ocrx_word' id='word_1_15' title='bbox 350 391 586 429; x_wconf 84' lang='lat' dir='ltr'>excedunt.</span> <span class='ocrx_word' id='word_1_16' title='bbox 612 392 699 429; x_wconf 89' lang='lat' dir='ltr'>Eos</span> <span class='ocrx_word' id='word_1_17' title='bbox 723 391 852 428; x_wconf 91' lang='lat' dir='ltr'>etiam</span> <span class='ocrx_word' id='word_1_18' title='bbox 875 390 946 440; x_wconf 90' lang='lat' dir='ltr'>qui</span> <span class='ocrx_word' id='word_1_19' title='bbox 969 388 1218 427; x_wconf 74' lang='lat' dir='ltr'><strong>carceribus</strong></span> <span class='ocrx_word' id='word_1_20' title='bbox 1241 387 1507 433; x_wconf 82' lang='lat' dir='ltr'>detinentur,</span> <span class='ocrx_word' id='word_1_21' title='bbox 1542 386 1675 435; x_wconf 90' lang='lat' dir='ltr'>ijdem</span> <span class='ocrx_word' id='word_1_22' title='bbox 1707 386 1854 426; x_wconf 87' lang='lat' dir='ltr'>Patres</span> <span class='ocrx_word' id='word_1_23' title='bbox 1882 408 1905 423; x_wconf 69' lang='lat' dir='ltr'>-J</span> 
     </span>
     <span class='ocr_line' id='line_1_5' title="bbox 235 460 1166 511; baseline -0.004 -10"><span class='ocrx_word' id='word_1_24' title='bbox 235 464 440 511; x_wconf 88' lang='lat' dir='ltr'>inuisunt,</span> <span class='ocrx_word' id='word_1_25' title='bbox 467 470 510 501; x_wconf 92' lang='lat' dir='ltr'>et</span> <span class='ocrx_word' id='word_1_26' title='bbox 530 464 549 482; x_wconf 65' lang='lat' dir='ltr'>a</span> <span class='ocrx_word' id='word_1_27' title='bbox 571 463 922 501; x_wconf 71' lang='lat' dir='ltr'>confessionibus</span> <span class='ocrx_word' id='word_1_28' title='bbox 944 460 1166 498; x_wconf 85' lang='lat' dir='ltr'>adiuuant.</span> 
     </span>
    </p>

    <p class='ocr_par' dir='ltr' id='par_1_4' title="bbox 236 530 1908 1284">
     <span class='ocr_line' id='line_1_6' title="bbox 289 530 1908 589; baseline -0.005 -15"><span class='ocrx_word' id='word_1_29' title='bbox 289 546 326 573; x_wconf 88' lang='lat'>2.</span> <span class='ocrx_word' id='word_1_30' title='bbox 387 535 615 573; x_wconf 75' lang='lat' dir='ltr'><em>Habemus</em></span> <span class='ocrx_word' id='word_1_31' title='bbox 640 534 687 572; x_wconf 80' lang='lat' dir='ltr'>in</span> <span class='ocrx_word' id='word_1_32' title='bbox 708 533 861 573; x_wconf 74' lang='lat' dir='ltr'>edibus</span> <span class='ocrx_word' id='word_1_33' title='bbox 881 531 1047 571; x_wconf 79' lang='lat' dir='ltr'>nostris</span> <span class='ocrx_word' id='word_1_34' title='bbox 1076 531 1188 568; x_wconf 77' lang='lat' dir='ltr'>duas</span> <span class='ocrx_word' id='word_1_35' title='bbox 1217 531 1236 554; x_wconf 74' lang='lat' dir='ltr'>b</span> <span class='ocrx_word' id='word_1_36' title='bbox 1259 530 1515 575; x_wconf 81' lang='lat' dir='ltr'>societates3</span> <span class='ocrx_word' id='word_1_37' title='bbox 1547 541 1678 589; x_wconf 75' lang='lat' dir='ltr'>Vnam</span> <span class='ocrx_word' id='word_1_38' title='bbox 1710 540 1855 567; x_wconf 92' lang='lat' dir='ltr'>eorum</span> <span class='ocrx_word' id='word_1_39' title='bbox 1883 533 1908 566; x_wconf 52' lang='grc' dir='ltr'><em>Ἃ</em></span> 
     </span>
     <span class='ocr_line' id='line_1_7' title="bbox 236 596 1855 657; baseline -0.004 -12"><span class='ocrx_word' id='word_1_40' title='bbox 236 607 429 656; x_wconf 91' lang='lat' dir='ltr'>quisunt</span> <span class='ocrx_word' id='word_1_41' title='bbox 449 606 707 657; x_wconf 80' lang='lat' dir='ltr'>grandiores</span> <span class='ocrx_word' id='word_1_42' title='bbox 729 610 845 651; x_wconf 88' lang='lat' dir='ltr'>natu,</span> <span class='ocrx_word' id='word_1_43' title='bbox 873 604 942 654; x_wconf 90' lang='lat' dir='ltr'>qui</span> <span class='ocrx_word' id='word_1_44' title='bbox 975 614 1141 641; x_wconf 87' lang='lat' dir='ltr'>summa</span> <span class='ocrx_word' id='word_1_45' title='bbox 1171 614 1269 639; x_wconf 89' lang='lat' dir='ltr'>cum</span> <span class='ocrx_word' id='word_1_46' title='bbox 1299 599 1465 651; x_wconf 91' lang='lat' dir='ltr'>pietate</span> <span class='ocrx_word' id='word_1_47' title='bbox 1499 599 1678 650; x_wconf 91' lang='lat' dir='ltr'>singulis</span> <span class='ocrx_word' id='word_1_48' title='bbox 1707 596 1855 638; x_wconf 89' lang='lat' dir='ltr'>diebus</span> 
     </span>
     <span class='ocr_line' id='line_1_8' title="bbox 238 669 1857 726; baseline -0.004 -11"><span class='ocrx_word' id='word_1_49' title='bbox 238 677 377 724; x_wconf 81' lang='lat' dir='ltr'>festis,</span> <span class='ocrx_word' id='word_1_50' title='bbox 416 689 542 715; x_wconf 85' lang='lat' dir='ltr'>mane</span> <span class='ocrx_word' id='word_1_51' title='bbox 584 680 627 714; x_wconf 91' lang='lat' dir='ltr'>et</span> <span class='ocrx_word' id='word_1_52' title='bbox 667 676 858 726; x_wconf 81' lang='lat' dir='ltr'>vesperi,</span> <span class='ocrx_word' id='word_1_53' title='bbox 897 672 1172 712; x_wconf 68' lang='lat' dir='ltr'>conueniunt</span> <span class='ocrx_word' id='word_1_54' title='bbox 1208 679 1224 696; x_wconf 82' lang='lat'><em>0</em></span> <span class='ocrx_word' id='word_1_55' title='bbox 1259 671 1313 709; x_wconf 89' lang='lat' dir='ltr'>ad</span> <span class='ocrx_word' id='word_1_56' title='bbox 1348 669 1634 708; x_wconf 79' lang='lat' dir='ltr'>Beatissimae</span> <span class='ocrx_word' id='word_1_57' title='bbox 1674 669 1857 720; x_wconf 82' lang='lat' dir='ltr'>Virginis</span> 
     </span>
     <span class='ocr_line' id='line_1_9' title="bbox 238 739 1858 797; baseline -0.004 -11"><span class='ocrx_word' id='word_1_58' title='bbox 238 748 368 786; x_wconf 87' lang='lat' dir='ltr'>horas</span> <span class='ocrx_word' id='word_1_59' title='bbox 391 747 699 793; x_wconf 76' lang='lat' dir='ltr'>conciliandas,</span> <span class='ocrx_word' id='word_1_60' title='bbox 725 747 894 797; x_wconf 89' lang='lat' dir='ltr'>aliaque</span> <span class='ocrx_word' id='word_1_61' title='bbox 926 745 1071 783; x_wconf 88' lang='lat' dir='ltr'>munia</span> <span class='ocrx_word' id='word_1_62' title='bbox 1100 743 1154 781; x_wconf 90' lang='lat' dir='ltr'>ad</span> <span class='ocrx_word' id='word_1_63' title='bbox 1185 742 1353 781; x_wconf 88' lang='lat' dir='ltr'>animae</span> <span class='ocrx_word' id='word_1_64' title='bbox 1385 742 1570 780; x_wconf 86' lang='lat' dir='ltr'>salutem</span> <span class='ocrx_word' id='word_1_65' title='bbox 1600 739 1858 791; x_wconf 83' lang='lat' dir='ltr'>pertinentia</span> 
     </span>
     <span class='ocr_line' id='line_1_10' title="bbox 241 811 1888 869; baseline -0.004 -12"><span class='ocrx_word' id='word_1_66' title='bbox 241 818 457 857; x_wconf 89' lang='lat' dir='ltr'>obeunda.</span> <span class='ocrx_word' id='word_1_67' title='bbox 483 819 627 869; x_wconf 82' lang='lat' dir='ltr'>Atque</span> <span class='ocrx_word' id='word_1_68' title='bbox 649 819 759 855; x_wconf 88' lang='lat' dir='ltr'>haec</span> <span class='ocrx_word' id='word_1_69' title='bbox 790 817 981 855; x_wconf 87' lang='lat' dir='ltr'>societas</span> <span class='ocrx_word' id='word_1_70' title='bbox 1011 816 1070 853; x_wconf 84' lang='lat' dir='ltr'>ita</span> <span class='ocrx_word' id='word_1_71' title='bbox 1092 814 1331 853; x_wconf 90' lang='lat' dir='ltr'>constituta</span> <span class='ocrx_word' id='word_1_72' title='bbox 1353 818 1436 862; x_wconf 86' lang='lat' dir='ltr'>est,</span> <span class='ocrx_word' id='word_1_73' title='bbox 1460 824 1510 850; x_wconf 90' lang='lat' dir='ltr'>ac</span> <span class='ocrx_word' id='word_1_74' title='bbox 1531 817 1618 849; x_wconf 89' lang='lat' dir='ltr'>tam</span> <span class='ocrx_word' id='word_1_75' title='bbox 1640 811 1857 861; x_wconf 85' lang='lat' dir='ltr'>praeclare</span> <span class='ocrx_word' id='word_1_76' title='bbox 1885 851 1888 864; x_wconf 25' lang='lat' dir='ltr'>x</span> 
     </span>
     <span class='ocr_line' id='line_1_11' title="bbox 240 878 1887 940; baseline -0.006 -12"><span class='ocrx_word' id='word_1_77' title='bbox 240 891 281 928; x_wconf 90' lang='lat' dir='ltr'>in</span> <span class='ocrx_word' id='word_1_78' title='bbox 304 890 449 940; x_wconf 89' lang='lat' dir='ltr'>legem</span> <span class='ocrx_word' id='word_1_79' title='bbox 472 888 645 927; x_wconf 88' lang='lat' dir='ltr'>Domini</span> <span class='ocrx_word' id='word_1_80' title='bbox 666 888 843 935; x_wconf 85' lang='lat' dir='ltr'>affecta,</span> <span class='ocrx_word' id='word_1_81' title='bbox 867 893 912 925; x_wconf 92' lang='lat' dir='ltr'>ut</span> <span class='ocrx_word' id='word_1_82' title='bbox 935 887 1052 924; x_wconf 91' lang='lat' dir='ltr'>uitae</span> <span class='ocrx_word' id='word_1_83' title='bbox 1075 885 1278 935; x_wconf 84' lang='lat' dir='ltr'>exemplo</span> <span class='ocrx_word' id='word_1_84' title='bbox 1302 896 1353 921; x_wconf 90' lang='lat' dir='ltr'>ac</span> <span class='ocrx_word' id='word_1_85' title='bbox 1383 882 1608 933; x_wconf 81' lang='lat' dir='ltr'>religionis</span> <span class='ocrx_word' id='word_1_86' title='bbox 1631 881 1858 919; x_wconf 78' lang='lat' dir='ltr'>obseruari·</span> <span class='ocrx_word' id='word_1_87' title='bbox 1886 878 1887 882; x_wconf 68' lang='grc'>’</span> 
     </span>
     <span class='ocr_line' id='line_1_12' title="bbox 239 953 1859 1006; baseline -0.006 -7"><span class='ocrx_word' id='word_1_88' title='bbox 239 961 298 999; x_wconf 89' lang='lat' dir='ltr'>tia</span> <span class='ocrx_word' id='word_1_89' title='bbox 319 961 427 999; x_wconf 88' lang='lat' dir='ltr'>alios</span> <span class='ocrx_word' id='word_1_90' title='bbox 452 961 633 1006; x_wconf 84' lang='lat' dir='ltr'>excitet,</span> <span class='ocrx_word' id='word_1_91' title='bbox 659 964 702 997; x_wconf 94' lang='lat' dir='ltr'>et</span> <span class='ocrx_word' id='word_1_92' title='bbox 724 959 877 996; x_wconf 92' lang='lat' dir='ltr'>mirum</span> <span class='ocrx_word' id='word_1_93' title='bbox 899 958 940 995; x_wconf 92' lang='lat' dir='ltr'>in</span> <span class='ocrx_word' id='word_1_94' title='bbox 963 955 1139 995; x_wconf 90' lang='lat' dir='ltr'>modum</span> <span class='ocrx_word' id='word_1_95' title='bbox 1161 954 1335 993; x_wconf 90' lang='lat' dir='ltr'>alliciat.</span> <span class='ocrx_word' id='word_1_96' title='bbox 1361 953 1512 991; x_wconf 86' lang='lat' dir='ltr'>Altera</span> <span class='ocrx_word' id='word_1_97' title='bbox 1535 956 1600 991; x_wconf 88' lang='lat' dir='ltr'>est</span> <span class='ocrx_word' id='word_1_98' title='bbox 1629 964 1859 1003; x_wconf 90' lang='lat' dir='ltr'>puerorum</span> 
     </span>
     <span class='ocr_line' id='line_1_13' title="bbox 241 1024 1889 1082; baseline -0.006 -11"><span class='ocrx_word' id='word_1_99' title='bbox 241 1032 446 1079; x_wconf 71' lang='lat' dir='ltr'>societas,</span> <span class='ocrx_word' id='word_1_100' title='bbox 470 1044 654 1082; x_wconf 91' lang='lat' dir='ltr'>quorum</span> <span class='ocrx_word' id='word_1_101' title='bbox 675 1030 805 1068; x_wconf 86' lang='lat' dir='ltr'>animi</span> <span class='ocrx_word' id='word_1_102' title='bbox 827 1029 988 1067; x_wconf 84' lang='lat' dir='ltr'>sanctis</span> <span class='ocrx_word' id='word_1_103' title='bbox 1010 1025 1243 1065; x_wconf 84' lang='lat' dir='ltr'>virtutibus</span> <span class='ocrx_word' id='word_1_104' title='bbox 1273 1025 1400 1065; x_wconf 86' lang='lat' dir='ltr'>facile</span> <span class='ocrx_word' id='word_1_105' title='bbox 1421 1024 1686 1067; x_wconf 79' lang='lat' dir='ltr'>imbuuntur,</span> <span class='ocrx_word' id='word_1_106' title='bbox 1721 1035 1772 1061; x_wconf 89' lang='lat' dir='ltr'>ac</span> <span class='ocrx_word' id='word_1_107' title='bbox 1800 1035 1859 1061; x_wconf 88' lang='lat' dir='ltr'>sa·</span> <span class='ocrx_word' id='word_1_108' title='bbox 1887 1046 1889 1052; x_wconf 44' lang='grc' dir='ltr'><strong><em>ι</em></strong></span> 
     </span>
     <span class='ocr_line' id='line_1_14' title="bbox 241 1095 1889 1152; baseline -0.005 -10"><span class='ocrx_word' id='word_1_109' title='bbox 241 1103 475 1142; x_wconf 88' lang='lat' dir='ltr'>cramentis</span> <span class='ocrx_word' id='word_1_110' title='bbox 504 1101 835 1152; x_wconf 81' lang='lat' dir='ltr'>frequentandis</span> <span class='ocrx_word' id='word_1_111' title='bbox 865 1105 1138 1138; x_wconf 87' lang='lat' dir='ltr'>assuescunt.</span> <span class='ocrx_word' id='word_1_112' title='bbox 1164 1099 1220 1136; x_wconf 91' lang='lat' dir='ltr'>Hi</span> <span class='ocrx_word' id='word_1_113' title='bbox 1243 1099 1374 1136; x_wconf 89' lang='lat' dir='ltr'>etiam</span> <span class='ocrx_word' id='word_1_114' title='bbox 1396 1097 1518 1135; x_wconf 88' lang='lat' dir='ltr'>festis</span> <span class='ocrx_word' id='word_1_115' title='bbox 1540 1096 1696 1134; x_wconf 90' lang='lat' dir='ltr'>diebus</span> <span class='ocrx_word' id='word_1_116' title='bbox 1717 1095 1759 1133; x_wconf 91' lang='lat' dir='ltr'>in</span> <span class='ocrx_word' id='word_1_117' title='bbox 1779 1095 1860 1134; x_wconf 94' lang='lat' dir='ltr'>Do·</span> <span class='ocrx_word' id='word_1_118' title='bbox 1888 1114 1889 1152; x_wconf 71' lang='lat' dir='ltr'>j</span> 
     </span>
     <span class='ocr_line' id='line_1_15' title="bbox 241 1165 1860 1224; baseline -0.005 -11"><span class='ocrx_word' id='word_1_119' title='bbox 241 1174 342 1213; x_wconf 85' lang='lat' dir='ltr'>mini</span> <span class='ocrx_word' id='word_1_120' title='bbox 363 1173 501 1213; x_wconf 89' lang='lat' dir='ltr'>nostri</span> <span class='ocrx_word' id='word_1_121' title='bbox 524 1174 703 1224; x_wconf 86' lang='lat' dir='ltr'>eiusque</span> <span class='ocrx_word' id='word_1_122' title='bbox 726 1171 915 1223; x_wconf 90' lang='lat' dir='ltr'>Virginis</span> <span class='ocrx_word' id='word_1_123' title='bbox 937 1171 1086 1209; x_wconf 83' lang='lat' dir='ltr'>matris</span> <span class='ocrx_word' id='word_1_124' title='bbox 1114 1169 1281 1208; x_wconf 90' lang='lat' dir='ltr'>diuinas</span> <span class='ocrx_word' id='word_1_125' title='bbox 1312 1169 1464 1208; x_wconf 89' lang='lat' dir='ltr'>laudes</span> <span class='ocrx_word' id='word_1_126' title='bbox 1496 1165 1790 1206; x_wconf 91' lang='lat' dir='ltr'>decantandas</span> <span class='ocrx_word' id='word_1_127' title='bbox 1818 1166 1860 1205; x_wconf 89' lang='lat' dir='ltr'>li·</span> 
     </span>
     <span class='ocr_line' id='line_1_16' title="bbox 240 1246 735 1284; baseline -0.004 0"><span class='ocrx_word' id='word_1_128' title='bbox 240 1247 398 1284; x_wconf 92' lang='lat' dir='ltr'>benter</span> <span class='ocrx_word' id='word_1_129' title='bbox 419 1246 688 1283; x_wconf 90' lang='lat' dir='ltr'>incumbunt.</span> <span class='ocrx_word' id='word_1_130' title='bbox 710 1248 735 1282; x_wconf 68' lang='lat'>².</span> 
     </span>
    </p>

    <p class='ocr_par' dir='ltr' id='par_1_5' title="bbox 241 1310 1904 2439">
     <span class='ocr_line' id='line_1_17' title="bbox 294 1310 1861 1364; baseline -0.004 -9"><span class='ocrx_word' id='word_1_131' title='bbox 294 1328 331 1364; x_wconf 87' lang='lat'>3.</span> <span class='ocrx_word' id='word_1_132' title='bbox 392 1317 603 1355; x_wconf 82' lang='lat' dir='ltr'>Doctrina</span> <span class='ocrx_word' id='word_1_133' title='bbox 624 1315 857 1354; x_wconf 90' lang='lat' dir='ltr'>christiana</span> <span class='ocrx_word' id='word_1_134' title='bbox 879 1328 902 1352; x_wconf 89' lang='lat' dir='ltr'>a</span> <span class='ocrx_word' id='word_1_135' title='bbox 924 1316 1054 1352; x_wconf 85' lang='lat' dir='ltr'>Patre</span> <span class='ocrx_word' id='word_1_136' title='bbox 1076 1318 1252 1352; x_wconf 92' lang='lat' dir='ltr'>rectore</span> <span class='ocrx_word' id='word_1_137' title='bbox 1269 1312 1456 1351; x_wconf 88' lang='lat' dir='ltr'>antehac</span> <span class='ocrx_word' id='word_1_138' title='bbox 1476 1311 1519 1349; x_wconf 91' lang='lat' dir='ltr'>in</span> <span class='ocrx_word' id='word_1_139' title='bbox 1540 1310 1703 1360; x_wconf 89' lang='lat' dir='ltr'>templo</span> <span class='ocrx_word' id='word_1_140' title='bbox 1721 1310 1861 1361; x_wconf 90' lang='lat' dir='ltr'>pueris</span> 
     </span>
     <span class='ocr_line' id='line_1_18' title="bbox 244 1375 1891 1440; baseline -0.005 -13"><span class='ocrx_word' id='word_1_141' title='bbox 244 1390 475 1440; x_wconf 81' lang='lat' dir='ltr'>explanata</span> <span class='ocrx_word' id='word_1_142' title='bbox 507 1393 588 1435; x_wconf 88' lang='lat' dir='ltr'>est,</span> <span class='ocrx_word' id='word_1_143' title='bbox 622 1401 732 1438; x_wconf 82' lang='lat' dir='ltr'>quos</span> <span class='ocrx_word' id='word_1_144' title='bbox 763 1387 920 1425; x_wconf 87' lang='lat' dir='ltr'>fratres</span> <span class='ocrx_word' id='word_1_145' title='bbox 950 1386 1088 1424; x_wconf 83' lang='lat' dir='ltr'>nostri</span> <span class='ocrx_word' id='word_1_146' title='bbox 1118 1386 1159 1423; x_wconf 89' lang='lat' dir='ltr'>in</span> <span class='ocrx_word' id='word_1_147' title='bbox 1189 1384 1345 1435; x_wconf 86' lang='lat' dir='ltr'>plateis</span> <span class='ocrx_word' id='word_1_148' title='bbox 1376 1383 1546 1433; x_wconf 86' lang='lat' dir='ltr'>uijsque</span> <span class='ocrx_word' id='word_1_149' title='bbox 1576 1385 1756 1420; x_wconf 87' lang='lat' dir='ltr'>coactos</span> <span class='ocrx_word' id='word_1_150' title='bbox 1782 1381 1862 1419; x_wconf 89' lang='lat' dir='ltr'>huc</span> <span class='ocrx_word' id='word_1_151' title='bbox 1889 1375 1891 1403; x_wconf 66' lang='lat'>3</span> 
     </span>
     <span class='ocr_line' id='line_1_19' title="bbox 242 1451 1861 1508; baseline -0.006 -9"><span class='ocrx_word' id='word_1_152' title='bbox 242 1461 538 1507; x_wconf 67' lang='lat' dir='ltr'>deducebantg</span> <span class='ocrx_word' id='word_1_153' title='bbox 562 1459 640 1497; x_wconf 89' lang='lat' dir='ltr'>sed</span> <span class='ocrx_word' id='word_1_154' title='bbox 667 1460 753 1497; x_wconf 95' lang='lat' dir='ltr'>hoc</span> <span class='ocrx_word' id='word_1_155' title='bbox 774 1458 967 1497; x_wconf 89' lang='lat' dir='ltr'>aduentu</span> <span class='ocrx_word' id='word_1_156' title='bbox 999 1470 1075 1508; x_wconf 86' lang='lat' dir='ltr'>pro</span> <span class='ocrx_word' id='word_1_157' title='bbox 1108 1456 1307 1495; x_wconf 84' lang='lat' dir='ltr'>doctrina</span> <span class='ocrx_word' id='word_1_158' title='bbox 1328 1468 1352 1493; x_wconf 91' lang='lat' dir='ltr'>a</span> <span class='ocrx_word' id='word_1_159' title='bbox 1383 1455 1429 1493; x_wconf 87' lang='lat' dir='ltr'>P.</span> <span class='ocrx_word' id='word_1_160' title='bbox 1454 1453 1637 1492; x_wconf 88' lang='lat' dir='ltr'>Camillo</span> <span class='ocrx_word' id='word_1_161' title='bbox 1661 1454 1672 1473; x_wconf 81' lang='lat'><strong>²</strong></span> <span class='ocrx_word' id='word_1_162' title='bbox 1694 1451 1861 1491; x_wconf 92' lang='lat' dir='ltr'>concio-</span> 
     </span>
     <span class='ocr_line' id='line_1_20' title="bbox 241 1523 1892 1577; baseline -0.006 -7"><span class='ocrx_word' id='word_1_163' title='bbox 241 1544 320 1570; x_wconf 76' lang='lat' dir='ltr'>nes</span> <span class='ocrx_word' id='word_1_164' title='bbox 354 1533 569 1570; x_wconf 85' lang='lat' dir='ltr'>habentur</span> <span class='ocrx_word' id='word_1_165' title='bbox 604 1543 691 1569; x_wconf 88' lang='lat' dir='ltr'>non</span> <span class='ocrx_word' id='word_1_166' title='bbox 725 1530 818 1568; x_wconf 91' lang='lat' dir='ltr'>sine</span> <span class='ocrx_word' id='word_1_167' title='bbox 853 1529 1101 1567; x_wconf 91' lang='lat' dir='ltr'>auditorum</span> <span class='ocrx_word' id='word_1_168' title='bbox 1131 1528 1289 1573; x_wconf 88' lang='lat' dir='ltr'>fructu,</span> <span class='ocrx_word' id='word_1_169' title='bbox 1327 1525 1457 1577; x_wconf 89' lang='lat' dir='ltr'>idque</span> <span class='ocrx_word' id='word_1_170' title='bbox 1488 1538 1512 1563; x_wconf 88' lang='lat' dir='ltr'>a</span> <span class='ocrx_word' id='word_1_171' title='bbox 1541 1523 1738 1575; x_wconf 90' lang='lat' dir='ltr'>prandio,</span> <span class='ocrx_word' id='word_1_172' title='bbox 1769 1535 1861 1560; x_wconf 89' lang='lat' dir='ltr'>nam</span> <span class='ocrx_word' id='word_1_173' title='bbox 1890 1548 1892 1550; x_wconf 95' lang='lat'>-</span> 
     </span>
     <span class='ocr_line' id='line_1_21' title="bbox 242 1593 1862 1652; baseline -0.006 -11"><span class='ocrx_word' id='word_1_174' title='bbox 242 1616 368 1641; x_wconf 88' lang='lat' dir='ltr'>mane</span> <span class='ocrx_word' id='word_1_175' title='bbox 397 1602 439 1641; x_wconf 90' lang='lat' dir='ltr'>in</span> <span class='ocrx_word' id='word_1_176' title='bbox 470 1603 615 1640; x_wconf 89' lang='lat' dir='ltr'>multis</span> <span class='ocrx_word' id='word_1_177' title='bbox 645 1601 818 1652; x_wconf 90' lang='lat' dir='ltr'>templis</span> <span class='ocrx_word' id='word_1_178' title='bbox 847 1613 935 1638; x_wconf 92' lang='lat' dir='ltr'>non</span> <span class='ocrx_word' id='word_1_179' title='bbox 966 1601 1097 1650; x_wconf 91' lang='lat' dir='ltr'>longe</span> <span class='ocrx_word' id='word_1_180' title='bbox 1129 1612 1153 1637; x_wconf 93' lang='lat' dir='ltr'>a</span> <span class='ocrx_word' id='word_1_181' title='bbox 1182 1604 1333 1637; x_wconf 87' lang='lat' dir='ltr'>nostro</span> <span class='ocrx_word' id='word_1_182' title='bbox 1365 1596 1434 1645; x_wconf 88' lang='lat' dir='ltr'>alij</span> <span class='ocrx_word' id='word_1_183' title='bbox 1469 1595 1598 1634; x_wconf 89' lang='lat' dir='ltr'>etiam</span> <span class='ocrx_word' id='word_1_184' title='bbox 1628 1595 1694 1632; x_wconf 92' lang='lat' dir='ltr'>his</span> <span class='ocrx_word' id='word_1_185' title='bbox 1716 1593 1862 1632; x_wconf 90' lang='lat' dir='ltr'>diebus</span> 
     </span>
     <span class='ocr_line' id='line_1_22' title="bbox 243 1664 1897 1722; baseline -0.007 -9"><span class='ocrx_word' id='word_1_186' title='bbox 243 1676 572 1713; x_wconf 79' lang='lat' dir='ltr'>concionantur.</span> <span class='ocrx_word' id='word_1_187' title='bbox 598 1673 718 1711; x_wconf 89' lang='lat' dir='ltr'>Idem</span> <span class='ocrx_word' id='word_1_188' title='bbox 743 1674 788 1711; x_wconf 83' lang='lat' dir='ltr'>P.</span> <span class='ocrx_word' id='word_1_189' title='bbox 814 1677 961 1710; x_wconf 91' lang='lat' dir='ltr'>rector</span> <span class='ocrx_word' id='word_1_190' title='bbox 984 1671 1227 1709; x_wconf 89' lang='lat' dir='ltr'>doctrinam</span> <span class='ocrx_word' id='word_1_191' title='bbox 1251 1669 1270 1694; x_wconf 73' lang='lat' dir='ltr'>d</span> <span class='ocrx_word' id='word_1_192' title='bbox 1294 1668 1484 1719; x_wconf 86' lang='lat' dir='ltr'>explicat</span> <span class='ocrx_word' id='word_1_193' title='bbox 1513 1667 1555 1705; x_wconf 91' lang='lat' dir='ltr'>in</span> <span class='ocrx_word' id='word_1_194' title='bbox 1584 1665 1774 1717; x_wconf 89' lang='lat' dir='ltr'>hospitio</span> <span class='ocrx_word' id='word_1_195' title='bbox 1798 1664 1862 1702; x_wconf 92' lang='lat' dir='ltr'>ubi</span> <span class='ocrx_word' id='word_1_196' title='bbox 1896 1716 1897 1722; x_wconf 10' lang='grc' dir='ltr'>ἵ</span> 
     </span>
     <span class='ocr_line' id='line_1_23' title="bbox 243 1736 1860 1798; baseline -0.006 -14"><span class='ocrx_word' id='word_1_197' title='bbox 243 1752 428 1798; x_wconf 89' lang='lat' dir='ltr'>egentes</span> <span class='ocrx_word' id='word_1_198' title='bbox 456 1746 629 1797; x_wconf 88' lang='lat' dir='ltr'>puellae</span> <span class='ocrx_word' id='word_1_199' title='bbox 665 1758 716 1783; x_wconf 86' lang='lat' dir='ltr'>ac</span> <span class='ocrx_word' id='word_1_200' title='bbox 749 1750 977 1794; x_wconf 89' lang='lat' dir='ltr'>parentum</span> <span class='ocrx_word' id='word_1_201' title='bbox 1016 1741 1113 1781; x_wconf 68' lang='lat' dir='ltr'>uita</span> <span class='ocrx_word' id='word_1_202' title='bbox 1143 1740 1450 1793; x_wconf 78' lang='lat' dir='ltr'>praesidioque</span> <span class='ocrx_word' id='word_1_203' title='bbox 1482 1739 1662 1777; x_wconf 88' lang='lat' dir='ltr'>orbatae</span> <span class='ocrx_word' id='word_1_204' title='bbox 1685 1736 1860 1788; x_wconf 88' lang='lat' dir='ltr'>degunt,</span> 
     </span>
     <span class='ocr_line' id='line_1_24' title="bbox 242 1807 1862 1870; baseline -0.007 -14"><span class='ocrx_word' id='word_1_205' title='bbox 242 1831 353 1870; x_wconf 84' lang='lat' dir='ltr'>quae</span> <span class='ocrx_word' id='word_1_206' title='bbox 374 1823 461 1856; x_wconf 93' lang='lat' dir='ltr'>tam</span> <span class='ocrx_word' id='word_1_207' title='bbox 485 1818 666 1868; x_wconf 87' lang='lat' dir='ltr'>egregie</span> <span class='ocrx_word' id='word_1_208' title='bbox 689 1816 933 1855; x_wconf 84' lang='lat' dir='ltr'>christianis</span> <span class='ocrx_word' id='word_1_209' title='bbox 954 1814 1203 1865; x_wconf 90' lang='lat' dir='ltr'>praeceptis</span> <span class='ocrx_word' id='word_1_210' title='bbox 1224 1812 1522 1857; x_wconf 89' lang='lat' dir='ltr'>instituuntur,</span> <span class='ocrx_word' id='word_1_211' title='bbox 1547 1814 1594 1847; x_wconf 94' lang='lat' dir='ltr'>ut</span> <span class='ocrx_word' id='word_1_212' title='bbox 1621 1809 1722 1847; x_wconf 89' lang='lat' dir='ltr'>dum</span> <span class='ocrx_word' id='word_1_213' title='bbox 1753 1807 1862 1846; x_wconf 89' lang='lat' dir='ltr'>Patri</span> 
     </span>
     <span class='ocr_line' id='line_1_25' title="bbox 243 1880 1902 1928; baseline -0.007 0"><span class='ocrx_word' id='word_1_214' title='bbox 243 1895 393 1928; x_wconf 87' lang='lat' dir='ltr'>nostro</span> <span class='ocrx_word' id='word_1_215' title='bbox 416 1889 518 1927; x_wconf 90' lang='lat' dir='ltr'>illuc</span> <span class='ocrx_word' id='word_1_216' title='bbox 538 1887 770 1927; x_wconf 90' lang='lat' dir='ltr'>accedenti</span> <span class='ocrx_word' id='word_1_217' title='bbox 791 1887 1035 1925; x_wconf 88' lang='lat' dir='ltr'>doctrinam</span> <span class='ocrx_word' id='word_1_218' title='bbox 1060 1897 1211 1924; x_wconf 91' lang='lat' dir='ltr'>omnes</span> <span class='ocrx_word' id='word_1_219' title='bbox 1234 1884 1359 1922; x_wconf 92' lang='lat' dir='ltr'>simul</span> <span class='ocrx_word' id='word_1_220' title='bbox 1381 1881 1636 1921; x_wconf 86' lang='lat' dir='ltr'>memoriter</span> <span class='ocrx_word' id='word_1_221' title='bbox 1667 1880 1860 1926; x_wconf 86' lang='lat' dir='ltr'>recitant,</span> <span class='ocrx_word' id='word_1_222' title='bbox 1893 1883 1902 1928; x_wconf 13' lang='grc' dir='ltr'>’ῃ</span> 
     </span>
     <span class='ocr_line' id='line_1_26' title="bbox 244 1951 1900 2010; baseline -0.007 -11"><span class='ocrx_word' id='word_1_223' title='bbox 244 1967 330 1999; x_wconf 89' lang='lat' dir='ltr'>tarn</span> <span class='ocrx_word' id='word_1_224' title='bbox 348 1961 470 1998; x_wconf 91' lang='lat' dir='ltr'>suaui</span> <span class='ocrx_word' id='word_1_225' title='bbox 487 1971 734 2010; x_wconf 81' lang='lat' dir='ltr'>sonoraque</span> <span class='ocrx_word' id='word_1_226' title='bbox 751 1971 864 1997; x_wconf 90' lang='lat' dir='ltr'>uoce</span> <span class='ocrx_word' id='word_1_227' title='bbox 882 1957 1180 2009; x_wconf 88' lang='lat' dir='ltr'>pronuntient,</span> <span class='ocrx_word' id='word_1_228' title='bbox 1201 1961 1247 1993; x_wconf 90' lang='lat' dir='ltr'>ut</span> <span class='ocrx_word' id='word_1_229' title='bbox 1264 1953 1533 1993; x_wconf 90' lang='lat' dir='ltr'>audientium</span> <span class='ocrx_word' id='word_1_230' title='bbox 1551 1952 1681 1990; x_wconf 91' lang='lat' dir='ltr'>animi</span> <span class='ocrx_word' id='word_1_231' title='bbox 1702 1951 1862 1990; x_wconf 91' lang='lat' dir='ltr'>coeles·</span> <span class='ocrx_word' id='word_1_232' title='bbox 1897 1980 1900 1998; x_wconf 87' lang='grc'>,</span> 
     </span>
     <span class='ocr_line' id='line_1_27' title="bbox 244 2019 1899 2082; baseline -0.007 -11"><span class='ocrx_word' id='word_1_233' title='bbox 244 2034 274 2070; x_wconf 93' lang='lat' dir='ltr'>ti</span> <span class='ocrx_word' id='word_1_234' title='bbox 297 2032 481 2082; x_wconf 88' lang='lat' dir='ltr'>quadam</span> <span class='ocrx_word' id='word_1_235' title='bbox 502 2032 698 2069; x_wconf 89' lang='lat' dir='ltr'>armonia</span> <span class='ocrx_word' id='word_1_236' title='bbox 719 2029 1006 2076; x_wconf 88' lang='lat' dir='ltr'>commoueri,</span> <span class='ocrx_word' id='word_1_237' title='bbox 1038 2027 1359 2079; x_wconf 88' lang='lat' dir='ltr'>purissimoque</span> <span class='ocrx_word' id='word_1_238' title='bbox 1395 2025 1652 2076; x_wconf 90' lang='lat' dir='ltr'>angelorum</span> <span class='ocrx_word' id='word_1_239' title='bbox 1685 2034 1862 2061; x_wconf 90' lang='lat' dir='ltr'>concen-</span> <span class='ocrx_word' id='word_1_240' title='bbox 1894 2019 1899 2080; x_wconf 56' lang='lat' dir='ltr'><strong><em>J</em></strong></span> 
     </span>
     <span class='ocr_line' id='line_1_28' title="bbox 243 2092 1861 2142; baseline -0.006 -2"><span class='ocrx_word' id='word_1_241' title='bbox 243 2109 289 2141; x_wconf 93' lang='lat' dir='ltr'>tu</span> <span class='ocrx_word' id='word_1_242' title='bbox 326 2103 512 2142; x_wconf 90' lang='lat' dir='ltr'>coelitus</span> <span class='ocrx_word' id='word_1_243' title='bbox 548 2102 762 2141; x_wconf 88' lang='lat' dir='ltr'>oblectari</span> <span class='ocrx_word' id='word_1_244' title='bbox 796 2101 1042 2140; x_wconf 89' lang='lat' dir='ltr'>uideantur.</span> <span class='ocrx_word' id='word_1_245' title='bbox 1080 2100 1174 2138; x_wconf 91' lang='lat' dir='ltr'>Vna</span> <span class='ocrx_word' id='word_1_246' title='bbox 1210 2111 1264 2136; x_wconf 83' lang='lat' dir='ltr'>ex</span> <span class='ocrx_word' id='word_1_247' title='bbox 1299 2097 1366 2135; x_wconf 92' lang='lat' dir='ltr'>his</span> <span class='ocrx_word' id='word_1_248' title='bbox 1400 2097 1483 2134; x_wconf 89' lang='lat' dir='ltr'>iam</span> <span class='ocrx_word' id='word_1_249' title='bbox 1524 2092 1861 2141; x_wconf 86' lang='lat' dir='ltr'>adolescentula,</span> 
     </span>
     <span class='ocr_line' id='line_1_29' title="bbox 243 2163 1900 2227; baseline -0.007 -13"><span class='ocrx_word' id='word_1_250' title='bbox 243 2176 500 2227; x_wconf 88' lang='lat' dir='ltr'>grauissime</span> <span class='ocrx_word' id='word_1_251' title='bbox 528 2176 569 2213; x_wconf 90' lang='lat' dir='ltr'>in</span> <span class='ocrx_word' id='word_1_252' title='bbox 599 2176 716 2213; x_wconf 93' lang='lat' dir='ltr'>lecto</span> <span class='ocrx_word' id='word_1_253' title='bbox 745 2180 996 2225; x_wconf 87' lang='lat' dir='ltr'>aegrotans,</span> <span class='ocrx_word' id='word_1_254' title='bbox 1022 2185 1120 2211; x_wconf 87' lang='lat' dir='ltr'>cum</span> <span class='ocrx_word' id='word_1_255' title='bbox 1140 2183 1165 2209; x_wconf 87' lang='lat' dir='ltr'>a</span> <span class='ocrx_word' id='word_1_256' title='bbox 1186 2172 1316 2208; x_wconf 84' lang='lat' dir='ltr'>Patre</span> <span class='ocrx_word' id='word_1_257' title='bbox 1338 2168 1602 2207; x_wconf 89' lang='lat' dir='ltr'>inuiseretur</span> <span class='ocrx_word' id='word_1_258' title='bbox 1623 2166 1864 2216; x_wconf 87' lang='lat' dir='ltr'>sanctisque</span> <span class='ocrx_word' id='word_1_259' title='bbox 1894 2163 1900 2192; x_wconf 66' lang='lat'>3²</span> 
     </span>
     <span class='ocr_line' id='line_1_30' title="bbox 245 2231 1904 2292; baseline -0.008 -6"><span class='ocrx_word' id='word_1_260' title='bbox 245 2247 619 2289; x_wconf 89' lang='lat' dir='ltr'>consolationibus</span> <span class='ocrx_word' id='word_1_261' title='bbox 650 2246 972 2292; x_wconf 79' lang='lat' dir='ltr'>subleuaretur,</span> <span class='ocrx_word' id='word_1_262' title='bbox 1005 2241 1247 2282; x_wconf 89' lang='lat' dir='ltr'>admirabili</span> <span class='ocrx_word' id='word_1_263' title='bbox 1275 2239 1502 2292; x_wconf 85' lang='lat' dir='ltr'>patientia,</span> <span class='ocrx_word' id='word_1_264' title='bbox 1535 2237 1752 2288; x_wconf 90' lang='lat' dir='ltr'>animique</span> <span class='ocrx_word' id='word_1_265' title='bbox 1781 2247 1864 2274; x_wconf 91' lang='lat' dir='ltr'>mo·</span> <span class='ocrx_word' id='word_1_266' title='bbox 1894 2231 1904 2269; x_wconf 61' lang='lat' dir='ltr'>i</span> 
     </span>
     <span class='ocr_line' id='line_1_31' title="bbox 244 2307 1899 2368; baseline -0.008 -11"><span class='ocrx_word' id='word_1_267' title='bbox 244 2319 472 2357; x_wconf 84' lang='lat' dir='ltr'>deratione</span> <span class='ocrx_word' id='word_1_268' title='bbox 504 2318 644 2355; x_wconf 91' lang='lat' dir='ltr'>morbi</span> <span class='ocrx_word' id='word_1_269' title='bbox 673 2317 936 2368; x_wconf 87' lang='lat' dir='ltr'>grauitatem</span> <span class='ocrx_word' id='word_1_270' title='bbox 967 2315 1201 2361; x_wconf 86' lang='lat' dir='ltr'>sustinens,</span> <span class='ocrx_word' id='word_1_271' title='bbox 1233 2311 1515 2351; x_wconf 87' lang='lat' dir='ltr'>laetissimam</span> <span class='ocrx_word' id='word_1_272' title='bbox 1546 2321 1593 2347; x_wconf 88' lang='lat' dir='ltr'>se</span> <span class='ocrx_word' id='word_1_273' title='bbox 1628 2314 1864 2347; x_wconf 83' lang='lat' dir='ltr'>extremum</span> <span class='ocrx_word' id='word_1_274' title='bbox 1894 2307 1899 2355; x_wconf 61' lang='lat' dir='ltr'>l</span> 
     </span>
     <span class='ocr_line' id='line_1_32' title="bbox 244 2370 1899 2439; baseline -0.008 -11"><span class='ocrx_word' id='word_1_275' title='bbox 244 2390 360 2428; x_wconf 90' lang='lat' dir='ltr'>diem</span> <span class='ocrx_word' id='word_1_276' title='bbox 383 2389 522 2436; x_wconf 85' lang='lat' dir='ltr'>obire,</span> <span class='ocrx_word' id='word_1_277' title='bbox 546 2393 678 2439; x_wconf 88' lang='lat' dir='ltr'>atque</span> <span class='ocrx_word' id='word_1_278' title='bbox 701 2387 987 2439; x_wconf 88' lang='lat' dir='ltr'>aegritudinis</span> <span class='ocrx_word' id='word_1_279' title='bbox 1010 2386 1097 2425; x_wconf 92' lang='lat' dir='ltr'>uim</span> <span class='ocrx_word' id='word_1_280' title='bbox 1121 2384 1411 2437; x_wconf 86' lang='lat' dir='ltr'>gratissimam</span> <span class='ocrx_word' id='word_1_281' title='bbox 1436 2381 1599 2419; x_wconf 85' lang='lat' dir='ltr'>habere</span> <span class='ocrx_word' id='word_1_282' title='bbox 1630 2379 1777 2430; x_wconf 87' lang='lat' dir='ltr'>sponsi</span> <span class='ocrx_word' id='word_1_283' title='bbox 1806 2377 1864 2417; x_wconf 90' lang='lat' dir='ltr'>sui</span> <span class='ocrx_word' id='word_1_284' title='bbox 1895 2370 1899 2403; x_wconf 66' lang='grc' dir='ltr'>ἶ</span> 
     </span>
    </p>
   </div>
   <div class='ocr_carea' id='block_1_4' title="bbox 248 2500 485 2504">
    <p class='ocr_par' dir='ltr' id='par_1_6' title="bbox 248 2500 485 2504">
     <span class='ocr_line' id='line_1_33' title="bbox 248 2500 485 2504; baseline 0 0"><span class='ocrx_word' id='word_1_285' title='bbox 248 2500 485 2504; x_wconf 95' lang='lat' dir='ltr'> </span> 
     </span>
    </p>
   </div>
   <div class='ocr_carea' id='block_1_5' title="bbox 291 2546 1902 2595">
    <p class='ocr_par' dir='ltr' id='par_1_7' title="bbox 291 2536 1902 2595">
     <span class='ocr_line' id='line_1_34' title="bbox 291 2546 1902 2595; baseline -0.009 1"><span class='ocrx_word' id='word_1_286' title='bbox 291 2559 311 2578; x_wconf 83' lang='lat' dir='ltr'>a</span> <span class='ocrx_word' id='word_1_287' title='bbox 361 2559 414 2595; x_wconf 90' lang='lat' dir='ltr'>in.</span> <span class='ocrx_word' id='word_1_288' title='bbox 461 2559 524 2583; x_wconf 75' lang='lat' dir='ltr'>—b</span> <span class='ocrx_word' id='word_1_289' title='bbox 547 2556 807 2595; x_wconf 88' lang='lat' dir='ltr'>Conueniunt</span> <span class='ocrx_word' id='word_1_290' title='bbox 827 2556 865 2591; x_wconf 91' lang='lat' dir='ltr'>in</span> <span class='ocrx_word' id='word_1_291' title='bbox 881 2556 1002 2591; x_wconf 84' lang='lat' dir='ltr'>aedes</span> <span class='ocrx_word' id='word_1_292' title='bbox 1017 2561 1175 2591; x_wconf 86' lang='lat' dir='ltr'>nostras</span> <span class='ocrx_word' id='word_1_293' title='bbox 1194 2554 1312 2591; x_wconf 83' lang='lat' dir='ltr'>duae.</span> <span class='ocrx_word' id='word_1_294' title='bbox 1357 2558 1420 2576; x_wconf 80' lang='lat'>—0</span> <span class='ocrx_word' id='word_1_295' title='bbox 1441 2550 1650 2587; x_wconf 85' lang='lat' dir='ltr'>accedunt.</span> <span class='ocrx_word' id='word_1_296' title='bbox 1704 2547 1771 2574; x_wconf 77' lang='lat' dir='ltr'>—d</span> <span class='ocrx_word' id='word_1_297' title='bbox 1789 2546 1865 2583; x_wconf 81' lang='lat' dir='ltr'>xia·</span> <span class='ocrx_word' id='word_1_298' title='bbox 1896 2572 1902 2592; x_wconf 69' lang='grc'>,</span> 
     </span>
    </p>
   </div>
   <div class='ocr_carea' id='block_1_6' title="bbox 245 2631 351 2656">
    <p class='ocr_par' dir='ltr' id='par_1_8' title="bbox 245 2631 351 2656">
     <span class='ocr_line' id='line_1_35' title="bbox 245 2631 351 2656; baseline 0 0"><span class='ocrx_word' id='word_1_299' title='bbox 245 2631 351 2656; x_wconf 81' lang='lat' dir='ltr'>nam.</span> 
     </span>
    </p>
   </div>
   <div class='ocr_carea' id='block_1_7' title="bbox 246 2763 1902 3080">
    <p class='ocr_par' dir='ltr' id='par_1_9' title="bbox 246 2763 1902 3080">
     <span class='ocr_line' id='line_1_36' title="bbox 294 2763 1902 2821; baseline -0.009 -9"><span class='ocrx_word' id='word_1_300' title='bbox 294 2778 303 2797; x_wconf 94' lang='lat'>¹</span> <span class='ocrx_word' id='word_1_301' title='bbox 358 2775 464 2811; x_wconf 91' lang='lat' dir='ltr'>Vide</span> <span class='ocrx_word' id='word_1_302' title='bbox 483 2786 588 2821; x_wconf 87' lang='lat' dir='ltr'>quae</span> <span class='ocrx_word' id='word_1_303' title='bbox 607 2773 656 2810; x_wconf 92' lang='lat' dir='ltr'>de</span> <span class='ocrx_word' id='word_1_304' title='bbox 676 2772 796 2810; x_wconf 89' lang='lat' dir='ltr'>simili</span> <span class='ocrx_word' id='word_1_305' title='bbox 824 2772 1017 2808; x_wconf 81' lang='lat' dir='ltr'>societate</span> <span class='ocrx_word' id='word_1_306' title='bbox 1043 2770 1217 2808; x_wconf 85' lang='lat' dir='ltr'>Genuae</span> <span class='ocrx_word' id='word_1_307' title='bbox 1247 2767 1457 2805; x_wconf 82' lang='lat' dir='ltr'>exsistenti</span> <span class='ocrx_word' id='word_1_308' title='bbox 1484 2767 1673 2804; x_wconf 86' lang='lat' dir='ltr'>dicuntur</span> <span class='ocrx_word' id='word_1_309' title='bbox 1702 2765 1741 2801; x_wconf 87' lang='lat' dir='ltr'>in</span> <span class='ocrx_word' id='word_1_310' title='bbox 1768 2763 1864 2800; x_wconf 80' lang='lat' dir='ltr'>Litt.</span> <span class='ocrx_word' id='word_1_311' title='bbox 1892 2768 1902 2809; x_wconf 71' lang='grc' dir='ltr'>’ζ</span> 
     </span>
     <span class='ocr_line' id='line_1_37' title="bbox 246 2830 1900 2884; baseline -0.01 -10"><span class='ocrx_word' id='word_1_312' title='bbox 246 2835 496 2884; x_wconf 76' lang='lat' dir='ltr'>Quadrim.,</span> <span class='ocrx_word' id='word_1_313' title='bbox 520 2833 571 2878; x_wconf 88' lang='lat' dir='ltr'>V,</span> <span class='ocrx_word' id='word_1_314' title='bbox 595 2832 675 2878; x_wconf 85' lang='lat'>127,</span> <span class='ocrx_word' id='word_1_315' title='bbox 695 2831 879 2876; x_wconf 77' lang='lat'>290-291,</span> <span class='ocrx_word' id='word_1_316' title='bbox 900 2830 982 2875; x_wconf 74' lang='lat'>499,</span> <span class='ocrx_word' id='word_1_317' title='bbox 1001 2830 1085 2867; x_wconf 83' lang='lat'>628.</span> <span class='ocrx_word' id='word_1_318' title='bbox 1897 2831 1900 2869; x_wconf 62' lang='lat' dir='ltr'><strong><em>g</em></strong></span> 
     </span>
     <span class='ocr_line' id='line_1_38' title="bbox 294 2881 1899 2936; baseline -0.011 -4"><span class='ocrx_word' id='word_1_319' title='bbox 294 2897 308 2916; x_wconf 82' lang='lat'>²</span> <span class='ocrx_word' id='word_1_320' title='bbox 357 2895 402 2932; x_wconf 91' lang='lat' dir='ltr'>In</span> <span class='ocrx_word' id='word_1_321' title='bbox 420 2894 539 2932; x_wconf 89' lang='lat' dir='ltr'>catal.</span> <span class='ocrx_word' id='word_1_322' title='bbox 561 2893 652 2930; x_wconf 92' lang='lat' dir='ltr'>coll.</span> <span class='ocrx_word' id='word_1_323' title='bbox 673 2891 876 2928; x_wconf 86' lang='lat' dir='ltr'>florentini</span> <span class='ocrx_word' id='word_1_324' title='bbox 895 2890 973 2928; x_wconf 89' lang='lat' dir='ltr'>diei</span> <span class='ocrx_word' id='word_1_325' title='bbox 1003 2890 1046 2926; x_wconf 85' lang='lat'>13</span> <span class='ocrx_word' id='word_1_326' title='bbox 1065 2889 1223 2936; x_wconf 86' lang='lat' dir='ltr'>Aprilis</span> <span class='ocrx_word' id='word_1_327' title='bbox 1245 2887 1334 2925; x_wconf 80' lang='lat'>1560</span> <span class='ocrx_word' id='word_1_328' title='bbox 1353 2891 1590 2924; x_wconf 88' lang='lat' dir='ltr'>numeratur</span> <span class='ocrx_word' id='word_1_329' title='bbox 1607 2884 1654 2922; x_wconf 91' lang='grc' dir='ltr'>Ρ.</span> <span class='ocrx_word' id='word_1_330' title='bbox 1676 2881 1866 2921; x_wconf 76' lang='lat' dir='ltr'>Camillus</span> <span class='ocrx_word' id='word_1_331' title='bbox 1892 2893 1899 2906; x_wconf 38' lang='grc' dir='ltr'><strong>κ</strong></span> 
     </span>
     <span class='ocr_line' id='line_1_39' title="bbox 249 2939 1900 2998; baseline -0.009 -5"><span class='ocrx_word' id='word_1_332' title='bbox 249 2955 448 2993; x_wconf 81' lang='lat' dir='ltr'>Vannuzo</span> <span class='ocrx_word' id='word_1_333' title='bbox 466 2953 567 2998; x_wconf 89' lang='lat' dir='ltr'>(cod.</span> <span class='ocrx_word' id='word_1_334' title='bbox 590 2952 716 2989; x_wconf 84' lang='lat' dir='ltr'>Rom.</span> <span class='ocrx_word' id='word_1_335' title='bbox 751 2950 856 2992; x_wconf 70' lang='lat'><strong><em>781³,</em></strong></span> <span class='ocrx_word' id='word_1_336' title='bbox 889 2963 926 2987; x_wconf 91' lang='lat' dir='ltr'>n.</span> <span class='ocrx_word' id='word_1_337' title='bbox 959 2949 1054 2994; x_wconf 82' lang='lat'>192).</span> <span class='ocrx_word' id='word_1_338' title='bbox 1088 2948 1208 2985; x_wconf 89' lang='lat' dir='ltr'>Diem</span> <span class='ocrx_word' id='word_1_339' title='bbox 1240 2960 1473 2995; x_wconf 87' lang='lat' dir='ltr'>supremum</span> <span class='ocrx_word' id='word_1_340' title='bbox 1504 2945 1601 2983; x_wconf 84' lang='lat' dir='ltr'>obiit</span> <span class='ocrx_word' id='word_1_341' title='bbox 1631 2956 1736 2981; x_wconf 84' lang='lat' dir='ltr'>anno</span> <span class='ocrx_word' id='word_1_342' title='bbox 1767 2939 1864 2979; x_wconf 81' lang='lat'>1564·</span> <span class='ocrx_word' id='word_1_343' title='bbox 1891 2946 1900 2985; x_wconf 72' lang='lat' dir='ltr'>l.</span> 
     </span>
     <span class='ocr_line' id='line_1_40' title="bbox 250 2986 1901 3080; baseline -0.011 -26"><span class='ocrx_word' id='word_1_344' title='bbox 250 3015 314 3055; x_wconf 83' lang='lat' dir='ltr'>Cf.</span> <span class='ocrx_word' id='word_1_345' title='bbox 336 3014 524 3052; x_wconf 79' lang='lat' dir='ltr'>Polancz·</span> <span class='ocrx_word' id='word_1_346' title='bbox 543 3012 721 3057; x_wconf 63' lang='lat' dir='ltr'>compl„</span> <span class='ocrx_word' id='word_1_347' title='bbox 742 3010 772 3055; x_wconf 85' lang='grc' dir='ltr'>Ι,</span> <span class='ocrx_word' id='word_1_348' title='bbox 792 3010 874 3049; x_wconf 72' lang='grc'>468.</span> <span class='ocrx_word' id='word_1_349' title='bbox 1897 2986 1901 3080; x_wconf 64' lang='grc' dir='ltr'>ξ</span> 
     </span>
    </p>
   </div>
  </div>
 </body>
</html>
