1908 3446
197 296 267 333 530
661 293 882 330 Ll'rTERAE
909 291 1263 338 QUADRIMESTRES

154 398 379 444 Dominus,
401 396 543 446 justus
563 395 714 444 judex,
735 394 930 444 jutistiae
952 392 1203 431 mercedem
1239 390 1421 429 solidam
1456 395 1587 441 atque
1621 401 1775 440 peren-

152 480 268 507 nem.
294 467 360 504 Ad
382 472 577 505 nostram
600 465 958 503 commoditatem
990 463 1176 510 accedit,
1200 461 1317 513 quod
1338 461 1546 512 patruelis
1567 461 1664 498 Dni.
1691 460 1776 510 epi-

154 539 289 589 scopi,
315 538 432 576 R.d1¹⁵
459 537 592 574 abbas
615 535 867 584 monasterij
893 533 946 572 de
969 534 1169 580 Bonlieu,
1194 532 1407 571 Societati
1440 544 1527 570 non
1548 543 1698 582 parum
1719 530 1777 567 fa-

154 615 244 657 uet,
270 614 313 648 et
336 609 597 659 suffragatur
619 608 661 645 in
684 607 884 646 omnibus
906 605 1019 656 apud
1042 605 1311 656 episcopum,
1336 604 1457 642 cuius
1478 602 1664 640 familiae
1695 601 1778 639 iarn

153 681 321 732 pridem
357 679 601 729 adscriptus
638 684 719 717 est.
754 676 962 725 Officiarij
994 689 1168 727 quoque
1200 675 1296 713 Dni.
1323 673 1518 725 episcopi
1537 676 1687 712 nostra
1706 685 1779 710 ne-

154 752 275 803 gotia
295 752 483 789 libenter
504 754 783 800 promouent,
810 755 853 786 et
875 748 1115 787 honoribus
1137 746 1371 793 cumulant,
1394 758 1475 783 nos
1504 744 1619 783 omni
1655 744 1780 781 obse-

154 823 255 874 quio
291 827 684 873 praeoccupantes,
710 819 960 870 Speramzts
982 817 1177 869 benigno
1202 816 1376 856 Christi
1388 816 1562 867 fanore
1585 814 1780 854 Societa-

156 893 213 932 tis
235 894 399 932 bonnm
422 894 606 931 odorem
627 891 912 942 ‘undiquaque
941 893 1156 940 sparsum
1178 888 1243 927 iri
1277 890 1336 927 ad
1366 888 1524 926 aulam
1554 899 1686 936 vsqne
1716 898 1781 924 re-

153 964 302 1016 giam,
339 966 383 1002 vt
418 965 599 1002 tandem
621 962 780 1015 regiae
802 961 1057 1001 maiestatis
1075 959 1340 1011 patrocinio
1364 959 1683 1010 theologorum
1700 960 1782 1007 pa-

156 1035 420 1075 risiensium
440 1034 739 1085 saffragimn
762 1032 974 1080 obtineat,
1000 1045 1086 1082 qno
1111 1031 1258 1083 freta,
1296 1030 1441 1069 libera
1476 1030 1782 1068 sacramento-

156 1120 261 1146 rum
281 1109 320 1146 et
341 1105 466 1146 verbi
488 1104 906 1151 administratione,
930 1117 1022 1142 non
1044 1105 1176 1142 modo
1199 1104 1322 1152 apud
1344 1101 1584 1140 Aruernos
1604 1101 1643 1140 et
1663 1100 1782 1149 Apa-

155 1178 357 1226 mienseS,
380 1179 457 1223 sed
477 1177 526 1215 in
545 1176 645 1228 ipsa
667 1176 805 1215 etiam
827 1174 1017 1215 dioecesi
1047 1177 1086 1215 et
1122 1173 1360 1214 academia
1392 1171 1647 1223 parisiensi
1671 1170 1784 1222 fan-

155 1252 320 1302 gatnr,·
344 1250 462 1299 qnod
481 1261 573 1287 non
596 1250 690 1286 tam
711 1249 770 1286 ad
792 1246 1032 1286 Societatis
1053 1247 1251 1293 Zucrmn,
1277 1257 1414 1295 qnam
1435 1245 1496 1283 ad
1518 1242 1782 1281 animarum

153 1321 368 1373 fructum
391 1320 717 1359 desideramus.

214 1403 250 1441 7.
312 1393 358 1430 P.
383 1392 560 1437 Rector,
585 1391 636 1428 D.
674 1390 971 1439 Hieronymus
1006 1388 1197 1435 Bassius,
1237 1392 1280 1425 et
1316 1387 1510 1425 Marthae
1546 1391 1590 1424 et
1626 1384 1784 1422 Mariae

160 1463 312 1503 sedulo
335 1475 386 1501 ac
408 1468 585 1501 strenuo
608 1462 800 1513 fungitur
823 1461 984 1499 officio.
1018 1460 1199 1511 Septem
1230 1472 1377 1497 sumus
1407 1458 1678 1503 sacerdotes,
1708 1470 1786 1495 sex

158 1536 316 1574 fratres
346 1535 558 1572 bonarum
589 1534 811 1572 literarum
840 1533 1115 1584 professores
1135 1531 1356 1580 juuentuti
1378 1529 1644 1569 erudiendae
1665 1541 1787 1579 prae-

159 1607 281 1654 fecti3
304 1619 488 1658 quorum
511 1619 534 1644 e
556 1618 738 1643 numero
769 1606 823 1642 M.
862 1603 1117 1642 Leonardus
1153 1602 1401 1649 Masserius,
1434 1606 1609 1652 praeter
1640 1600 1787 1638 huma-

158 1680 306 1718 niores
345 1679 509 1725 literas,
546 1677 712 1727 aliquot
745 1677 962 1714 lectiones
1000 1674 1325 1726 philosophicas
1359 1673 1590 1724 praelegit.
1635 1673 1786 1722 Itaque

160 1749 374 1788 tredecim
396 1761 543 1786 sumus
563 1760 747 1786 numero
769 1747 885 1785 votis
908 1746 1145 1785 Societatis
1167 1744 1348 1792 astricti,
1373 1745 1458 1783 duo
1481 1756 1590 1782 vero
1611 1743 1786 1792 nouitij,

160 1834 343 1872 quorum
366 1833 475 1858 unus
499 1820 544 1858 P.
570 1819 792 1869 Baptistae
824 1819 865 1855 in
888 1818 1061 1869 collegij
1086 1817 1394 1856 aedificatione
1415 1820 1591 1867 praesto
1615 1826 1789 1865 semper

161 1893 300 1939 adest,
335 1896 378 1929 et
400 1891 454 1929 ad
474 1895 626 1928 nutum
649 1890 920 1939 obsequitur3
951 1890 1015 1927 vir
1037 1901 1223 1939 syncere
1245 1889 1340 1939 pius
1363 1893 1407 1926 et
1429 1892 1576 1926 aetate
1606 1898 1789 1937 prouec-

162 1965 262 2011 tior,
285 1964 395 2001 alter
425 1962 686 2000 adolescens
718 1966 785 1999 est
829 1961 970 1999 bonae
1003 1961 1096 2011 spei
1129 1964 1172 1998 et
1216 1959 1396 2010 insignis
1426 1958 1686 2005 modestiae,
1719 1957 1791 2008 qui

161 2034 488 2072 humanioribus
510 2033 647 2071 literis
670 2031 812 2070 adhuc
840 2031 914 2070 dat
946 2044 1139 2082 operam.
1165 2032 1361 2081 Vterque
1396 2042 1572 2081 quoque
1606 2029 1790 2067 famulus

161 2106 348 2144 libenter
369 2103 583 2143 Societati
604 2104 760 2142 ascribi
782 2105 888 2151 vult,
923 2116 1066 2154 eoque
1100 2103 1242 2141 animo
1264 2103 1391 2141 nobis
1414 2102 1564 2148 seruit,
1596 2100 1792 2152 quamuis

162 2178 271 2215 alter
292 2177 435 2215 adhuc
455 2176 813 2214 adolescentulus
835 2175 888 2213 ad
910 2175 1058 2213 literas
1079 2175 1242 2225 ingenij
1262 2174 1527 2213 dexteritate
1545 2172 1792 2223 aptissimus

164 2254 246 2296 est,
281 2254 325 2287 et
354 2248 662 2299 grammatices
694 2248 924 2286 elementis
955 2247 1228 2297 aliquatenus
1258 2247 1464 2284 imbutus.
1498 2246 1716 2296 Quantum
1739 2242 1793 2280 ad

163 2332 391 2357 numerum
426 2319 789 2357 scholasticorum
824 2318 995 2365 attinet,
1032 2323 1185 2356 nostro
1222 2318 1475 2368 magisterio
1517 2316 1792 2355 concredito-

164 2404 272 2438 rum,
296 2390 560 2441 inuestigata
580 2390 643 2427 rei
664 2390 868 2437 veritate,
894 2401 1022 2439 supra
1039 2390 1155 2427 mille
1174 2393 1349 2428 centum
1371 2389 1499 2427 facile
1521 2388 1792 2438 comperiun-

163 2467 247 2509 tur,
270 2474 353 2499 nec
373 2474 579 2500 numerus
601 2461 770 2500 definiri
793 2461 1026 2499 commode
1047 2466 1210 2511 potest,
1235 2474 1366 2512 quum
1387 2461 1429 2498 in
1451 2460 1544 2499 dies
1566 2472 1792 2499 accresce-

164 2546 210 2572 re
234 2532 388 2571 soleat.
422 2534 556 2571 Certe
590 2533 762 2570 nobiles
797 2532 958 2583 quique
994 2538 1039 2570 et
1072 2532 1286 2582 primores
1321 2532 1484 2570 liberos
1520 2544 1622 2569 suos
1658 2530 1793 2569 tutius

163 2604 305 2651 nobis,
337 2616 464 2654 quam
496 2602 576 2641 sibi
603 2603 725 2654 jpsis,
757 2615 805 2640 se
838 2601 1114 2641 committere
1145 2607 1360 2650 asserunt,
1393 2601 1511 2653 quod
1542 2602 1672 2640 etiam
1702 2602 1795 2651 ipsa

165 2675 298 2713 docet
319 2674 382 2713 rei
404 2675 690 2724 experientia.
715 2676 825 2725 Spes
855 2675 971 2712 bona
1000 2674 1185 2726 affulget
1213 2674 1484 2712 Societatem
1517 2679 1561 2711 et
1592 2686 1716 2712 sacro
1749 2678 1793 2711 et

165 2746 430 2784 scholastico
453 2744 692 2783 ministerio
716 2746 877 2785 Christi
899 2745 1082 2796 gloriam
1103 2746 1241 2797 magis
1262 2758 1314 2784 ac
1334 2746 1471 2796 magis
1493 2744 1546 2783 ad
1569 2750 1794 2783 extremos

165 2829 304 2867 vsque
345 2816 582 2855 Galliarum
617 2817 777 2855 limites
825 2823 1150 2867 prouecturam.
1190 2817 1322 2867 Quod
1358 2818 1462 2855 Dns.
1513 2817 1633 2855 Deus
1668 2817 1716 2854 R.
1730 2816 1794 2841 ‘¹³⁸

168 2888 264 2927 P.tis
293 2894 392 2926 tuae
416 2887 639 2936 sacrificijs
671 2893 715 2926 et
743 2889 946 2938 precibus
978 2894 1188 2927 exoratus
1222 2888 1402 2926 efficere
1424 2887 1643 2938 dignetur.
1667 2888 1790 2935 Vale,

169 2960 298 2998 Pater
345 2958 761 3006 obseruandissime‚
801 2961 939 2998 nostri
983 2972 1150 2999 memor
1196 2961 1238 2998 in
1286 2959 1577 3006 orationibus,
1623 2971 1792 3010 nosque

169 3031 275 3069 Rdis
304 3031 502 3069 Patribus
537 3043 588 3069 ac
620 3031 824 3069 fratribus
859 3032 1023 3070 Rornae
1059 3032 1431 3070 commorantibus
1462 3031 1793 3069 commendatos

169 3102 331 3140 habeto
353 3115 431 3152 pro
453 3107 527 3140 tua
547 3102 589 3140 in
609 3115 689 3140 nos
720 3102 946 3141 charitate.
981 3103 1069 3142 R.‘¹i
1091 3105 1244 3142 Patres
1275 3103 1473 3154 Baptista
1503 3107 1547 3141 et
1577 3103 1793 3152 Hierony-
