1908 3446
257 235 325 272 314
722 232 941 270 LITTERAE
968 232 1326 277 QUADRIMESTRES

212 340 342 387 saepe
367 337 483 375 inter
514 337 696 386 pueros)
719 343 736 359 ἃ
758 335 1046 385 reperiuntur.
1074 334 1260 371 Maiores
1282 333 1493 371 hactenus
1515 332 1556 370 in
1587 331 1830 382 grammati-

214 422 362 447 corum
395 408 565 459 legibus
597 413 774 445 strenue
805 405 907 444 satis
938 407 1203 451 laborarunt,
1240 417 1354 442 nunc
1385 417 1490 442 uero
1526 402 1579 442 ad
1611 408 1831 441 oratorum

213 484 449 531 praecepta
470 492 569 517 sese
593 478 841 528 disponunt,
865 478 936 528 quj
960 489 1064 515 sane
1086 482 1279 514 nostram
1303 476 1656 526 expectationem
1678 475 1719 512 in
1740 475 1832 512 lite-

213 552 269 589 ris
303 551 499 601 quotidie
535 554 754 601 superant.
794 548 938 587 Pietas
968 554 1113 587 autem
1148 547 1189 585 in
1224 546 1325 598 ipsis
1361 547 1431 585 uel
1465 546 1507 584 in
1528 547 1614 584 hoc
1648 544 1833 583 maxime

214 622 485 673 perspicitur,
509 621 627 671 quod
658 634 734 659 sua
764 626 920 671 sponte
952 632 1107 670 magna
1138 632 1234 657 cum
1256 618 1496 656 deuotione
1519 617 1674 655 diuinis
1705 617 1834 654 rebus

213 693 408 745 quotidie
431 692 660 732 intersunt.
694 693 901 731 Libenter
923 694 942 718 b
972 694 1010 731 et
1033 691 1279 729 catechesis
1308 690 1545 728 lectionem
1575 701 1672 727 cum
1709 700 1834 725 euan-

213 766 355 817 gelica
383 765 658 815 expositione
693 764 887 811 audiunt,
921 763 1271 813 confitenturque
1303 761 1524 800 mensibus
1555 760 1750 811 singulis;
1783 772 1835 797 ex

214 838 368 888 quibus
390 840 596 887 quantum
618 836 784 874 fructus
808 836 1052 886 colligatur,
1086 834 1189 872 satis
1221 833 1336 872 clare
1353 832 1652 883 perspicimus
1673 838 1704 870 0.
1728 830 1836 868 Nam

214 908 293 959 ipsi
315 908 388 958 (de
412 908 647 946 maioribus
668 907 841 957 loquor)
871 912 1044 957 praeter
1079 906 1161 943 alia
1191 905 1253 943 sic
1285 916 1447 942 exosos
1476 904 1639 941 habent
1661 907 1837 940 sanctae

217 980 432 1018 ecclesiae
454 978 745 1025 aduersarios,
772 982 816 1016 ut
837 990 981 1028 neque
1005 989 1083 1015 eos
1104 976 1269 1023 audire,
1287 987 1431 1026 neque
1455 987 1605 1012 eorum
1628 973 1760 1010 libros
1782 972 1837 1010 le-

216 1064 322 1102 gere
346 1051 493 1089 uelint.
516 1050 713 1100 Quorum
741 1049 934 1098 nonnullj
957 1054 1241 1099 posteaquam
1264 1046 1576 1084 intellexerunt
1597 1043 1838 1082 haeretico-

217 1136 309 1161 rum
331 1123 490 1174 scripta
524 1122 640 1160 nulla
661 1122 831 1159 ratione
853 1120 1041 1172 legenda
1064 1132 1178 1166 esse,
1202 1118 1357 1170 partim
1392 1117 1518 1155 nobis
1540 1121 1585 1153 ut
1608 1128 1659 1154 ea
1680 1116 1839 1154 lacera-

218 1208 362 1233 remus
384 1193 418 1242 (¹,
442 1193 597 1245 partim
621 1194 750 1232 etiam
772 1194 947 1244 ipsimet
968 1205 1124 1243 magna
1142 1203 1239 1229 cum
1261 1190 1487 1229 alacritate
1505 1189 1837 1227 conbusserunt:

221 1268 350 1305 fianta
372 1268 435 1306 est
458 1266 504 1304 in
529 1264 756 1304 nonnullis
772 1263 930 1315 pneris
951 1264 1100 1302 cordis
1118 1263 1335 1313 pueritas.

272 1349 309 1376 2.
368 1337 536 1388 Elapsis
553 1336 707 1374 diebus
742 1336 932 1386 «Euripiv
956 1335 1116 1385 populo
1136 1333 1377 1371 exhibuere
1394 1331 1667 1383 tragoediam
1689 1336 1711 1379 ¹,
1731 1344 1840 1382 quae

220 1410 254 1448 si
284 1410 370 1447 ulla
400 1409 496 1456 alia,
529 1410 641 1447 haec
670 1420 774 1446 sane
805 1413 942 1445 totam
973 1405 1089 1444 uitae
1117 1407 1332 1444 humanae
1363 1403 1577 1443 rationem
1598 1404 1777 1455 pulchre
1800 1408 1842 1441 et

221 1482 448 1532 eleganter
472 1480 688 1531 exprimit.
714 1480 837 1517 Haec
854 1478 968 1516 actio
991 1478 1128 1529 primo
1152 1476 1326 1528 quidem
1343 1489 1511 1514 summo
1536 1489 1632 1514 cum
1656 1474 1842 1513 omnium

220 1554 427 1605 applausu
460 1558 503 1591 et
537 1552 667 1590 laude
698 1557 876 1603 peracta
909 1557 991 1597 est3
1024 1549 1221 1589 secunda
1244 1556 1261 1574 θ
1291 1555 1437 1587 autem
1472 1548 1564 1587 uice
1597 1552 1717 1585 tanta
1747 1559 1842 1585 cum

221 1625 411 1664 omniurn
448 1624 750 1671 admiratione,
784 1627 829 1661 ut
850 1622 1053 1673 permulti
1088 1626 1239 1672 aperte
1271 1621 1281 1645 f
1311 1621 1509 1659 dicerent
1540 1633 1586 1658 se
1608 1632 1694 1657 non
1715 1630 1842 1669 posse

220 1697 339 1744 satis,
364 1702 454 1734 turn
477 1696 711 1743 actionem,
735 1700 826 1733 tum
856 1700 1032 1732 actores
1053 1693 1171 1745 ipsos
1194 1692 1521 1739 commendare3
1549 1691 1710 1742 placuit
1733 1690 1843 1728 enim

221 1768 359 1819 magis
381 1781 507 1818 quam
531 1772 674 1814 antea,
700 1772 743 1805 et
765 1779 894 1817 supra
914 1778 1040 1815 quam
1064 1765 1148 1803 dici
1169 1770 1333 1815 potest.
1358 1765 1471 1802 Hinc
1496 1776 1583 1801 non
1605 1770 1626 1794 Ξ
1647 1762 1773 1813 pauci
1793 1759 1844 1799 ad

221 1841 431 1891 pietatem
461 1839 662 1890 permoti,
697 1838 767 1887 alij
804 1837 857 1875 ad
892 1837 1208 1888 poenitentiam
1245 1841 1289 1873 et
1323 1835 1439 1874 uitae
1477 1833 1841 1879 emendationem,

223 1911 410 1949 maxime
431 1914 610 1961 propter
644 1909 759 1947 illam
781 1908 1108 1947 teterrimorum
1131 1906 1392 1945 daemonum
1416 1912 1636 1945 cateruam
1658 1904 1758 1943 illuc
1788 1904 1843 1942 in-

222 1983 543 2029 troductorum,
576 1981 647 2031 quj
685 1981 869 2019 animam
904 1979 1052 2030 Euripi
1085 1979 1296 2017 factitiam
1330 1991 1350 2017 e
1377 1976 1600 2029 faucibus
1633 1978 1842 2026 ereptam,

224 2054 461 2093 crudeliter
484 2052 743 2091 dilaniarunt
766 2056 809 2089 et
839 2050 1021 2089 flammis
1051 2049 1338 2088 tradiderunt.
1372 2049 1673 2087 Intelleximus
1702 2053 1844 2085 autem

223 2125 455 2164 nonnullos
476 2125 518 2162 in
538 2121 786 2172 huiusmodj
809 2122 890 2173 piis
912 2119 1356 2172 contemplationibus
1378 2119 1470 2158 dies
1501 2120 1664 2170 aliquot
1685 2124 1845 2156 transe-

223 2198 356 2249 gisse.
382 2198 505 2234 Hanc
525 2200 719 2233 nostram
741 2195 960 2233 actionem
982 2206 1059 2237 sua
1085 2193 1334 2243 praesentia
1355 2192 1628 2230 decorarunt
1651 2192 1669 2215 ¹¹
1691 2190 1739 2229 in
1755 2188 1846 2240 pri-

227 2268 310 2307 mis
340 2273 486 2306 rector
517 2265 828 2312 uniuersitatis,
853 2264 916 2302 vir
945 2263 1147 2315 apprime
1181 2262 1337 2302 nobilis
1358 2268 1385 2310 ²,
1420 2275 1503 2300 una
1533 2275 1629 2300 cum
1661 2260 1846 2300 cuiusuis

224 2340 442 2378 facultatis
478 2338 749 2384 doctoribus,
785 2338 794 2362 i
835 2336 991 2374 artium
1026 2336 1268 2374 liberalium
1313 2335 1544 2386 magistris,
1586 2333 1598 2365 J'
1645 2332 1847 2371 studiosis

226 2424 353 2463 quam
374 2410 582 2462 plurimis,
607 2422 657 2448 ac
679 2421 837 2460 magna
865 2413 988 2459 parte
1019 2407 1155 2458 uulgi3
1178 2407 1250 2458 qui
1272 2419 1425 2445 omnes
1445 2418 1523 2457 per
1544 2410 1729 2456 quatuor
1751 2396 1847 2442 cori-

274 2584 293 2604 a
343 2597 447 2633 quae
467 2584 603 2630 pueris
621 2582 837 2620 familiaria
856 2594 945 2618 esse
964 2581 1109 2618 solent.
1176 2582 1240 2606 —b
1263 2586 1302 2617 et
1320 2580 1507 2617 libenter.
1575 2585 1637 2627 ÷0
1657 2575 1849 2623 intelligi-

229 2657 329 2682 mus.
389 2644 449 2669 —d
470 2643 737 2680 tradiderunt.
801 2651 867 2669 -θ
887 2641 1065 2680 secundo
1092 2639 1270 2678 exhibita
1297 2645 1368 2677 est.
1435 2639 1493 2664 —s
1520 2639 1611 2685 Seq.
1633 2637 1715 2676 del.
1750 2635 1848 2674 dice-

228 2708 330 2742 rent.
382 2711 451 2736 —g
471 2715 550 2741 non
570 2707 707 2750 supra
722 2712 831 2740 vers.
886 2703 951 2728 —h
973 2700 1193 2739 decorauit.
1246 2700 1303 2726 -i
1331 2704 1382 2737 et.
1436 2699 1492 2732 -J'
1520 2711 1579 2736 ac.

279 2873 286 2891 ¹
342 2870 403 2908 Cf.
443 2870 543 2907 Lz‘tt.
578 2869 828 2916 Quadam„
859 2868 913 2910 V,
950 2867 1031 2913 314;
1068 2866 1424 2907 BRAUNSBERGER,
1461 2864 1515 2902 B.
1540 2863 1666 2902 Petri
1693 2861 1854 2902 canisii

231 2931 367 2977 epist„
395 2929 446 2974 ΙΙ,
467 2928 549 2966 877.

279 2989 291 3009 ²
343 2987 556 3025 Ernfridus
575 2999 710 3024 comes
729 2988 779 3023 ab
799 2986 1063 3032 Ortemburg.
1086 2984 1147 3022 Cf.
1175 2984 1404 3028 MEDERER‚
1435 2983 1630 3023 Annales
1655 2979 1850 3027 ingolsta-

236 3049 402 3088 diensis
420 3047 699 3092 Academiae,
719 3045 749 3090 Ι,
768 3046 851 3084 256.
