1908 3446
585 189 920 227 259.-MESSANA
950 191 972 223 :5
1000 188 1104 235 MAJJ
1140 188 1225 223 1552)
1609 186 1672 221 1823

98 299 172 343 >uix
195 297 306 334 bene
337 294 631 339 illucesceret,
666 304 818 330 omnes
848 291 999 341 templi
1029 289 1165 328 nostri
1195 290 1324 326 rimas
1355 288 1412 325 ita
1444 287 1642 329 refertas,
1677 292 1719 323 ut

103 368 173 420 qui
206 367 310 405 foris
346 369 526 411 starent,
561 376 711 401 currus
741 363 915 413 publico
946 361 1130 399 transitu
1160 359 1460 411 prohiberent.
1496 360 1621 407 Quae
1654 370 1722 394 res·

105 438 266 485 effecit,
287 442 331 474 ut
348 436 402 474 de
420 435 623 485 augendo
642 434 805 484 templo
825 438 1014 471 tractare
1032 431 1260 481 coeperint
1281 428 1489 468 nonnulli.
1509 429 1555 466 Id
1577 434 1720 465 autem

104 507 454 548 commodissime
476 505 571 544 fieri
588 518 719 556 posse
738 503 877 543 uisum
902 509 982 550 est,
1003 504 1037 540 si
1055 502 1225 549 domus,
1245 514 1357 552 quae
1378 501 1542 552 templo
1566 499 1723 537 adhae-

104 586 184 627 ret,
209 583 445 618 emeretur:
468 590 580 629 quae
603 589 691 615 non
720 581 786 614 est
816 576 876 613 ita
907 574 1050 625 magni
1080 574 1232 624 precij.
1265 574 1356 611 Imo
1387 572 1471 610 iam
1502 570 1725 622 plaerique

106 663 280 702 operam
301 662 420 687 suam
444 649 712 695 obtulerunt,
745 646 817 685 hic
844 647 936 694 XX,
976 646 1045 684 ille
1076 647 1208 692 XXX,
1241 645 1311 694 alij
1350 645 1479 682 etiam
1509 644 1656 694 plures
1678 655 1725 679 se

106 723 285 762 ducatos
314 721 356 759 in
386 733 478 758 rem
509 725 597 758 tam
627 719 740 770 piam
772 719 939 757 lubenti
970 717 1112 756 animo
1145 717 1383 755 collaturos
1413 714 1608 766 polliciti.
1634 713 1728 751 Nec

107 793 261 832 desunt
290 791 399 830 fabri
422 790 727 839 coementarij‚
752 790 969 839 abietarij,
992 789 1152 840 alijque
1174 787 1493 836 huiuscemodi,
1517 787 1589 838 qui
1610 786 1727 825 nullo

108 863 274 904 diurno
310 861 529 912 stipendio
565 873 716 899 manus
747 859 983 899 adiutrices
1014 860 1097 898 sint
1132 860 1315 898 allaturi.
1352 860 1492 907 Adeo,
1525 864 1571 897 ut
1606 862 1728 896 certo

109 932 367 986 sperandum
402 933 529 971 nobis
564 933 635 979 sit,
673 944 765 970 rem
801 943 1102 970 successuram
1143 944 1198 969 ex
1232 931 1362 969 animi
1396 930 1630 969 sententia.
1668 930 1731 967 Ita

111 1007 222 1045 enim
255 1017 354 1042 sese
391 1016 670 1054 comparasse
701 1003 904 1041 uidentur
938 1004 1011 1050 illi,
1049 1003 1121 1054 qui
1155 1008 1349 1041 nostram
1381 1002 1613 1041 ecclesiam
1649 1002 1731 1039 fre-

109 1080 331 1128 quentant,
356 1080 402 1112 ut
424 1073 629 1125 quicquid
651 1075 787 1112 semel
809 1074 1084 1125 arripuerint,
1104 1074 1420 1124 indefatigabili
1437 1072 1663 1125 diligentia
1679 1073 1733 1110 ad

110 1147 237 1185 finem
260 1158 396 1197 usque
417 1149 754 1196 prosequantur,
778 1145 905 1183 nullis
926 1158 1070 1195 neque
1098 1146 1340 1196 sumptibus
1361 1157 1505 1195 neque
1528 1145 1733 1196 expensis

111 1222 353 1270 parcentes,
378 1216 616 1256 dummodo
640 1216 758 1267 quod
781 1217 975 1265 student,
1001 1217 1210 1256 effectum
1233 1216 1419 1255 reddant
1440 1217 1533 1256 sibi.

164 1300 200 1328 2.
258 1289 374 1327 Ante
395 1288 506 1327 duos
528 1300 702 1326 menses
735 1287 959 1339 coepimus
991 1294 1168 1328 cantare
1199 1290 1241 1328 in
1272 1291 1435 1342 templo
1466 1288 1617 1328 laudes
1639 1301 1734 1327 ues-

113 1361 300 1413 pertinas
323 1366 366 1398 et
389 1372 603 1398 summum
634 1371 820 1407 sacrum,
859 1374 936 1400 seu
959 1367 1004 1400 ut
1026 1361 1173 1400 uerius
1195 1361 1351 1409 dicam,
1374 1363 1527 1413 legere
1550 1361 1735 1399 clariore

115 1445 241 1480 uoce3
264 1445 374 1482 quae
396 1445 468 1471 res
489 1445 576 1470 non
607 1443 758 1482 parum
789 1435 950 1473 multos
980 1434 1175 1474 attraxit.
1208 1434 1335 1473 Adeo
1371 1440 1418 1473 ut
1452 1435 1735 1484 plaerumque

114 1505 256 1555 plures
287 1503 401 1555 apud
430 1516 511 1541 nos
543 1503 801 1553 conspicere
831 1505 978 1553 liceat,
1002 1519 1129 1556 quam
1159 1506 1201 1543 in
1223 1519 1391 1544 summo
1414 1505 1596 1555 templo;
1619 1504 1736 1554 quod

116 1580 310 1614 asserant
339 1576 505 1614 nonulli
535 1576 741 1616 blandum
771 1575 889 1616 illum
920 1578 1185 1616 musicorum
1218 1583 1482 1616 concentum
1512 1577 1738 1616 instabiles

115 1646 334 1686 hominurn
355 1648 522 1687 animos
543 1662 567 1687 a
588 1649 734 1688 diuina
755 1650 1128 1701 contemplatione
1149 1662 1201 1688 ac
1222 1650 1422 1688 oratione
1443 1661 1648 1688 auocare.
1667 1649 1738 1686 Al-

117 1723 210 1757 tera
229 1719 339 1757 ratio
362 1718 431 1766 sit,
455 1720 573 1770 quod
596 1733 723 1759 mane
746 1721 972 1759 concionis
992 1721 1133 1772 gratia
1154 1734 1323 1759 summo
1347 1733 1488 1768 sacro,
1512 1734 1536 1759 a
1556 1719 1738 1771 prandio

118 1789 341 1828 doctrinae
364 1791 626 1830 christianae
648 1791 820 1840 intuitu,
845 1805 957 1843 quae
985 1793 1115 1843 paulo
1143 1797 1244 1831 ante
1268 1805 1477 1844 uesperas
1500 1792 1587 1843 legi
1609 1792 1738 1838 solet,

118 1861 311 1912 uesperis
331 1862 548 1901 interesse
569 1863 808 1915 gaudeant3
831 1864 988 1915 quibus
1010 1864 1156 1911 finitis,
1182 1878 1334 1903 omnes
1365 1877 1412 1902 se
1443 1864 1497 1902 ad
1519 1865 1739 1904 basilicam

119 1931 244 1971 diuae
280 1932 466 1984 Virginis
502 1934 751 1982 conferunt,
789 1936 1027 1974 lectionem
1065 1936 1186 1974 Pauli
1220 1936 1273 1974 ad
1308 1935 1576 1983 Corinthios,
1614 1950 1741 1986 quam

120 2005 165 2042 P.
189 2004 481 2054 Hieronymus
505 2010 512 2028 ¹
537 2018 694 2057 magno
716 2007 867 2057 populi
888 2019 1105 2045 concursu
1126 2007 1281 2046 diebus
1302 2007 1427 2046 festis
1450 2013 1494 2046 et
1515 2007 1743 2047 dominicis

117 2075 440 2125 interpretatur,
465 2076 709 2127 excepturi.
735 2079 800 2116 De
829 2078 1029 2117 doctrina
1059 2079 1294 2117 christiana
1323 2079 1427 2130 quid
1457 2079 1598 2118 dicam
1629 2080 1744 2118 aliud

119 2159 205 2184 non
232 2147 390 2194 habeo,
427 2148 510 2186 nisi
547 2148 663 2198 quod
697 2161 722 2186 a
757 2149 885 2188 solita
914 2155 1165 2188 nostrorum
1196 2150 1424 2201 diligentia
1457 2150 1561 2190 nihil
1593 2150 1745 2190 deces-

121 2217 239 2266 serit3
260 2218 279 2237 ἢ
309 2223 353 2256 et
386 2218 446 2257 ita
480 2219 623 2268 duret,
661 2225 706 2258 ut
741 2233 916 2272 sperem
947 2221 1197 2260 duraturam
1218 2227 1451 2273 perpetuo.
1475 2223 1581 2261 Non
1601 2236 1649 2262 eo
1682 2223 1746 2262 in-

122 2288 248 2338 ficias
274 2289 383 2340 quin
411 2303 631 2330 numerus
660 2305 708 2331 eo
740 2292 1107 2333 conuenientium
1135 2292 1270 2332 solito
1299 2293 1360 2332 sit
1389 2293 1742 2346 infrequentior.

132 2359 290 2399 Verum
312 2360 427 2400 illud
446 2361 622 2401 mirari
647 2363 829 2411 desinet,
862 2364 1068 2414 quisquis
1096 2377 1246 2404 secum
1271 2367 1512 2416 perpendet
1542 2365 1748 2405 ciuitatis

125 2430 257 2470 huius
277 2431 509 2472 saniorem
525 2436 708 2484 partem
724 2435 984 2475 nutriendis
1001 2435 1283 2486 bombycibus
1299 2437 1532 2488 occupari,
1554 2440 1601 2476 nt
1620 2439 1749 2478 nullo

125 2502 261 2541 totius
282 2503 394 2542 anni
415 2506 612 2555 tempore
631 2505 841 2546 rariores
863 2508 937 2547 hic
958 2508 1079 2547 ci‘zsies
1108 2520 1290 2548 cernere
1318 2508 1393 2555 sit,
1427 2522 1565 2559 qnam
1593 2509 1751 2549 statim

128 2575 331 2613 reuoluto
343 2577 577 2625 paschate.
605 2578 736 2628 Quod
758 2579 889 2617 etiam
911 2580 953 2617 in
973 2579 1224 2627 iuuenibus,
1251 2585 1295 2618 et
1316 2580 1505 2619 maxime
1527 2582 1752 2621 scholasti-

129 2644 190 2684 cis
209 2646 244 2692 b,
266 2658 353 2684 non
375 2647 490 2685 solet
512 2660 610 2687 esse
631 2649 901 2701 infrequens3
924 2651 1037 2690 adeo
1068 2656 1115 2689 ut
1144 2657 1320 2702 praeter
1351 2651 1526 2690 solitum
1555 2654 1752 2705 contige-

174 2807 194 2827 a
242 2807 427 2845 Emend.
448 2818 499 2845 ex
516 2805 758 2843 decreuerit.
817 2826 840 2828 -
859 2805 878 2829 b
900 2803 1000 2840 Alia
1023 2814 1187 2840 manus
1205 2806 1269 2839 ita
1290 2803 1479 2838 mutavit
1498 2799 1616 2845 Quod
1637 2799 1675 2834 in
1707 2809 1755 2833 ea

130 2866 328 2904 audienda
346 2879 539 2904 numerus
557 2867 752 2903 iuuenum
768 2869 807 2901 et
828 2863 1001 2900 maxime
1021 2862 1372 2900 scholasticorum.

181 3018 188 3038 ¹
242 3016 286 3055 P.
309 3017 583 3066 Hieronymus
604 3015 756 3053 Otello.
