1908 3446
515 164 929 202 alo—Incorsmmo
960 165 973 200 l
1005 163 1269 200 SEPTEMssms
1302 162 1390 199 1560
1660 162 1720 198 78}

153 269 244 301 tant
266 265 369 302 satis
391 266 509 303 multi
534 266 757 315 utriusque
782 279 913 303 sexus
935 266 1148 311 homines,
1180 265 1284 302 licet
1311 277 1335 301 a
1365 265 1583 302 communi
1613 264 1776 302 liabita-

153 336 272 372 tione
302 336 448 386 populj
481 336 535 373 sit
567 336 777 373 semotior
799 337 870 374 hic
891 336 1027 373 locus
1054 337 1159 373 Esse
1181 340 1328 373 autem
1351 334 1526 372 minime
1548 334 1777 385 frugiferas

153 406 362 457 colligere
385 406 532 444 licebit
555 419 609 444 ex
632 420 716 444 uno
743 413 786 444 et
808 408 962 453 altero,
995 406 1112 457 quod
1143 405 1384 454 subijciam,
1424 406 1642 455 exemplo.
1668 405 1776 442 Cum

151 477 296 528 itaque
319 490 456 528 nuper
473 477 566 528 ipse
589 478 875 515 concionator
893 477 1117 515 docuisset
1140 477 1260 514 iuxta
1276 476 1519 514 doctrinam
1538 476 1778 514 Saluatoris

150 547 287 596 nostrj
307 560 394 586 non
406 547 581 594 diuites,
602 548 680 586 sed
698 561 914 599 pauperes
931 549 1074 599 potius
1090 547 1340 586 inuitandos
1353 560 1451 585 esse
1468 546 1521 584 ad
1538 559 1731 584 mensam
1751 552 1776 593 ¹,

152 624 317 656 tantum
339 619 474 657 ualuit
495 620 530 657 is
552 632 712 665 sermo,
740 622 787 657 ut
819 621 1025 670 opulenta
1046 619 1260 670 quaedam
1291 618 1422 657 uidua
1452 626 1469 643 ἃ
1503 616 1779 668 pauperculis

152 689 403 727 mulieribus
420 690 583 728 bonum
605 690 855 728 conuiuium
877 691 1147 737 instruxerit,
1168 690 1371 729 confessa
1386 701 1604 738 nunquam
1623 700 1669 726 se
1691 688 1778 725 tale

151 760 253 812 quid
283 761 324 799 in
348 761 563 800 concione
586 761 823 800 audiuisse.
849 763 958 800 Item
980 763 1106 813 uirgo
1129 761 1343 812 quaedam
1366 759 1590 799 cuiusdam
1612 759 1779 810 praedi-

152 833 251 871 uitis
273 832 430 871 uiduae
452 833 553 880 filia,
578 847 655 884 per
678 834 861 885 simplex
884 840 1036 871 uotum
1071 834 1165 871 Deo
1198 834 1280 871 iam
1303 833 1461 879 dicata,
1494 831 1780 870 concionibus

150 909 400 942 nostrorum
431 904 472 941 in
503 910 655 942 sancto
689 918 767 942 suo
798 905 1024 955 proposito
1062 905 1215 943 mirum
1245 905 1287 943 in
1318 902 1493 942 modum
1526 903 1781 941 confirmata

152 981 234 1015 est.
258 976 312 1014 Et
340 975 442 1026 quid
474 976 649 1014 mirum?
680 977 764 1027 Ipsi
796 977 910 1014 enim
942 980 1047 1014 uota
1078 976 1320 1015 monastica
1350 981 1394 1013 et
1426 975 1601 1013 omnino
1632 973 1781 1012 mundi

151 1052 451 1098 contemptum
490 1048 738 1085 accuratius
777 1048 1177 1098 uehementiusque
1213 1048 1357 1085 solent
1391 1045 1633 1084 identidem
1665 1058 1780 1084 com-

150 1116 373 1156 mendare.
399 1117 537 1156 Mater
559 1130 667 1156 uero
689 1118 817 1156 facile
841 1118 1077 1156 aduertens
1100 1119 1186 1156 uim
1208 1122 1339 1168 atque
1362 1116 1585 1168 energiam
1617 1128 1780 1154 sermo-

150 1188 214 1226 nis
236 1188 278 1226 in
298 1187 385 1226 filia
405 1188 587 1226 multum
611 1188 806 1236 efficere,
829 1201 880 1227 ac
911 1194 1112 1227 metuens
1134 1188 1332 1239 proinde,
1355 1200 1411 1226 ne
1441 1188 1524 1233 illa,
1555 1201 1601 1225 se
1633 1186 1780 1225 deser-

151 1264 209 1306 ta,
232 1259 275 1297 in
296 1260 609 1297 monasterium
632 1259 910 1310 confugeret,
945 1260 1093 1311 coepit
1124 1259 1184 1308 utj
1218 1258 1403 1310 quadam
1432 1258 1603 1296 uafritie
1635 1258 1780 1296 huma-

150 1342 247 1376 nae,
282 1342 361 1368 seu
391 1330 536 1381 potius
560 1331 743 1368 carnalis
766 1330 1022 1381 sapientiae.
1047 1332 1157 1369 Nam
1178 1331 1309 1368 filiam
1330 1329 1384 1368 ad
1405 1330 1488 1367 alia
1507 1329 1684 1380 templa,
1708 1330 1781 1368 ubi

150 1401 254 1440 nihil
286 1402 365 1440 sibi
397 1401 681 1440 metuendum
710 1403 907 1460 putabat,
941 1402 1141 1449 deduxit3
1173 1402 1314 1440 uerita
1343 1401 1514 1439 scilicet
1543 1413 1613 1448 ne,
1646 1399 1682 1438 si
1711 1400 1782 1438 illa

151 1474 312 1512 nostris
334 1474 403 1511 uel
435 1474 571 1511 semel
607 1473 908 1520 confiteretur,
935 1474 1061 1512 citius
1083 1473 1368 1511 monasticam
1391 1473 1523 1510 uitam
1545 1472 1781 1523 amplecte-

151 1550 286 1583 retur.
319 1545 455 1596 Virgo
487 1550 635 1583 tamen
664 1544 751 1583 fide
782 1557 833 1583 ac
863 1545 1066 1595 precibus
1105 1551 1270 1583 armata
1307 1550 1499 1582 astutum
1531 1550 1576 1582 et
1605 1543 1780 1595 impium

151 1616 339 1654 animum
362 1616 494 1654 euicit
516 1617 679 1663 matris,
703 1628 754 1654 ac
782 1617 843 1655 sic
872 1617 1020 1663 euicit,
1055 1622 1100 1654 ut
1130 1629 1217 1654 non
1249 1616 1389 1654 solum
1421 1615 1590 1666 copiam
1621 1616 1782 1653 nostris

152 1688 391 1726 confitendi
414 1689 667 1735 obtinuerit,
693 1701 844 1726 uerum
877 1689 1023 1735 etiam,
1058 1693 1104 1726 ut
1134 1687 1249 1726 idem
1279 1687 1450 1726 faceret
1479 1693 1618 1725 mater
1648 1687 1781 1738 impe-

152 1759 349 1798 trauerit.
386 1759 474 1798 Sed
506 1765 550 1798 et
579 1760 683 1798 illud
715 1761 851 1811 magis
883 1759 1123 1798 mirandum
1156 1766 1238 1807 est,
1271 1759 1388 1810 quod
1418 1759 1595 1798 tandem
1630 1760 1673 1809 [Ρ]
1707 1760 1781 1797 mi-

152 1831 274 1869 rabili
296 1843 400 1869 suae
421 1831 540 1869 uitae
563 1832 784 1882 exemplo,
807 1832 953 1882 potius
974 1844 1102 1882 quam
1124 1832 1400 1870 sermonibus
1420 1831 1645 1880 suasorijs,
1670 1831 1782 1869 desi-

153 1903 321 1942 derium
342 1915 517 1954 quoque
541 1904 633 1941 eius
656 1904 798 1941 animo
821 1904 881 1941 ita
901 1903 1173 1954 impresserit
1194 1902 1469 1954 ingrediendj
1502 1903 1779 1954 religionem,

153 1979 199 2012 ut
231 1975 439 2025 pristinae
473 1973 646 2012 reddita
667 1975 838 2012 sanitati
860 1973 1063 2023 (aduersa
1084 1973 1298 2024 siquidem
1319 1975 1489 2012 laborat
1511 1973 1782 2023 ualetudine)

152 2046 193 2083 in
216 2045 448 2084 cenobium
472 2058 569 2083 cum
590 2045 677 2083 filia
698 2058 800 2083 mox
823 2046 1059 2084 conuolare
1081 2046 1263 2084 firmiter
1282 2051 1513 2096 proponat.

233 2118 327 2155 Hos
366 2116 542 2168 quidem
580 2129 745 2168 paucos
780 2122 913 2167 atque
950 2117 1135 2168 exiguos
1173 2130 1227 2155 ex
1263 2118 1347 2155 ista
1385 2130 1529 2156 messe
1570 2117 1779 2168 spiritualj

154 2201 255 2227 cum
285 2187 522 2238 corporali
559 2187 651 2226 iam
682 2187 952 2238 praeterita,
991 2189 1205 2227 collectos
1238 2189 1479 2240 manipulos
1511 2189 1558 2227 R.
1594 2189 1641 2227 P.
1679 2193 1781 2226 tuae

155 2258 394 2306 offerimus,
414 2261 651 2309 precantes
672 2259 690 2283 ὓ
713 2259 874 2296 obnixe
896 2265 913 2283 0
934 2272 1032 2297 cum
1055 2260 1255 2297 omnibus
1278 2259 1479 2297 Patribus
1500 2272 1552 2298 ac
1576 2259 1782 2297 fratribus

153 2330 314 2368 nostris
344 2330 416 2380 qui
445 2330 575 2368 isthic
597 2335 936 2376 commorantur,
970 2336 1016 2368 ut
1038 2331 1125 2368 suis
1147 2331 1373 2380 sacrificijs
1403 2343 1454 2369 ac
1475 2331 1679 2382 precibus
1706 2343 1782 2368 no-

153 2401 219 2438 bis
241 2413 265 2438 a
286 2400 472 2439 Domino
496 2402 592 2439 Deo
615 2401 959 2440 misericordiam
982 2406 1024 2440 et
1047 2403 1229 2453 gratiam
1260 2403 1480 2453 impetret,
1511 2415 1596 2453 quo
1620 2408 1665 2441 et
1695 2402 1782 2440 ani-

155 2484 245 2510 mas
265 2477 437 2511 nostras
460 2478 504 2511 et
524 2473 823 2524 proximorum
845 2479 1096 2512 nostrorum
1117 2478 1338 2525 tamquam
1359 2474 1487 2525 probi
1507 2474 1674 2525 gratiae
1698 2473 1779 2522 Dej

155 2542 471 2594 cooperatores
489 2544 711 2582 ualeamus
728 2543 782 2582 ad
799 2549 1024 2583 aeternam
1038 2544 1326 2584 foelicitatem
1342 2544 1604 2596 perducere.
1623 2544 1778 2583 Amen.

201 2727 221 2746 ²²
269 2727 376 2774 apud
395 2729 629 2774 opulentam
648 2728 866 2775 quamdam
885 2728 1046 2766 viduam
1066 2734 1121 2766 vt.
1176 2731 1240 2755 -b
1260 2729 1411 2767 Dubia
1439 2730 1530 2768 lect.
1596 2738 1660 2756 —0
1692 2742 1782 2777 pre—

155 2799 306 2824 camur.

205 2970 215 2989 ¹
267 2968 331 3006 Cf.
352 2967 472 3013 LUc.,
489 2967 606 3013 XIV,
629 2967 685 3012 12,
708 2968 763 3005 13.
