1908 3446
503 108 887 144 43O.—-P1-AOENT1A
920 107 962 144 16
987 106 1248 145 Sep-ramam
1278 105 1367 142 1500
1635 105 1698 142 871

126 211 187 247 las
208 209 477 248 habilidades
499 209 624 246 desta
645 210 777 247 tierra
800 223 877 247 son
897 208 1143 257 eseogidas.
1170 210 1250 246 Las
1268 209 1482 246 lectiones
1499 220 1552 244 an
1571 207 1748 255 0653110,

126 294 296 332 avnque
328 294 383 319 no
406 280 476 318 del
508 279 631 326 10(10’,
665 280 809 319 dende
846 281 884 319 el
915 281 1124 331 prineipio
1148 280 1201 318 de
1230 281 1401 330 Agosto
1433 292 1511 329 por
1544 280 1582 316 el
1615 279 1748 326 calor,

126 365 252 389 como
286 364 332 389 se
363 351 640 390 aeostumbra
672 364 723 389 en
756 351 882 389 todas
905 357 1063 401 partes,
1090 353 1260 389 Leense
1283 349 1363 388 dos
1393 362 1446 387 en
1477 349 1585 387 cada
1616 351 1748 396 clase,

128 435 209 460 vna
231 435 254 460 a
275 424 314 460 13
336 426 516 460 manana
551 436 576 471 y
601 427 693 459 otra
715 434 739 458 a
759 423 798 459 13
821 422 959 460 tarde.
984 422 1059 459 Asi
1082 421 1234 459 mismo
1267 434 1313 459 se
1335 434 1360 458 a
1380 419 1554 458 dexado
1578 420 1630 457 (10
1654 433 1751 457 can-

126 499 190 531 tar
212 494 250 531 13
272 494 471 533 doctrina
491 506 570 543 por
592 495 775 543 algunos
798 493 904 531 dias.
932 495 1096 543 Espero
1119 493 1302 530 habrase
1325 494 1457 542 luego
1481 492 1535 529 (16
1560 498 1707 529 tornar
1728 505 1752 529 3

127 566 225 612 6113,
248 577 415 615 porque
445 576 608 615 apenas
639 565 814 601 salimos
838 578 918 602 vez
949 565 1107 612 alguna
1128 564 1181 602 de
1212 576 1325 610 casa,
1349 576 1434 615 que
1465 577 1520 601 no
1554 564 1752 612 oigamos

124 649 290 688 quexas
311 648 477 687 porque
499 650 555 673 no
579 649 624 674 se
647 635 758 674 dize.
786 635 956 686 [Preces
970 636 1177 686 postulat
1194 638 1232 674 et
1249 636 1347 674 vale
1364 634 1505 684 dicim
1533 637 1596 673 De
1615 636 1752 685 Sego-

125 708 194 746 uia
215 720 239 746 a
260 713 380 745 treze
403 707 457 745 de
480 707 728 745 Setiembre
752 706 806 744 de
833 707 945 755 1560.
973 708 1056 745 Por
1079 707 1360 745 eommissic'm
1383 706 1454 744 del
1478 706 1618 744 Padre
1648 707 1751 744 San-

305 780 311 798 1

127 779 280 817 ‘rander
322 809 329 826 ‚
355 783 517 817 rector.

206 852 270 889 De
292 851 343 889 V.
369 851 415 888 P.
440 848 633 887 humilde
655 848 744 898 hijo
767 863 792 899 y
815 849 960 887 sieruo
985 849 1161 900 indigno
1186 863 1239 887 en
1256 850 1484 900 Jesuchro.

1047 952 1074 1000 †
1105 951 1298 989 ANTONlo
1330 963 1383 988 DE
1414 951 1584 988 Tonans
1615 953 1641 998 †
1674 954 1699 988 ².

209 1075 541 1126 Quadrimestre
564 1074 634 1113 del
658 1075 848 1125 collegio
871 1074 925 1112 de
947 1075 1141 1125 Segouia
1163 1087 1217 1112 en
1240 1075 1405 1126 vulgar.

545 1308 558 1324 ¹
881 1288 994 1339 430

458 1429 1032 1476 FERDINANUS
1082 1429 1424 1476 GARCIA

552 1571 784 1597 PLACENMA
819 1560 859 1597 16
883 1571 1140 1598 SEPTEMBRJS
1170 1560 1257 1596 1560
1285 1560 1311 1596 ³.

128 1684 161 1720 1.
196 1680 435 1720 Sociorum
468 1692 700 1718 numeras.
738 1681 976 1731 Religiosa
1012 1681 1260 1732 disciplina
1299 1682 1473 1732 vigens.
1520 1682 1748 1720 Valetudo.

207 1746 491 1785 Litterarum
526 1745 681 1783 studia
716 1746 768 1784 ob
804 1747 980 1786 calores
1012 1747 1391 1787 intermissa—2.
1428 1746 1668 1786 Contiones
1698 1749 1757 1785 ad

202 1812 434 1863 populum.
477 1811 733 1851 Concursus
769 1814 828 1850 ad
861 1816 1168 1852 sacramenta.
1207 1813 1431 1853 Caritatis
1467 1816 1602 1863 opera
1638 1825 1754 1864 erga

205 1879 422 1929 aegrotos
456 1879 495 1916 et
527 1877 668 1915 morti
692 1877 943 1928 proximos.
980 1878 1254 1918 Doctrinam
1286 1879 1594 1918 christianam
1621 1878 1758 1928 paeri

205 1941 562 1982 edocentur—3.
605 1942 774 1993 Templi
804 1946 843 1982 et
874 1944 1055 1983 aedium
1085 1944 1496 1984 &structuras—4.
1524 1943 1692 1983 Clerici
1717 1946 1757 1983 et

209 2007 375 2059 reliqui
395 2008 511 2048 cives
530 2007 667 2048 sociis
690 2009 902 2048 benevoli.

185 2145 218 2172 Ι.
278 2134 394 2172 Ihus.
419 2133 668 2173 Admodum
692 2135 788 2173 R.d⁶=
809 2136 850 2173 in
873 2135 1047 2175 Christo
1074 2137 1216 2174 Pater.
1242 2135 1394 2174 Gratia
1424 2140 1468 2173 et
1494 2147 1579 2186 pax
1612 2134 1758 2172 Chris-

127 2205 158 2243 ti
194 2210 309 2244 etce.
346 2205 393 2242 In
434 2205 519 2243 1100
554 2206 745 2256 collegio
782 2205 982 2257 degimus
1013 2207 1055 2244 in
1092 2207 1343 2257 praesentia
1373 2205 1631 2244 sacerdotes
1661 2218 1755 2252 sex⁷

130 2276 287 2314 fratres
309 2288 416 2314 uero
440 2276 689 2315 duodecim.
715 2277 895 2324 Omnes,
922 2276 1102 2316 caelesti
1124 2277 1343 2328 aspirante
1374 2277 1565 2324 numine,
1589 2276 1643 2314 ad
1673 2289 1757 2315 ma-

128 2347 267 2386 iorem
289 2348 332 2385 in
353 2347 504 2398 spiritu
525 2348 772 2398 profectum
794 2360 967 2399 semper
990 2348 1277 2396 contendunt,
1302 2349 1470 2387 cunctis
1492 2348 1533 2386 111
1551 2349 1683 2386 rebus
1704 2348 1758 2386 ad

130 2431 229 2456 eum
258 2418 439 2457 viuendi
469 2418 662 2466 modum,
695 2432 825 2470 quem
856 2420 1093 2458 Societatis
1122 2426 1300 2458 nostrae
1331 2419 1465 2458 docet
1495 2419 1755 2466 institutum,

130 2490 301 2540 seipsos
335 2490 739 2529 accommodantes.
774 2489 975 2529 Vniuersi
1012 2492 1142 2530 etiam
1174 2504 1308 2530 verae
1339 2492 1380 2530 in
1418 2492 1616 2529 omnibus
1654 2491 1756 2530 obe-

128 2560 335 2608 dientiae,
373 2560 700 2600 mortificationi
734 2574 786 2600 30
814 2562 1102 2613 poenitentijs
1139 2563 1410 2610 incumbunt3
1448 2568 1686 2613 mutuaque
1709 2575 1756 2600 se

179 2729 187 2748 ¹
239 2727 473 2765 Ludovicus
492 2727 541 2764 de
561 2726 805 2765 Santander.

176 2788 188 2808 ²
239 2787 346 2824 Vide
366 2787 467 2824 Litt.
487 2787 740 2834 Quadam..
765 2785 816 2830 V,
837 2787 895 2831 70,
916 2792 1052 2824 annot.
1073 2786 1107 2824 2.

174 2848 187 2867 ³
238 2846 298 2884 Ex
317 2859 458 2893 apogr.
477 2847 518 2883 in
536 2846 701 2883 archivo
719 2846 895 2884 civitatis
925 2846 1167 2884 coloniensis
1185 2851 1409 2891 asservato,
1442 2846 1482 2882 in
1518 2846 1604 2884 cod.
1632 2846 1680 2893 J.
1707 2847 1756 2894 J.

134 2906 219 2945 723
239 2906 297 2950 II,
320 2906 335 2943 1
355 2906 440 2951 fol„
461 2919 500 2944 n.
528 2905 605 2952 142,
626 2906 733 2943 inter
748 2906 942 2954 epistolas
959 2906 1117 2944 Italiae.
