1908 3446
192 345 262 383 612
681 344 899 383 LITTERAE
926 344 1283 390 QUADRIMESTRES

148 450 219 499 qui
242 462 297 487 ex
319 450 542 488 consortio
565 463 799 501 prauorum
820 450 1043 487 hominum
1074 447 1234 500 aliquid
1264 449 1370 487 labis
1393 449 1434 486 in
1456 449 1649 487 moribus
1673 462 1773 488 con-

148 522 332 559 traxisse
355 521 469 559 haud
490 523 731 572 ignoretur.
758 521 803 559 Id
828 521 941 558 enim
963 527 1031 558 est
1053 519 1359 571 compendium
1384 526 1426 557 et
1448 520 1614 558 fructus
1645 533 1773 570 quem

147 593 257 643 parit
285 593 369 631 iste
402 593 645 639 conuictus,
678 593 861 643 primum
893 597 939 629 ut
968 591 1217 630 huiusmodi
1247 591 1572 634 adolescentes,
1606 592 1773 629 sublata

149 665 264 702 omni
300 663 533 703 occasione
570 666 681 702 male
722 663 914 710 viuendi,
952 663 1065 714 apud
1100 676 1180 702 nos
1215 664 1337 700 uelut
1371 662 1639 701 defricentur
1673 664 1692 682 ἃ

1726 677 1774 701 ac

147 736 313 773 discant
336 737 499 774 rectius
522 734 696 773 viuendi
720 735 950 781 rationem,
974 735 1222 785 priusquam
1245 734 1511 785 contagione
1533 734 1659 772 huius
1682 748 1774 773 cor-

145 808 379 857 ruptissimj
404 808 568 845 saeculi
589 806 899 857 deprauentur.
926 806 1096 845 Deinde
1118 813 1164 844 ut
1186 808 1323 857 pueri,
1344 819 1471 856 quarn
1493 807 1693 845 adferant
1711 807 1774 844 vi-

147 884 217 916 tae
249 879 558 925 innocentiam,
590 879 822 925 retineant,
849 884 892 916 et
914 879 955 916 in
977 892 1144 917 summa
1167 891 1319 916 omnes
1342 878 1619 917 christianam
1640 878 1774 929 pieta-

146 955 235 988 tem
259 963 355 987 cum
379 949 626 987 eruditione
664 950 945 1000 coniungant.
980 951 1026 988 Id
1059 963 1161 988 sane
1194 951 1277 988 iarn
1307 963 1395 988 non
1425 951 1517 988 sine
1549 949 1676 998 animj
1709 949 1773 998 suj

144 1022 310 1060 laetitia
339 1021 625 1071 quorumdam
656 1026 862 1071 parentes
894 1022 1194 1072 experiuntur3
1231 1035 1341 1073 quos
1374 1022 1487 1059 enirn
1523 1021 1623 1059 alibi
1658 1021 1775 1072 prius

144 1093 338 1131 habuere
370 1092 593 1143 prodigos,
618 1093 797 1140 inertes,
823 1105 872 1131 ac
893 1093 1119 1144 naufragio
1144 1106 1247 1131 suae
1270 1094 1420 1131 salutis
1451 1093 1691 1143 proximos,
1715 1093 1774 1130 vi-

145 1164 249 1203 dent
270 1178 384 1203 nunc
406 1165 486 1202 sub
509 1164 710 1203 custodia
731 1165 906 1202 salutari
929 1165 1184 1202 melioribus
1206 1165 1362 1214 studijs
1385 1164 1586 1203 alacriter
1614 1166 1775 1202 incum-

145 1236 266 1273 bere.
301 1236 395 1274 Hac
425 1236 596 1273 ratione
628 1236 747 1273 ducti
778 1236 857 1273 viri
890 1236 1020 1273 etiam
1050 1235 1267 1286 principes
1290 1248 1392 1273 suos
1414 1236 1612 1273 alumnos
1633 1236 1674 1272 in
1695 1235 1776 1272 hac

146 1307 371 1345 academia
392 1307 625 1358 degentes,
649 1320 759 1358 quos
788 1308 858 1344 vel
887 1313 1008 1345 aetas
1038 1307 1308 1357 prouectior,
1342 1307 1413 1344 vel
1444 1306 1685 1344 studiorum
1717 1306 1776 1343 di-

146 1391 275 1416 uersa
304 1378 414 1416 ratio
446 1391 471 1416 a
500 1384 652 1416 nostro
684 1384 806 1416 arcet
837 1379 1059 1426 conuictu,
1093 1391 1226 1428 saepe
1254 1390 1438 1415 numero
1469 1378 1629 1415 nostris
1661 1389 1776 1414 com-

145 1448 352 1487 mendant
375 1454 418 1487 et
446 1462 598 1487 eorum
631 1450 831 1500 regimini
862 1450 1164 1500 quadantenus
1196 1450 1419 1488 subiectos
1452 1461 1549 1486 esse
1582 1449 1772 1498 cupiunt.

145 1522 364 1572 Theologi
394 1521 533 1559 nostri
563 1521 635 1571 qui
664 1522 838 1572 publice
860 1522 1121 1572 profitentur
1145 1520 1170 1568 ¹,
1195 1520 1419 1558 auditores
1442 1520 1603 1557 habent
1625 1519 1667 1557 in
1689 1532 1775 1557 ine-

145 1592 283 1632 diocri
316 1606 514 1631 numero:
548 1593 621 1643 qui
651 1593 787 1630 maior
818 1594 969 1643 procul
1001 1592 1134 1630 dubio
1169 1593 1300 1638 foret,
1335 1591 1369 1629 si
1400 1591 1553 1629 sathan
1582 1590 1674 1640 ipse
1707 1590 1776 1628 hic

145 1677 320 1715 quoque
342 1677 429 1702 non
449 1664 633 1702 haberet
656 1677 759 1701 suos
781 1664 1016 1711 ministros,
1040 1677 1225 1713 quorum
1250 1663 1420 1701 technis
1443 1668 1574 1713 atque
1596 1662 1775 1713 figmen-

144 1737 198 1774 tis
221 1736 497 1775 calumniosis
520 1735 713 1773 nonnulli
737 1747 792 1772 ex
815 1735 1022 1773 studiosis
1045 1748 1069 1773 a
1099 1747 1230 1773 sanae
1253 1734 1480 1772 doctrinae
1513 1733 1657 1771 studio
1688 1746 1775 1771 non

145 1814 453 1856 auocarentur,
476 1821 561 1857 qua
590 1808 631 1846 in
662 1820 709 1845 re
731 1807 871 1845 videri
892 1808 1046 1845 uolunt
1067 1819 1115 1844 se
1140 1807 1399 1856 obsequium
1419 1810 1644 1857 praestare
1679 1806 1773 1843 Deo

150 1892 227 1917 sua
247 1879 409 1917 inuidia
430 1891 481 1917 ac
501 1879 663 1916 malitia
685 1878 806 1916 caeci
828 1891 878 1916 ac
900 1878 1128 1928 deprauati
1148 1878 1350 1915 homines

200 1961 237 1988 2.
298 1952 336 1989 Is
367 1963 474 1988 uero
507 1950 576 2001 qui
598 1950 814 1988 lectiones
838 1949 998 2000 repetit
1019 1948 1228 1986 studiosis
1251 1947 1355 1986 noui
1377 1948 1554 1998 collegij
1578 1946 1604 1995 ²,
1630 1947 1775 1985 diuina

148 2036 230 2073 ope
252 2022 441 2070 adiutus,
464 2022 508 2060 id
532 2021 695 2068 effecit,
721 2027 767 2059 ut
788 2035 875 2060 non
898 2021 1038 2059 solum
1060 2021 1086 2070 ij
1111 2021 1152 2058 in
1175 2021 1262 2058 suis
1284 2019 1598 2070 philosophicis
1620 2019 1774 2068 studijs

144 2094 417 2132 foeliciorem
439 2106 722 2145 progressum
744 2094 919 2140 faciant,
940 2105 1093 2130 verum
1117 2094 1248 2130 etiam
1271 2097 1317 2129 ut
1340 2104 1438 2129 sese
1461 2093 1598 2142 magis
1620 2097 1775 2129 tracta-

144 2167 254 2204 biles
290 2166 516 2216 magisque
551 2167 798 2216 morigeros
834 2165 1006 2216 regentj
1040 2178 1119 2202 suo
1154 2165 1174 2188 b
1201 2164 1456 2213 exhibeant,
1491 2162 1773 2213 quemadmo-

146 2237 247 2275 dum
264 2238 450 2286 ipsemet
467 2249 628 2287 regens
646 2237 798 2274 testari
817 2237 946 2275 solet.
968 2237 1046 2274 His
1063 2234 1222 2273 accidit
1239 2234 1357 2286 quod
1376 2234 1773 2281 exhortationibus,

146 2315 236 2347 tum
266 2309 464 2360 publicis,
497 2315 588 2348 tum
617 2309 798 2359 priuatis
828 2309 894 2347 sui
914 2309 1168 2359 repetitoris
1191 2307 1386 2345 crebrius
1410 2306 1700 2344 confiteantur
1732 2311 1775 2343 et

147 2381 486 2428 communicent,
509 2382 582 2419 ubi
617 2381 721 2419 alias
757 2381 811 2419 ad
845 2382 956 2419 haec
991 2386 1268 2418 sacramenta
1302 2379 1374 2416 vix
1410 2379 1452 2416 in
1487 2391 1599 2416 anno
1638 2377 1774 2415 semel

147 2457 329 2504 possent
351 2452 548 2503 perpelli.

200 2537 238 2574 3.
301 2525 551 2564 Conciones
574 2530 661 2562 tarn
682 2524 959 2576 germanicae
983 2537 1110 2574 quam
1131 2523 1292 2562 latinae
1313 2524 1545 2570 habentur,
1571 2521 1682 2560 sicut
1704 2533 1774 2559 an-

147 2599 293 2644 tehac,
319 2596 547 2635 dominicis
568 2609 619 2634 ac
638 2596 763 2634 festis
786 2596 954 2634 diebus.
980 2597 1203 2646 Vtraeque
1233 2595 1353 2633 viros
1383 2595 1546 2632 habent
1579 2591 1775 2631 eruditos

146 2668 371 2707 auditores
387 2673 562 2718 praeter
578 2669 813 2718 populares
832 2673 877 2705 et
893 2668 1257 2706 scholasticorum
1274 2679 1353 2704 seu
1371 2665 1667 2704 studiosorum
1684 2664 1774 2703 vul-

194 2819 213 2838 a
262 2817 486 2856 deficentur
505 2829 585 2856 ms.
632 2819 697 2844 -b
717 2817 815 2856 Del.
835 2831 892 2855 se.

196 2977 205 2997 ¹
257 2974 526 3020 Theologiam
545 2973 838 3020 profitebantur
867 2973 948 3010 ΡΡ.
976 2973 1156 3020 Joannes
1187 2972 1481 3016 Couvillonius,
1513 2971 1774 3008 Hermannus

147 3035 377 3082 Thyraeus,
398 3039 438 3071 et
459 3033 694 3080 Alphonsus
713 3032 886 3070 Pisanus
905 3032 1045 3077 (Pisa).

195 3095 208 3114 ²
260 3093 366 3130 Vide
385 3106 421 3140 p.
442 3092 528 3130 315.
553 3091 590 3128 Is
609 3096 697 3128 erat
715 3091 892 3128 Hermes
910 3091 1193 3129 Semicolanus
1223 3090 1482 3137 (Halbpaur).
1515 3088 1624 3126 Vide
1655 3088 1772 3126 infer.

148 3154 264 3202 epist.
285 3154 449 3200 ingolst.
473 3153 488 3189 1
510 3150 622 3198 Sept.
644 3151 764 3199 hujus
783 3151 893 3188 anni.
