1908 3446
430 182 813 222 317.-FL0RENT1A
837 182 884 222 26
910 183 1153 221 DECEMBffls
1183 184 1272 222 1559
1538 186 1605 222 417

21 303 178 337 causa,
211 290 332 327 hilari
363 302 413 327 ac
443 289 601 327 ridenti
632 289 754 327 uultu
784 289 1029 327 affirmauit.
1066 290 1140 327 Est
1164 295 1207 327 et
1238 288 1353 326 aliud
1385 289 1486 326 huic
1518 289 1655 327 similo

14 359 22 418 l
38 363 271 414 puellarum
294 360 543 410 hospitium,
567 373 672 410 quas
696 374 804 398 unus
837 373 891 398 ex
921 361 1082 399 nostris
1112 360 1317 397 ‘fratribus
1347 360 1472 397 festis
1503 358 1657 397 (liebus

39 433 274 472 doctrinam
313 431 488 479 edocet,
528 445 781 483 summaque
818 445 914 470 cum
951 432 1163 470 charitate
1199 432 1368 478 imbuit,
1406 444 1489 469 nec
1519 432 1657 469 minus

38 517 160 556 quam
182 504 431 554 superiores
461 504 502 541 in
533 505 633 555 lege
666 503 839 542 Domini
868 504 1118 554 proficiunt3
1152 503 1230 541 sed
1260 509 1493 553 antequam
1525 503 1657 540 frater

38 575 265 627 hospitium
287 575 571 626 ingrediatur,
596 576 637 613 in
661 577 754 613 eius
776 577 999 622 sacellum,
1024 574 1191 626 Virgini
1214 575 1339 613 Matri
1360 587 1546 621 sacrum,
1571 587 1658 611 non

40 649 219 699 exiguus
241 648 480 697 puellarum
503 660 554 686 ac
575 660 810 697 puerorum
842 660 951 698 grex
984 660 1039 684 ex
1072 659 1123 684 ea
1145 647 1304 684 uicinia
1327 646 1562 692 concurrit,
1587 645 1658 695 qui

38 717 273 758 doctrinam
302 717 498 768 perbelle
532 723 574 755 et
608 718 807 756 ediscunt
831 722 873 756 et
901 718 1155 756 memoriter
1188 718 1390 764 recitant,
1424 730 1475 755 ac
1506 729 1657 754 eorum

40 790 239 836 omnium,
280 801 391 838 quae
431 801 455 826 a
488 788 621 826 fratre
661 794 970 840 perceperunt,
1009 795 1174 827 certam
1215 789 1426 826 rationem
1469 787 1657 826 reddunt

38 873 189 910 magna
211 873 307 898 cum
328 860 576 899 auditorum
601 860 881 900 edificatione
899 867 931 899 ὃ.

87 944 124 982 4.
184 930 300 970 Duas
335 932 405 970 hic
439 933 651 971 habemus
687 932 998 983 discipulorum
1036 933 1217 979 classes3
1253 933 1295 970 in
1322 931 1467 983 priore
1489 931 1615 982 pauci
1640 932 1659 955 b

39 1010 146 1051 sunt,
170 1016 353 1054 quorum
374 1005 567 1042 nonnulii
591 1005 859 1055 praeclaram
889 1017 992 1055 prae
1016 1017 1062 1042 se
1084 1004 1230 1042 ferunt
1252 1004 1425 1042 uirtutis
1446 1003 1657 1049 indolem3

37 1075 77 1114 in
92 1076 226 1113 altera
241 1077 346 1114 sunt
367 1075 551 1115 circiter
569 1075 910 1127 quinquaginta
935 1083 966 1123 0,
991 1075 1062 1126 qui
1084 1075 1330 1114 rudimenta
1350 1075 1660 1126 grammatices

39 1147 276 1186 addiscunt.

88 1227 123 1267 5.
181 1217 289 1256 Illud
322 1222 548 1269 postremo
584 1231 672 1257 non
695 1224 762 1257 est
797 1219 969 1257 silentio
1006 1218 1393 1269 praetereundum,
1431 1218 1502 1255 hic
1536 1218 1658 1255 aleae

36 1288 177 1327 ludum
198 1289 258 1327 ita
277 1289 577 1339 frequentar[i]
603 1289 637 1337 d,
662 1294 708 1327 ut
730 1290 972 1329 aleatorum
996 1295 1203 1328 cateruae
1224 1289 1266 1328 in
1283 1290 1366 1338 vijs
1389 1289 1659 1339 conspician-

20 1351 117 1419 {tur3
139 1373 247 1410 quos
269 1361 407 1398 nostri
437 1361 582 1399 solent
612 1361 932 1400 studiosissime
961 1362 1003 1399 in
1032 1360 1236 1408 Domino,
1270 1367 1316 1398 ut
1347 1373 1418 1399 res
1448 1361 1655 1411 postdat,

16 1420 285 1484 ladmonere,
317 1446 401 1484 quo
433 1434 495 1481 fit,
529 1439 575 1471 ut
605 1434 798 1472 nonnulli
831 1447 855 1472 a
884 1446 1019 1484 prauo
1051 1434 1250 1472 instituto
1273 1433 1502 1480 desistant,
1527 1439 1658 1483 atque

36 1503 87 1542 ad
106 1505 263 1543 bonam
284 1505 456 1556 frugem
478 1506 678 1552 redeant;
702 1505 825 1544 multi
847 1506 888 1544 in
909 1506 1003 1556 ipso
1036 1505 1138 1544 ludo
1171 1505 1452 1556 deprehensi,
1486 1509 1657 1543 nostro-

36 1588 123 1614 rum
149 1576 322 1614 monitis
352 1576 567 1623 deterriti,
602 1577 664 1615 eis
695 1578 813 1615 aleas
842 1578 1084 1628 porrigant,
1118 1578 1286 1616 coeteri
1308 1577 1409 1615 dum
1433 1589 1511 1616 eos
1533 1576 1588 1615 ad
1610 1589 1657 1614 se

37 1645 259 1685 uenientes
280 1648 518 1696 intuentur,
544 1648 690 1687 statim
711 1648 890 1687 ludendi
911 1649 1042 1687 finem
1059 1649 1234 1696 faciant,
1258 1651 1298 1688 et
1327 1662 1355 1686 a
1376 1648 1659 1687 monitorum

33 1718 287 1768 praesentia
318 1719 567 1759 abhorrere
598 1720 859 1760 uideantur.
883 1721 1010 1758 Faxit
1030 1721 1166 1768 Deus,
1190 1727 1237 1758 ut
1259 1721 1511 1771 corruptela
1531 1720 1658 1758 huius

36 1789 169 1828 malae
191 1790 521 1829 consuetudinis
542 1790 584 1828 in
613 1797 861 1829 sanctarum
883 1792 1091 1830 uirtutum
1115 1791 1498 1839 exercitationem,
1524 1792 1657 1830 chris-

22 1851 220 1923 itianique
251 1862 392 1900 cultus
425 1862 750 1901 obseruantiam
779 1864 952 1914 penitus
987 1863 1255 1902 immutetur.
1294 1864 1467 1911 [Preces
1502 1865 1655 1913 postn-

22 1928 128 1981 'lat.]
152 1932 401 1972 Florentiae
423 1941 440 1959 e
465 1934 544 1986 VIJ
565 1935 645 1973 cal.
665 1935 855 1987 Januarij
881 1934 1075 1973 MDLIX.

109 2003 172 2041 Ex
208 2005 515 2044 commissione
554 2006 660 2045 Pris.
698 2006 899 2045 rectoris.
939 2007 1218 2044 paternitatis
1240 2008 1292 2045 V.
1330 2006 1656 2057 indignissimus

37 2085 183 2113 seruus
205 2080 248 2113 et
269 2075 381 2114 filius
402 2076 444 2114 in
467 2077 543 2115 X.0

967 2131 1161 2170 CAROLUS
1193 2133 1488 2171 CARLANTINUS
1522 2137 1547 2170 ¹.

112 2217 412 2258 Desideratur
436 2219 693 2271 inscriptio.

81 2389 99 2408 ²
143 2383 391 2430 Quibusdam
410 2386 645 2423 monialium
664 2386 879 2430 coenobiis,
901 2399 1006 2434 quae
1025 2387 1176 2424 auxilio
1202 2387 1404 2434 spirituali
1440 2388 1658 2434 plurimum

36 2441 279 2490 indigebant,
313 2446 530 2492 perutilem
565 2458 731 2493 operam
765 2445 1084 2484 confessionibus
1119 2459 1259 2484 earum
1294 2447 1504 2484 audiendis
1536 2448 1660 2483 nostri

36 2503 259 2541 sacerdotes
285 2505 560 2542 contulerunt.
618 2507 684 2531 ——b
706 2506 931 2553 pauciores.
996 2515 1059 2533 —0
1092 2508 1219 2544 multo
1250 2507 1400 2554 plures.
1467 2508 1533 2532 —d
1556 2507 1660 2544 Con-

26 2565 208 2624 jsumpta
227 2564 381 2602 charta
399 2566 446 2602 in
465 2569 654 2603 extremo
673 2576 815 2603 versu.
870 2574 934 2593 —e
964 2566 1055 2613 Seq.
1077 2566 1159 2604 del.
1180 2565 1278 2604 Idib.

83 2700 92 2720 ¹
142 2699 186 2736 In
203 2701 322 2737 catal.
342 2701 435 2738 coll.
455 2700 659 2739 florentini
677 2703 798 2748 paulo
818 2702 1005 2749 superius
1035 2703 1159 2741 citato
1190 2704 1290 2740 haec
1323 2703 1524 2740 dicuntur:
1557 2702 1659 2741 «Μ.Ο

40 2757 158 2798 Carlo
176 2760 414 2799 Carlantino
441 2761 490 2798 da
505 2761 645 2805 Terni,
674 2762 712 2799 di
740 2765 806 2799 eta
833 2762 870 2799 di
889 2762 935 2799 33
954 2763 1048 2800 anni
1069 2763 1109 2799 in
1127 2764 1247 2808 circa,
1270 2766 1291 2799 e
1310 2768 1415 2800 stato
1435 2764 1534 2799 mesi
1555 2776 1659 2799 noue

38 2818 144 2856 nella
162 2819 414 2868 Compagnia
446 2821 670 2867 [ingressus
701 2828 762 2858 est
779 2821 802 2858 6
815 2821 915 2869 Julii
936 2821 1055 2868 15591.
1075 2822 1253 2869 Insegna
1272 2823 1495 2867 humanita,
1513 2823 1660 2859 huomo

39 2877 76 2914 di
92 2877 194 2917 buon
212 2881 390 2927 giuditio,
411 2880 518 2917 assai
535 2881 758 2927 risegnato,
778 2882 886 2918 buon
905 2882 1044 2928 spirito
1065 2887 1104 2919 et
1135 2883 1294 2927 deuoto,
1327 2883 1400 2919 che
1427 2882 1561 2928 aspira
1593 2882 1659 2928 piu

39 2939 169 2976 auanti
188 2940 299 2977 nella
316 2941 383 2978 uia
401 2939 468 2976 del
487 2938 707 2987 Signore.»
730 2941 846 2979 Haec
866 2946 905 2978 et
923 2941 1006 2978 alia
1024 2943 1252 2979 cancellata
1271 2948 1363 2979 sunt
1383 2943 1422 2978 in
1450 2942 1522 2978 hoc
1554 2947 1661 2978 cata-

28 2996 140 3044 2log0,
159 3003 203 3036 ut
219 3000 379 3038 videtur
396 3014 420 3038 a
440 3001 719 3048 Polanco,'qui
739 3013 929 3038 numeros
949 3002 988 3037 in
1008 3002 1195 3048 margine
1214 3001 1411 3048 apposuit.
1435 3006 1473 3036 et
1493 3003 1573 3036 alia
1593 3013 1660 3036 no-

29 3043 32 3111 i
178 3083 339 3110 Li'r'rssnnn
359 3086 717 3118 QUADmMsssTnsss.—T.
741 3086 791 3111 Vl.
1488 3089 1520 3114 27
