1908 3446
643 273 968 312 369.-PArAv1o
997 274 1013 311 1
1043 272 1152 321 MAJ1
1183 274 1273 310 1560
1658 272 1721 309 621

151 377 332 430 grande,
356 378 383 415 il
406 378 471 416 ch’
503 378 614 416 s'era
645 377 851 417 etiamdio
883 377 1145 416 cominciato
1169 390 1192 414 a
1223 378 1312 415 fare
1334 377 1361 415 il
1384 377 1539 427 giorno
1562 376 1677 414 della
1699 377 1776 414 cir-

153 450 405 488 concisione
430 461 453 487 e
476 448 584 486 duro
608 449 701 487 sino
724 449 805 487 alla
826 449 1163 500 quatragesima,
1188 448 1378 497 legendo
1401 448 1427 485 il
1448 448 1543 485 Η.ᾱο
1566 448 1611 485 Ρ.
1642 453 1777 485 retto-

153 533 199 558 re
221 521 247 558 il
271 533 363 570 cap.
389 530 439 558 20
460 519 529 558 del
552 520 724 567 Exodo,
750 527 793 557 et
816 533 892 570 per
914 520 953 557 la
971 519 1112 571 gratia
1133 519 1204 556 del
1226 519 1353 569 Sig.r,
1377 525 1498 569 parte
1522 531 1598 568 per
1630 520 1668 557 le
1700 520 1779 556 let-

154 591 261 630 tioni
283 597 327 629 et
347 591 570 642 prediche,
594 597 717 642 parte
739 593 931 629 anchora
950 603 1027 642 per
1048 591 1088 628 le
1112 591 1379 628 confessioni
1397 596 1439 628 et
1461 591 1658 628 familiari
1685 604 1779 642 rag-

154 662 437 714 gionamenti,
471 663 592 700 molti
624 663 657 700 si
690 676 828 701 sonno
860 662 1023 701 redutti
1058 661 1170 700 dalla
1205 663 1294 699 uita
1329 662 1545 700 scelerata
1580 662 1662 700 alla
1691 662 1781 699 vita

155 735 350 773 uirtuosa
372 741 415 772 et
438 734 685 781 christiana,
711 740 755 772 et
775 734 802 772 il
830 746 1010 772 numero
1034 733 1075 771 di
1098 734 1229 783 quelli
1252 734 1333 771 che
1356 734 1646 784 srequentano
1669 734 1695 771 li
1718 746 1780 771 sa-

155 806 366 844 cramenti
389 808 410 843 e
434 806 719 856 moltiplicato
744 812 787 844 et
811 807 914 857 ogni
948 805 1102 857 giorno
1134 806 1205 856 pm
1229 817 1393 843 cresse.
1428 806 1509 842 Fra
1531 804 1557 841 li
1585 806 1699 854 quali
1720 804 1781 842 fu-

156 889 264 915 rono
287 876 361 915 doi
382 877 436 914 de
458 878 575 914 buon
599 889 780 927 sangue,
804 880 910 928 pero
935 877 975 914 di
998 877 1162 915 cattiua
1185 880 1227 913 et
1251 876 1471 914 scelerata
1492 876 1597 923 uita,
1622 875 1648 913 li
1670 876 1782 926 quali

156 962 232 1000 per
255 949 293 986 le
315 948 524 999 prediche
548 949 580 986 si
604 961 743 987 sonno
766 949 930 987 sedutti
952 950 990 986 al
1012 949 1097 986 ben
1120 948 1290 995 viuere,
1317 950 1348 985 si
1373 948 1454 985 che
1478 960 1563 985 uno
1588 947 1642 985 de
1664 948 1783 998 quel-

156 1021 197 1066 li,
237 1021 388 1058 ch'era
418 1020 635 1070 capitanio
667 1022 804 1057 molto
836 1020 1076 1066 nominato,
1110 1032 1197 1057 non
1231 1019 1420 1057 essendo
1454 1024 1546 1057 atto
1581 1031 1605 1055 a
1635 1024 1785 1057 nostra

156 1091 441 1142 Compagnia,
469 1091 503 1128 si
524 1091 695 1129 ridusse
717 1092 780 1129 fra
810 1092 837 1129 li
860 1091 1128 1138 Camandoli,
1153 1091 1268 1140 quali
1299 1090 1429 1128 fanno
1464 1089 1551 1128 uita
1581 1090 1783 1128 austeris-

157 1164 274 1209 sima,
298 1162 413 1201 doue
435 1175 675 1213 perseuera
698 1175 780 1201 con
803 1163 954 1214 grand’
979 1161 1258 1201 edificatione
1282 1162 1337 1200 de
1359 1163 1475 1200 tutti.
1501 1163 1680 1207 L’altro,
1715 1163 1782 1199 ch'

157 1246 231 1272 era
251 1240 367 1272 stato
390 1233 637 1272 diecesette
668 1234 766 1272 anni
802 1247 933 1273 senza
968 1234 1248 1279 confessarsi,
1283 1236 1347 1271 δέ
1380 1233 1558 1271 redutto
1591 1234 1672 1270 alla
1702 1233 1785 1270 fre-

157 1312 319 1356 quente
343 1306 639 1344 confessione.

211 1389 247 1415 2.
310 1378 362 1415 Et
383 1389 459 1428 per
482 1378 660 1415 lasciare
684 1384 841 1427 questo
865 1378 937 1416 ch’
957 1378 1217 1415 intrauenne
1249 1390 1402 1428 spesso
1434 1389 1458 1414 a
1480 1376 1611 1426 quelli
1643 1376 1684 1413 di
1711 1389 1786 1414 no-

157 1456 244 1488 stra
266 1450 550 1500 Compagnia,
589 1450 631 1487 in
661 1450 805 1500 questi
827 1455 982 1499 quatro
1005 1450 1114 1487 mesi
1144 1450 1305 1500 passati
1336 1462 1475 1487 sonno
1498 1449 1644 1486 intrati
1675 1448 1789 1486 nella

160 1522 429 1572 Compagnia
458 1521 601 1559 alcuni
632 1520 790 1559 d‘assai
822 1523 967 1560 buone
1004 1522 1113 1572 parti
1152 1528 1196 1559 et
1229 1521 1508 1572 espetationi,
1543 1521 1642 1558 delli
1675 1520 1790 1571 quali

162 1592 203 1629 fu
226 1605 311 1630 uno
337 1592 391 1630 M.
414 1591 587 1630 Andrea
609 1593 766 1639 Terzo,
791 1593 1095 1643 gentilhuomo
1118 1593 1424 1644 bergamasco,
1449 1592 1476 1629 il
1498 1592 1626 1642 quale
1648 1592 1689 1629 in
1712 1592 1789 1629 let-

160 1671 255 1702 tere
277 1665 449 1702 haueua
479 1665 588 1702 fatto
620 1665 733 1702 assai
762 1665 880 1703 buon
910 1665 1107 1716 profitto,
1142 1665 1332 1703 essendo
1359 1664 1429 1715 gia
1459 1664 1500 1701 in
1522 1665 1724 1714 procinto
1748 1663 1790 1701 di

161 1735 390 1777 dotorarsi.
423 1737 457 1774 si
479 1737 633 1774 risolse
656 1738 848 1775 anchora
868 1749 945 1787 per
968 1738 1007 1775 la
1035 1738 1321 1789 Compagnia.
1361 1738 1392 1774 Il
1425 1735 1527 1787 sig-‚r
1563 1736 1789 1774 Ricciardo

162 1808 352 1847 Ceruino
378 1812 402 1855 ¹,
426 1813 589 1858 nepote
612 1807 726 1846 della
746 1808 877 1847 felice
906 1808 1118 1847 memoria
1141 1809 1181 1846 di
1204 1821 1313 1859 papa
1346 1808 1568 1855 Marcello,
1601 1808 1790 1859 giouane

163 1885 315 1918 ornato
338 1879 393 1917 de
415 1879 618 1925 costumi,
641 1880 660 1898 a
680 1881 839 1918 lettere
863 1886 907 1917 et
928 1893 1063 1931 grece
1086 1885 1130 1918 et
1152 1880 1297 1926 latine,
1320 1879 1501 1918 fondato
1524 1880 1640 1917 nella
1655 1878 1790 1929 philo-

162 1951 314 2001 sophia
335 1956 379 1988 et
398 1951 637 2001 theologia,
662 1951 802 1989 ancho
836 1953 857 1989 e
881 1951 1059 1989 intrato.
1086 1953 1259 1989 Furono
1283 1951 1485 1989 receuuti
1505 1951 1699 1989 anchora
1719 1949 1791 1987 doi

162 2021 381 2072 padouani
401 2022 550 2069 nobili,
588 2020 702 2072 quali
723 2022 817 2061 sino
853 2024 891 2061 al
913 2029 1119 2074 presente
1155 2023 1284 2060 fanno
1316 2022 1554 2060 bonissima
1584 2023 1789 2060 reuscita.

165 2093 369 2131 L‘ultimo
393 2094 474 2131 ch'e
505 2093 540 2131 si
561 2098 790 2132 receuette
815 2097 837 2133 e
861 2101 974 2133 stato
1006 2109 1061 2132 un
1084 2100 1305 2133 muratore
1327 2095 1495 2145 pratico
1515 2095 1556 2132 in
1589 2107 1665 2132 sua
1700 2099 1791 2132 arte

166 2170 209 2202 et
230 2165 420 2215 giouane
442 2165 579 2203 molto
603 2164 656 2202 da
678 2166 809 2204 bene.

217 2246 253 2283 3.
312 2234 487 2284 Quanto
509 2235 592 2273 alle
614 2237 764 2275 schole
787 2242 954 2283 nostre,
988 2238 1013 2274 il
1037 2250 1219 2275 numero
1252 2237 1305 2275 de
1339 2236 1527 2275 scholari
1560 2238 1582 2274 e
1615 2241 1729 2275 stato
1751 2235 1792 2273 in

165 2307 307 2356 questi
329 2306 436 2344 mesi
459 2307 686 2358 maggiore
709 2308 791 2345 che
814 2308 897 2345 mai
918 2308 1037 2346 fosse
1059 2308 1100 2345 in
1123 2314 1281 2358 questo
1302 2308 1539 2358 colleggio,
1563 2313 1607 2345 et
1629 2307 1683 2345 de
1702 2307 1793 2358 gio-

166 2378 263 2415 uani
284 2378 358 2428 pisi
379 2377 628 2428 qualificati,
665 2379 829 2429 perche
865 2379 1043 2429 parechi
1065 2379 1119 2417 de
1142 2379 1236 2418 loro
1270 2392 1410 2417 sonno
1445 2379 1794 2430 gentil'huomini

167 2451 390 2489 venetiani
426 2457 471 2489 et
503 2451 737 2503 padouani‚
763 2458 807 2490 et
830 2450 1037 2489 etiamdio
1062 2454 1084 2490 e
1116 2464 1265 2502 sparso
1303 2464 1478 2490 rumore
1501 2452 1520 2475 b
1542 2464 1619 2501 per
1640 2455 1796 2501 questa

169 2522 258 2559 cita
278 2521 392 2560 della
414 2522 662 2561 eruditione
684 2523 786 2562 delli
808 2523 958 2569 nostri,
995 2536 1072 2574 per
1093 2524 1120 2561 il
1143 2524 1224 2562 che
1248 2525 1348 2561 uien
1380 2536 1487 2575 gran
1517 2535 1734 2561 coneorso
1758 2522 1796 2559 al

167 2599 373 2643 precetor
403 2594 518 2631 della
552 2594 773 2633 rhetorica
794 2600 820 2642 ²,
846 2594 900 2632 de
933 2594 1055 2632 molti
1087 2595 1365 2633 ch'hauendo
1389 2602 1406 2619 0
1428 2594 1482 2632 da
1513 2599 1745 2645 stampare,
1772 2606 1795 2630 o

169 2677 276 2703 uero
298 2665 484 2704 recitare
519 2666 706 2716 epistole
737 2679 761 2704 ο
794 2667 995 2713 orationi,
1020 2678 1067 2703 se
1090 2666 1128 2704 le
1150 2666 1280 2704 fanno
1305 2666 1559 2704 emendare.
1592 2663 1749 2704 Faccia
1769 2663 1795 2701 il

217 2817 238 2836 a
286 2816 381 2855 Del.
404 2822 456 2855 et.
510 2819 576 2843 —b
603 2829 773 2854 numero
791 2818 838 2862 (?)
857 2827 937 2854 ms.
993 2824 1057 2842 —0
1087 2817 1327 2854 haueuendo
1349 2827 1429 2854 ms.

219 2963 228 2982 ¹
282 2961 389 2998 Vide
408 2961 597 2998 Polcmci
615 2960 800 3007 Compl.,
822 2959 851 3005 I,
872 2959 954 2997 221.
976 2959 1162 3007 Uterque
1190 2961 1334 2998 missus
1354 2966 1414 2998 est
1443 2962 1631 3004 Romam,
1653 2966 1693 2997 et
1719 2973 1798 2997 non

172 3026 412 3058 recensetur
429 3021 470 3058 in
496 3025 574 3058 eat.
595 3021 687 3057 coll.
709 3020 889 3067 patavini
909 3020 1028 3067 hujus
1047 3021 1157 3057 anni.

220 3081 233 3100 ²¹
282 3080 372 3128 Ipse
391 3081 588 3128 epistolae
608 3086 760 3125 auctor,
782 3086 824 3118 ut
844 3085 1013 3127 apparet
1034 3093 1082 3117 ex
1101 3093 1184 3128 seq.
1206 3094 1301 3119 ann.
