1908 3446
249 231 319 271 274
715 232 934 272 anrERAE
960 234 1316 280 Qqummss‘rREs

206 336 365 383 ordiar,
391 338 435 374 vt
457 336 663 377 ordinem
685 336 882 387 aliquem
901 334 1136 376 narrandi
1158 338 1303 375 tenere
1323 335 1509 386 possim,
1534 335 1635 375 loca
1664 335 1757 387 ipsa
1790 334 1831 373 in

201 407 356 457 quibus
379 408 532 446 Patres
552 409 727 459 pietatis
751 421 898 460 opera,
925 414 968 446 et
991 420 1043 446 ea
1064 407 1253 447 maxime
1275 419 1387 458 quae
1411 420 1465 445 ex
1500 407 1736 446 Societatis
1770 406 1830 445 in-

202 478 355 517 stituto
377 478 432 517 ad
455 491 533 517 eos
563 480 799 529 pertinent,
835 491 1048 518 exercere
1078 484 1387 526 consuescunt,
1416 480 1713 529 proponenda
1742 491 1831 518 esse

203 549 424 591 arbitror.
450 550 537 589 ma
560 565 664 590 vero
688 557 786 590 sunt
807 552 932 590 haec:
957 551 1008 589 D.
1035 549 1184 589 Lazari
1205 549 1340 588 aedes
1361 551 1435 589 vbi
1457 555 1661 590 curantur
1691 550 1831 601 lepro-

202 625 248 672 si,
269 624 471 663 triremes
492 626 657 676 regiae,
683 636 831 662 carcer
853 626 1000 677 regius
1024 630 1067 663 et
1088 625 1208 663 Stae.
1232 625 1537 675 inquisitionis,
1560 625 1831 676 popularium

200 697 466 735 infirmorum
489 696 660 743 domus,
699 708 749 734 ac
785 695 936 736 vltimo
972 698 1072 736 loco
1108 696 1319 748 templum
1353 696 1493 735 nostri
1528 697 1720 748 collegii3
1755 708 1832 747 per

201 780 312 819 quae
334 780 473 819 Vsque
495 767 548 805 ad
573 768 738 806 exitum
761 767 889 806 huius
910 768 1170 807 narrationis
1191 772 1343 806 nostra
1363 768 1531 806 feretur
1555 769 1710 807 oratio.

254 850 291 878 2.
355 840 502 889 Quare
538 839 711 877 veniam
743 839 797 877 ad
821 851 873 877 ea
894 852 1006 890 quae
1037 840 1079 878 in
1114 840 1165 877 D.
1204 840 1353 877 Lazari
1389 852 1486 878 cum
1517 840 1702 890 leprosis
1737 845 1834 878 acta

202 916 314 949 sunt.
348 911 500 948 Genus
522 911 607 949 hoc
628 910 868 957 hominum,
893 911 1009 949 nosti
1029 911 1048 930 θ’
1066 910 1353 962 (popularium
1377 911 1490 949 enim
1514 913 1646 961 atque
1672 911 1834 962 vulga-

201 981 325 1021 riam
346 982 569 1020 hominum
592 982 633 1020 in
661 981 871 1021 similibus
893 984 1024 1021 rebus
1045 983 1184 1021 ferme
1206 982 1322 1021 idem
1342 989 1410 1021 est
1430 983 1558 1032 mos),
1582 983 1740 1034 vulgus
1761 996 1834 1021 ne-

200 1053 338 1104 gligit,
363 1056 485 1091 arcet
508 1065 559 1091 ac
578 1053 705 1104 fugit,
729 1058 864 1101 metu,
889 1066 988 1093 mea
1010 1053 1188 1104 quidem
1208 1053 1445 1101 sententia,
1470 1054 1624 1101 morbi,
1649 1053 1761 1092 adeo
1785 1059 1831 1092 vt

199 1125 240 1162 hi
262 1137 351 1163 non
385 1124 707 1163 consuetudine
728 1128 897 1163 tantum
920 1130 963 1164 et
984 1124 1277 1163 familiaritate
1300 1130 1589 1176 cognatorum
1612 1130 1834 1163 veterum-

200 1208 285 1247 que
320 1197 558 1235 amicorum
595 1195 904 1243 destituantur,
942 1196 1021 1234 sed
1051 1195 1269 1235 interdum
1306 1195 1507 1235 doctrina
1536 1195 1742 1235 deficiant
1775 1202 1835 1234 at-

200 1280 284 1318 que
306 1268 628 1307 hortationibus
650 1267 704 1306 ad
726 1267 1019 1315 tolerantiam,
1043 1280 1156 1318 quae
1177 1268 1322 1315 facile,
1341 1268 1421 1306 nisi
1444 1266 1555 1306 adsit
1577 1269 1647 1319 qui
1665 1268 1834 1307 reficiat

203 1344 245 1378 et
277 1339 522 1387 confirmet,
547 1339 786 1378 leuioribus
814 1339 957 1391 frangi
990 1339 1214 1378 laboribus
1246 1353 1297 1378 ac
1328 1338 1546 1378 debilitari
1581 1340 1711 1379 solet.
1737 1339 1834 1389 Quo

201 1410 303 1458 fieri
325 1413 484 1463 potest,
523 1412 568 1450 vt
601 1424 828 1464 magnam
864 1411 1096 1451 iacturam
1129 1411 1450 1461 spiritualium
1482 1414 1615 1462 opum
1629 1411 1832 1464 faciant,

202 1495 315 1532 quas
330 1481 556 1533 patientia
580 1483 646 1522 vel
668 1483 1008 1533 compararent,
1031 1483 1099 1522 vel
1123 1484 1418 1533 comparatas
1440 1484 1691 1522 tuerentur.
1715 1481 1836 1531 Qua-

202 1568 250 1594 re
283 1568 337 1594 ne
370 1555 565 1605 vndiqzte
588 1557 811 1606 pauperes
838 1556 994 1602 essent,
1023 1567 1091 1602 ne,
1131 1554 1334 1606 inquam,
1373 1554 1581 1606 corporis
1614 1554 1752 1594 simul
1783 1568 1835 1594 ac

203 1625 350 1666 animi
371 1626 499 1665 bonis
518 1625 796 1678 indigerent,
820 1626 977 1665 missus
1000 1631 1067 1665 est
1089 1626 1143 1664 ad
1167 1639 1245 1665 eos
1273 1625 1447 1677 quidam
1471 1639 1524 1664 ex
1554 1626 1732 1674 nostris,
1764 1627 1835 1676 qui

203 1698 496 1737 esurientibus
511 1709 667 1748 panem
683 1697 924 1749 frangeret,
942 1696 985 1735 id
999 1703 1081 1744 est,
1097 1698 1282 1735 verbum
1297 1698 1380 1735 Dei
1394 1702 1678 1748 proponeret.
1697 1698 1834 1735 Porro

200 1769 261 1808 illi
277 1769 466 1808 recreati
487 1773 586 1807 sunt
602 1782 690 1807 non
706 1773 875 1807 tantum
893 1769 1031 1806 verbo
1051 1768 1148 1815 Dei,
1168 1768 1286 1819 quod
1303 1768 1506 1819 perfecte
1523 1768 1691 1807 animos
1709 1767 1835 1806 mise-

202 1853 348 1879 rorum
370 1853 422 1879 ac
437 1839 728 1878 laborantium
746 1838 1177 1879 commemoratione
1193 1838 1463 1890 passionum
1483 1838 1659 1878 Christi
1676 1850 1830 1878 serua-

203 1911 318 1951 toris
340 1911 447 1963 opti.
471 1911 630 1959 reficit,
654 1923 809 1949 verum
833 1910 964 1949 etiam
985 1910 1210 1949 hominum
1234 1916 1455 1949 conuentu
1479 1915 1609 1960 atque
1631 1909 1832 1961 frequen-

202 1984 276 2031 tia,
314 1983 387 2034 qui
422 1996 476 2022 eo
508 1983 735 2022 concionis
766 1995 921 2021 caussa
951 1981 1292 2021 conueniebant.
1325 1982 1516 2022 Curabat
1546 1993 1654 2020 uero
1687 1983 1832 2029 Pater,

202 2060 410 2106 quantum
433 2055 474 2093 in
509 2067 557 2093 se
594 2059 703 2102 erat,
741 2054 937 2104 Vtrisque
975 2052 1245 2100 satisfacere,
1265 2053 1465 2103 leprosos
1486 2052 1541 2091 ad
1556 2052 1834 2091 tolerantiam

201 2127 449 2174 instituens,
473 2126 667 2177 reliquos
689 2125 743 2164 ad
766 2124 1212 2164 commiserationem.
1239 2124 1474 2163 Interdum
1509 2123 1831 2163 commonebat.

202 2198 260 2238 At
294 2211 403 2239 uero
440 2211 541 2238 cam
571 2197 620 2237 in
649 2197 795 2237 medio
827 2209 967 2236 cursa
996 2198 1240 2236 reuocatus
1269 2195 1329 2234 sit
1361 2209 1387 2234 a
1410 2196 1460 2234 P.
1479 2193 1768 2246 prouinciali
1787 2194 1835 2233 in

204 2270 260 2309 D.
281 2269 426 2309 Rochi
449 2276 473 2318 ¹,
498 2282 612 2320 qaae
628 2271 870 2320 praeterea
892 2270 995 2308 acta
1016 2269 1123 2307 sant
1144 2267 1201 2307 ab
1220 2280 1268 2307 eo
1291 2280 1382 2306 non
1404 2266 1564 2317 accepi.
1586 2267 1685 2305 Hoc
1699 2266 1835 2317 plane

202 2340 295 2380 scio
318 2340 579 2381 hominibus
594 2339 690 2379 illis
707 2353 844 2391 quam
862 2338 941 2378 diu
959 2338 1257 2378 concionatus
1273 2340 1350 2385 est,
1369 2350 1593 2390 magnum
1620 2337 1835 2388 fractam

206 2415 338 2464 atque
358 2412 602 2452 ‘utilitatem
624 2411 846 2451 attulisse.

257 2494 294 2532 3.
353 2484 495 2522 Venio
517 2495 633 2522 nunc
654 2482 707 2521 ad
730 2482 933 2522 triremes
954 2483 1110 2534 regias.
1135 2481 1280 2520 Multis
1301 2493 1406 2519 sane
1427 2481 1469 2519 in
1491 2482 1621 2520 rebus
1644 2481 1835 2520 cernitur

204 2560 365 2607 quanta
385 2555 440 2594 sit
461 2553 690 2594 doctrinae
713 2553 974 2593 christianae
996 2553 1062 2592 vis
1082 2553 1137 2592 ad
1157 2553 1326 2592 animos
1345 2557 1437 2591 tum
1458 2551 1512 2591 ad
1546 2552 1754 2592 virtutem
1784 2564 1836 2591 ac

206 2626 287 2665 Dei
309 2627 472 2665 cultum
502 2625 808 2677 impellendos,
831 2630 923 2664 tum
945 2639 969 2664 a
1003 2626 1120 2665 vitiis
1142 2623 1446 2672 deducendos3
1470 2637 1622 2663 verum
1656 2624 1773 2663 nulla
1792 2623 1834 2662 in

204 2711 251 2737 re
286 2698 330 2737 id
363 2701 644 2749 perspectum
675 2697 809 2735 fuisse
843 2695 1031 2736 arbitror
1063 2697 1328 2746 euidentius,
1360 2710 1489 2750 quam
1510 2697 1552 2735 in
1575 2695 1834 2747 compeditis

251 2885 271 2905 a
320 2883 473 2923 Praec.
495 2893 534 2919 v.
551 2884 811 2929 praeposuit
827 2884 923 2922 Pol.
945 2889 1001 2921 vt.

254 3053 264 3073 ¹
315 3050 359 3088 Id
378 3055 452 3095 est,
471 3049 512 3087 in
532 3049 692 3087 domum
711 3049 933 3097 professam
953 3049 1279 3096 olisiponensem,
1299 3047 1407 3085 Divo
1427 3047 1567 3085 Rocho
1587 3046 1775 3084 dicatam.

1900 2568 1908 2603 ἰ’

1892 2613 1898 2732 ἐ

1902 2626 1908 2743 ὲ

1903 2753 1908 2877 ἔ

1889 2905 1895 3028 Ι
