1908 3446
297 254 363 291 196
756 255 976 293 LITTERAE
1002 255 1357 301 QUADRIMESTRES

246 357 412 404 orituri,
436 357 471 395 si
502 357 634 396 modo
666 359 853 408 operarii
882 358 983 397 illuc
1012 371 1036 396 a
1057 358 1283 397 Societate
1313 357 1552 396 mittantur.
1583 358 1769 397 Maxima
1802 364 1859 398 to·
1902 372 1903 413 ᾗ

244 428 329 465 tius
351 428 527 478 collegii
558 428 860 467 consolatione
889 429 1022 467 frater
1052 430 1134 467 iste
1164 434 1316 467 noster
1346 429 1427 467 hos
1456 429 1632 468 ordines
1660 430 1860 480 suscepit,
1896 466 1898 478 ,

243 503 332 535 tum
360 498 461 549 quia
489 499 701 537 hactenus
723 500 763 537 in
797 500 996 538 omnibus
1026 499 1092 537 ita
1114 507 1132 524 a
1154 512 1201 537 se
1223 500 1427 550 gesserit,
1450 501 1495 538 vt
1523 502 1582 539 ad
1612 513 1753 539 umam
1778 513 1861 540 om·
1898 529 1900 534 .

241 581 317 606 nes
338 567 413 606 illi
432 569 568 608 talem
586 572 793 621 gradum
803 570 1037 621 fazterent‚
1058 583 1192 620 eoque
1208 583 1308 609 enm
1326 569 1520 622 dignum
1537 570 1858 621 existimarent,
1893 563 1900 611 f

241 652 343 678 cum
366 642 516 679 tamen
546 641 638 691 ipse
660 642 748 680 tale
781 641 957 692 aliquid
978 655 1056 681 nec
1081 640 1263 692 petierit
1284 655 1362 681 nec
1393 641 1616 694 cogitarit
1646 655 1857 692 unquam,
1895 647 1908 689 ζ,

238 715 329 749 tum
360 712 460 762 quia
489 725 657 751 summa
687 713 966 751 sacerdotum
996 714 1177 764 penuria
1203 713 1453 752 laboremus
1485 714 1541 751 ob
1571 713 1858 754 studiosorum
1894 752 1908 763 „

239 783 423 833 copiam,
461 796 573 833 quae
609 789 728 822 tanta
759 790 839 831 est,
876 790 921 822 vt
958 797 1110 822 eorum
1146 784 1497 823 confessionibus
1530 783 1756 823 audiendis
1790 786 1858 825 vix
1905 791 1908 831 j

237 854 427 904 quinque
448 855 468 880 b
489 855 544 893 ad
574 855 669 893 dies
699 855 864 905 aliquot
895 855 1126 903 sufficiant,
1161 860 1204 893 et
1233 860 1355 894 tanto
1388 868 1485 894 cum
1512 855 1669 904 fructu,
1702 862 1750 894 vt
1774 856 1857 907 qui·

236 924 333 964 dam
369 931 470 964 ante
505 927 666 964 multos
702 939 839 964 annos
874 939 1092 977 nunquam
1128 927 1256 977 plene
1292 926 1498 974 confessi,
1535 926 1856 967 herethicorum
1888 959 1892 978 ὲ

236 997 366 1035 etiam
400 998 534 1035 libros
555 996 680 1036 nobis
713 996 964 1035 exurendos
994 996 1267 1045 tradiderint,
1300 1002 1343 1035 et
1365 997 1729 1048 quadragesimali
1755 1002 1855 1038 tem·
1888 993 1889 999 ¹

232 1081 340 1118 pore
361 1080 447 1106 non
469 1067 608 1115 inuiti,
633 1067 711 1105 sed
732 1068 863 1115 vltro,
887 1067 1048 1106 ieiunia
1068 1067 1228 1106 fuerint
1250 1068 1455 1119 amplexi,
1478 1067 1596 1118 quod
1616 1068 1744 1106 facile
1764 1080 1854 1118 per-

232 1138 439 1187 misimus,
463 1145 510 1177 vt
539 1140 730 1190 pueriles
752 1139 882 1195 animi
902 1138 1108 1189 paulatim
1136 1138 1216 1190 piis
1239 1139 1445 1190 operibus
1478 1139 1740 1178 exercendis
1761 1151 1852 1179 sese
1884 1162 1886 1168 ν

232 1211 634 1258 accommodarent,
678 1216 723 1249 vt
758 1211 813 1250 ad
852 1211 1016 1250 maiora
1054 1211 1335 1261 postmodum
1376 1210 1580 1250 obeunda
1614 1211 1698 1249 sint
1736 1223 1849 1262 para·

230 1283 381 1321 tiores.

280 1354 318 1392 6.
379 1355 436 1392 Vt
456 1366 564 1392 vero
587 1354 759 1392 illorum
781 1366 956 1404 quoque
977 1353 1164 1405 diligens
1186 1353 1295 1391 ratio
1318 1353 1546 1400 habeatur,
1565 1353 1639 1404 qui
1658 1352 1763 1392 foris
1783 1354 1849 1393 ha·
1879 1376 1881 1389 ι

227 1425 380 1473 bitant‚
404 1425 618 1476 praefecti
640 1424 866 1464 constituti
888 1430 987 1463 sunt
1007 1425 1049 1463 in
1071 1423 1383 1476 discipulorum
1413 1423 1623 1463 cubiculis
1652 1429 1695 1462 et
1722 1423 1848 1464 domi·
1878 1423 1880 1428 ’

226 1497 322 1544 bus,
346 1497 419 1547 qui
452 1501 544 1535 tum
578 1496 957 1548 praeceptoribus,
980 1500 1072 1535 tum
1110 1495 1289 1548 regenti
1310 1503 1327 1521 0
1356 1495 1635 1535 hebdomada
1663 1496 1848 1547 qualibet
1876 1490 1887 1550 :¹

225 1568 472 1619 significent
494 1581 622 1619 quam
643 1569 782 1619 probe
805 1580 958 1606 omnes
981 1568 1127 1606 officio
1151 1581 1229 1606 suo
1252 1568 1501 1618 fungantur,
1528 1573 1572 1605 et
1600 1580 1702 1606 num
1731 1568 1846 1619 leges
1869 1590 1871 1602 ‹

223 1652 336 1690 quae
376 1640 556 1691 singulis
587 1640 799 1678 cubiculis
833 1651 858 1677 a
892 1641 1074 1690 regente
1105 1639 1125 1664 d
1151 1639 1449 1690 praescriptae
1484 1644 1597 1687 sunt,
1621 1643 1743 1677 recte
1765 1651 1844 1677 ser·

225 1717 398 1750 uentur.

275 1792 312 1831 7.
373 1784 479 1822 Post
499 1783 718 1835 paschalia
737 1784 851 1822 festa
870 1782 1095 1821 innouatio
1118 1782 1332 1832 quaedam
1354 1782 1598 1821 studiorum
1630 1781 1746 1820 facta
1766 1786 1840 1830 est,
1871 1819 1880 1835 ι

220 1854 262 1892 in
283 1854 561 1893 inferioribus
582 1856 818 1906 praecipue
841 1854 1067 1901 classibus3
1091 1852 1153 1893 sic
1176 1853 1289 1892 enim
1311 1855 1397 1892 hoc
1417 1854 1631 1892 hactenus
1660 1853 1840 1892 seruaui-
1860 1870 1874 1880 κ’

219 1939 313 1964 mus
334 1931 382 1964 vt
401 1926 444 1964 in
464 1926 579 1964 festo
601 1926 805 1977 paschae,
829 1926 872 1964 in
893 1925 1055 1964 scholis
1075 1925 1474 1976 grammaticorum,
1498 1924 1552 1963 ad
1582 1925 1837 1975 superiores,
1859 1929 1872 1961 .f

218 1995 271 2034 ad
293 1997 556 2036 rhetoricam
578 2010 732 2048 vsque,
755 2009 965 2036 ascensus
987 1997 1302 2035 celebraretur.
1326 1997 1437 2035 Nam
1453 1997 1496 2034 in
1512 1995 1636 2035 festis
1658 1996 1838 2035 omnium
1859 1982 1878 2034 ι’.Ι

216 2069 477 2107 Sanctorum
506 2067 726 2120 generalis
762 2074 829 2107 est
859 2069 1049 2107 omnium
1085 2068 1285 2106 classium
1320 2067 1519 2107 mutatio.
1557 2068 1836 2106 Praemissum
1857 2084 1862 2106 ι

215 2139 295 2178 fuit
317 2152 504 2179 examen
520 2141 625 2179 satis
641 2141 900 2188 vehemens,
919 2153 1004 2191 quo
1023 2146 1111 2179 tarn
1128 2140 1183 2179 de
1202 2152 1355 2179 eorum
1372 2140 1444 2190 qui
1465 2139 1689 2178 ascensuri
1707 2143 1834 2186 erant,
1852 2144 1874 2195 *f*

214 2223 342 2261 quam
363 2211 436 2262 qui
456 2213 645 2250 mansuri
668 2211 931 2259 eruditione,
955 2211 1196 2262 periculum
1227 2211 1427 2250 fecimus.
1461 2210 1743 2249 Doctioribus
1763 2209 1834 2248 e>in
1853 2216 1864 2262 q

213 2294 385 2333 quaque
408 2283 546 2321 classe
568 2282 580 2307 f
606 2283 703 2320 libri
724 2282 897 2332 quidam
919 2282 1147 2330 dabantur,
1171 2288 1218 2320 vt
1239 2283 1325 2321 hoc
1352 2281 1424 2320 alii
1453 2281 1508 2320 ad
1539 2282 1723 2321 similem
1753 2279 1834 2322 dili·
1851 2271 1866 2318 if

212 2354 405 2404 gentiam
428 2354 792 2392 accenderentur.
1854 2354 1857 2369 ²

264 2425 302 2462 8.
365 2423 583 2464 Ordinem
605 2424 848 2464 lectionum
864 2427 947 2475 per
969 2426 1184 2464 aestatem
1205 2425 1324 2464 hanc
1352 2426 1695 2464 seruandarum
1722 2389 1864 2465 alia-soi
1904 2439 1908 2463 c

211 2495 261 2538 R.
296 2495 339 2534 V.
365 2495 547 2546 accepit,
572 2497 617 2534 vt
638 2498 749 2546 opus
764 2508 855 2535 non
872 2495 1084 2536 videatur
1102 2495 1267 2535 iterato
1283 2508 1405 2535 manc
1420 2495 1610 2535 mittere.
1631 2495 1853 2534 Curatum
1842 2470 1859 2531 τ’
1903 2510 1908 2534 l

211 2572 278 2604 est
299 2567 427 2605 vnice
448 2567 552 2605 illud
573 2579 628 2605 ne
649 2573 964 2618 praeceptores
985 2568 1127 2606 nimiis
1149 2567 1413 2606 lectionibus
1431 2568 1737 2614 obruerentur,
1759 2558 1862 2611 sedv'*
1901 2584 1908 2607 ι

209 2650 293 2676 vna
314 2651 411 2677 cum
438 2637 693 2678 domesticis
725 2639 1130 2687 exercitationibus,
1155 2638 1411 2690 theologiae
1434 2651 1611 2690 operam
1633 2646 1656 2672 g
1675 2639 1826 2690 impen·
1842 2653 1855 2697 ⁵:

208 2709 324 2748 dant.
349 2710 459 2748 Nam
480 2714 579 2760 post
610 2710 704 2748 dies
734 2710 898 2761 aliquot
928 2710 1224 2761 quotidianam
1253 2711 1491 2749 lectionem
1523 2722 1689 2749 sacram
1719 2707 1825 2747 domi
1837 2698 1852 2762 ιζ
1898 2742 1908 2748 ,

207 2780 399 2828 audient,
422 2786 490 2819 ter
511 2781 553 2819 in
576 2780 761 2831 epistola
781 2781 835 2819 ad
852 2794 1057 2820 romanos
1074 2782 1249 2832 scripta,
1267 2785 1335 2819 ter
1353 2787 1500 2819 autem
1517 2781 1559 2819 in
1577 2779 1820 2819 scolasticis.
1838 2794 1851 2818 1

1839 2963 1845 2978 ,⁴

242 3001 262 3021 a
295 3002 459 3047 optime.
498 3003 563 3027 -b
583 3002 830 3040 sacerdotes.
868 3010 933 3028 ..e
951 3002 1112 3040 rectori.
1155 3003 1221 3029 —d
1241 3003 1292 3040 ab
1307 3015 1368 3039 eo.
1418 3010 1481 3028 -e
1502 3002 1729 3040 doctoribus
1747 3009 1816 3038 ms.
1832 2988 1845 3050 ij}

207 3062 262 3087 —f
290 3062 458 3107 praemii
479 3062 651 3099 nornine.
707 3070 774 3096 —g
796 3063 888 3109 δερ.
909 3074 948 3100 v.
969 3062 1088 3100 oblit.
1108 3063 1293 3100 natiuam
1312 3061 1389 3108 [.9].
1842 3055 1843 3058 ¹
