1908 3446
151 200 220 237 634
616 202 665 239 L1
679 215 835 241 nmeeAE
862 205 1215 250 QUADRIMESTRES

105 309 186 349 set,
205 304 427 354 pristinam
450 305 727 355 recuperauit
749 306 978 345 sanitatem
1016 309 1037 343 ¹.
1070 308 1228 345 Initiati
1260 314 1357 345 sunt
1388 308 1636 346 sacerdotio
1669 309 1723 347 M.

105 374 340 413 Balduinus
371 377 397 421 ²,
431 376 683 423 leodiensis,
718 378 772 415 M.
798 379 1013 415 Henricus
1035 392 1085 416 ac
1108 381 1161 417 M.
1187 380 1429 430 Gregorius
1451 384 1477 425 ³,
1503 380 1726 417 dinanten-

103 458 187 483 ses.
215 445 432 484 Primitiae
457 448 624 485 vicibus
647 448 831 486 diuersis
854 455 951 486 sunt
975 451 1224 487 celebratae
1249 463 1344 488 cum
1368 451 1553 488 maxima
1587 452 1725 501 graui-

103 521 191 554 tate
214 529 265 554 ac
295 518 545 555 reuerentia
565 523 607 555 et
631 531 725 556 curn
750 532 907 569 magno
930 520 1078 569 populi
1100 521 1305 570 applausu
1329 534 1379 558 ac
1401 521 1723 569 aedificatione,

103 600 155 624 eo
179 587 296 637 quod
326 588 379 624 ab
410 588 504 636 alijs
535 589 715 626 videant
745 602 876 640 saepe
906 590 1153 628 huiusmodi
1184 603 1306 629 sacra
1334 592 1631 642 perfunctorie
1653 599 1726 630 aut

102 659 380 696 tumultuarie
402 659 568 709 peragi.
593 648 803 711 Discipuli
827 662 956 699 etiam
978 675 1065 699 non
1088 662 1274 700 obscura
1295 663 1570 713 gratitudinis
1605 663 1726 713 signa

100 730 317 767 aedebant
353 743 450 768 cum
473 731 847 770 innumerabilium
884 746 996 783 pene
1033 746 1239 771 versuum
1274 735 1558 784 appensione,
1583 747 1633 773 ac
1650 734 1724 773 do-

99 800 280 838 mestica
301 800 573 839 diuersarum
597 803 843 840 orationum
867 803 1203 842 declamatione.

152 883 188 910 2.
251 874 289 910 M
310 886 402 910 rum
439 872 557 910 dictu
587 873 955 924 quemadmodum
988 876 1186 913 extranei
1218 881 1261 913 et
1291 876 1477 914 intranei
1505 877 1546 914 in
1582 878 1724 915 litera·

98 957 189 981 rum
212 957 264 982 ac
284 944 460 994 pietatis
492 945 717 994 exercitijs
749 959 847 985 sese
885 952 1033 984 mutuo
1067 947 1243 985 vincere
1277 948 1560 987 contendant.
1594 947 1725 997 Quod

98 1016 168 1052 vel
191 1015 290 1053 hinc
320 1016 565 1054 luculenter
597 1017 808 1068 colligere
830 1019 1026 1068 procliue
1051 1024 1131 1056 est.
1159 1018 1523 1069 Quandoquidem
1546 1020 1587 1057 in
1608 1020 1723 1059 festo

97 1085 410 1135 purificationis
433 1089 483 1126 D.
510 1088 711 1139 Virginis,
735 1089 807 1139 qui
831 1094 897 1126 est
918 1095 1097 1139 quartus
1117 1091 1256 1127 nostri
1280 1090 1453 1141 collegij
1477 1091 1723 1129 anniuersa-

97 1158 184 1195 rius
206 1157 312 1201 dies,
336 1159 504 1196 omneis
534 1159 628 1197 fere
650 1159 848 1210 discipuli
879 1166 966 1198 tarn
990 1161 1159 1198 externi
1181 1174 1308 1211 quam
1336 1162 1509 1209 interni,
1535 1162 1724 1200 confessi

96 1234 194 1266 sunt
216 1242 267 1267 ac
287 1229 329 1267 in
351 1231 514 1268 sacello
536 1237 688 1269 nostro
713 1232 1088 1270 communicarunt
1110 1245 1206 1270 cum
1230 1245 1385 1284 inagna
1405 1234 1657 1271 humilitatis
1681 1239 1723 1271 et

96 1301 319 1351 religionis
342 1302 678 1352 significatione.
704 1304 825 1341 Multi
855 1304 975 1342 hisce
1009 1305 1164 1354 elapsis
1187 1304 1340 1343 diebus
1364 1306 1578 1342 clarorum
1610 1305 1722 1343 viro-

95 1386 187 1411 rum
209 1374 282 1422 filij
306 1380 606 1422 accurrerunt,
631 1376 701 1425 qui
729 1375 842 1413 fama
871 1383 1103 1415 accuratae
1135 1377 1419 1415 institutionis
1450 1378 1595 1416 allecti
1625 1392 1723 1416 nos-

93 1449 203 1483 tram
225 1445 495 1497 disciplinam
517 1446 703 1485 libenter
731 1448 919 1498 amplexi
950 1454 1062 1486 sunt.
1089 1450 1195 1487 Post
1224 1449 1384 1486 festum
1414 1450 1603 1499 paschae
1636 1454 1722 1487 stu-

93 1517 262 1555 diorum
292 1518 403 1555 ratio
435 1518 642 1556 innouata
673 1524 754 1557 est.
788 1519 1049 1570 Complures
1081 1521 1280 1559 examine
1303 1521 1482 1570 praeuio
1506 1520 1559 1558 ad
1594 1521 1722 1559 subli-

92 1589 254 1626 miores
277 1590 438 1627 classes
457 1590 822 1628 conscenderunt.
846 1592 1044 1640 Quatuor
1065 1592 1221 1630 fratres
1242 1592 1409 1642 pridem
1433 1605 1483 1630 ac
1505 1591 1677 1643 saepius
1699 1605 1723 1631 a

94 1662 138 1698 P.
160 1660 335 1700 Canisio
357 1662 520 1713 petitos
542 1661 595 1699 ad
616 1663 756 1712 ipsum
778 1663 1108 1707 transmisimus3
1133 1670 1222 1701 tres
1243 1664 1328 1701 hoc
1346 1676 1456 1702 anno
1475 1670 1718 1715 promotos,

91 1737 291 1782 quartum
314 1745 421 1770 vero
459 1734 609 1771 classis
639 1734 858 1784 poeticae.
897 1735 1007 1772 Nam
1039 1747 1135 1772 cum
1167 1734 1305 1773 serior
1340 1736 1468 1773 fieret
1502 1738 1720 1786 promotio

91 1803 413 1854 magistrorum,
444 1816 531 1842 non
562 1804 653 1843 sine
691 1805 843 1855 grandi
875 1805 1072 1856 corporis
1092 1807 1289 1856 periculo
1313 1808 1491 1845 Romam
1515 1808 1570 1846 ob
1592 1808 1720 1847 aesti-

92 1888 172 1913 uos
195 1876 364 1914 calores
386 1875 498 1913 mitti
519 1876 768 1926 potuissent
789 1875 816 1914 ⁴².

143 1956 180 1993 3.
242 1948 288 1984 In
305 1946 401 1984 dies
417 1946 690 1985 incrementa
711 1947 841 1986 sumit
863 1961 960 1986 cum
979 1949 1079 1986 Rufi
1105 1949 1369 1988 coloniensis
1386 1954 1414 1997 ⁵,
1434 1955 1524 1988 tum
1542 1957 1719 1989 senatus

88 2029 139 2055 ac
170 2017 329 2055 ciuium
363 2030 467 2068 erga
497 2031 578 2056 nos
609 2017 733 2056 fauor
766 2024 810 2056 et
845 2019 1172 2058 beneuolentia.
1208 2021 1329 2058 Multi
1361 2020 1490 2059 etiam
1522 2023 1719 2061 canonici

88 2088 188 2126 hinc
209 2088 310 2126 inde
332 2087 386 2126 ad
407 2101 487 2126 nos
509 2093 697 2138 nepotes
720 2102 837 2136 suos,
862 2095 935 2128 aut
956 2090 1168 2129 affinitate
1192 2092 1466 2139 coniunctos,
1486 2091 1717 2138 destinant,

88 2173 138 2198 ac
168 2163 345 2198 nostrae
376 2160 640 2198 institutioni
669 2160 859 2199 tradunt.
884 2161 985 2199 ΚΜ
1010 2162 1274 2201 coloniensis
1296 2176 1347 2201 ac
1364 2164 1633 2202 treuerensis
1654 2178 1716 2202 ar-

88 2230 356 2281 chiepiscopi
385 2229 398 2249 ⁶
429 2231 614 2281 rigidum
650 2236 754 2269 satis
789 2232 1002 2271 aduersus
1045 2234 1340 2285 anabaptistas
1370 2235 1589 2274 aedictum
1619 2250 1715 2286 pro-

86 2302 268 2353 mulgari
299 2306 518 2340 curarunt.
551 2303 627 2339 Ille
659 2304 804 2341 multis
835 2304 1103 2355 argumentis
1134 2318 1256 2343 suum
1290 2318 1396 2357 erga
1424 2319 1505 2344 nos
1527 2307 1713 2345 animum

85 2372 294 2419 declarat,
330 2379 373 2410 et
394 2373 550 2424 flagrat
578 2373 705 2411 nobis
727 2374 782 2412 de
804 2377 967 2426 templo
998 2383 1150 2415 nostro
1174 2376 1364 2428 collegio
1400 2379 1714 2417 accommodis-

133 2583 140 2601 ¹
196 2581 302 2618 Vide
322 2594 456 2628 supra,
482 2596 520 2628 p.
540 2582 610 2619 335
626 2602 634 2609 ·
650 2582 732 2619 336.

130 2642 142 2659 ‘²
192 2639 418 2678 Balduinus
438 2642 488 2678 ab
509 2641 687 2689 Angelo.

129 2701 142 2720 ³
193 2700 397 2738 Henricus
416 2701 621 2739 Somalius
641 2708 680 2740 et
700 2702 930 2750 Gregorius
948 2703 1113 2741 Fabius.

130 2760 143 2779 ⁴
197 2759 344 2797 Eorum
364 2764 526 2798 nomina
546 2775 595 2798 ex
614 2763 784 2809 epistola
804 2763 848 2801 P.
869 2763 1018 2801 Kessel
1037 2766 1159 2812 paulo
1177 2770 1272 2803 ante
1290 2766 1413 2803 citata
1444 2767 1545 2804 haec
1576 2774 1708 2805 erant:

81 2818 289 2866 Georgius
310 2819 520 2866 Einhouts‚
542 2821 746 2859 Robertus
765 2822 1040 2868 Geraulaeus‚
1061 2823 1239 2871 ogerius
1258 2825 1557 2872 Davantianus,
1578 2828 1708 2865 Theo-

80 2879 239 2915 doricus
259 2878 462 2916 canisius.

128 2937 140 2956 ⁵
187 2937 367 2984 Joannes
387 2938 643 2978 Gebhardus.

126 2996 140 3016 ⁶
185 2996 366 3044 joannes
384 2998 434 3036 de
452 2997 575 3037 Petra
593 3000 687 3045 (von
706 3003 779 3040 der
797 3002 970 3051 Leyen).
