<?xml version="1.0" encoding="UTF-8"?>
<!DOCTYPE html PUBLIC "-//W3C//DTD XHTML 1.0 Transitional//EN"
    "http://www.w3.org/TR/xhtml1/DTD/xhtml1-transitional.dtd">
<html xmlns="http://www.w3.org/1999/xhtml" xml:lang="en" lang="en">
 <head>
  <title>
</title>
<meta http-equiv="Content-Type" content="text/html;charset=utf-8" />
  <meta name='ocr-system' content='tesseract 3.04.00' />
  <meta name='ocr-capabilities' content='ocr_page ocr_carea ocr_par ocr_line ocrx_word'/>
</head>
<body>
  <div class='ocr_page' id='page_1' title='image "./litteraequadrime1806lain_0561.png"; bbox 0 0 1908 3446; ppageno 0'>
   <div class='ocr_carea' id='block_1_1' title="bbox 0 0 55 3446">
    <p class='ocr_par' dir='ltr' id='par_1_1' title="bbox 0 0 55 3446">
     <span class='ocr_line' id='line_1_1' title="bbox 0 0 55 3446; baseline 0 0"><span class='ocrx_word' id='word_1_1' title='bbox 0 0 55 3446; x_wconf 95' lang='lat' dir='ltr'> </span> 
     </span>
    </p>
   </div>
   <div class='ocr_carea' id='block_1_2' title="bbox 495 228 1683 272">
    <p class='ocr_par' dir='ltr' id='par_1_2' title="bbox 495 228 1683 272">
     <span class='ocr_line' id='line_1_2' title="bbox 495 228 1683 272; baseline -0.006 -1"><span class='ocrx_word' id='word_1_2' title='bbox 495 233 871 272; x_wconf 70' lang='lat' dir='ltr'>349.—-COMPLUTO</span> <span class='ocrx_word' id='word_1_3' title='bbox 897 231 943 269; x_wconf 88' lang='lat'>29</span> <span class='ocrx_word' id='word_1_4' title='bbox 968 230 1206 270; x_wconf 81' lang='lat' dir='ltr'>FEBRUARu</span> <span class='ocrx_word' id='word_1_5' title='bbox 1235 231 1325 269; x_wconf 79' lang='lat'>1560</span> <span class='ocrx_word' id='word_1_6' title='bbox 1617 228 1683 265; x_wconf 63' lang='lat'>541</span> 
     </span>
    </p>
   </div>
   <div class='ocr_carea' id='block_1_3' title="bbox 104 330 1742 1882">
    <p class='ocr_par' dir='ltr' id='par_1_3' title="bbox 104 330 1732 456">
     <span class='ocr_line' id='line_1_3' title="bbox 104 330 1732 387; baseline -0.007 -11"><span class='ocrx_word' id='word_1_7' title='bbox 104 351 196 376; x_wconf 91' lang='lat' dir='ltr'>rum</span> <span class='ocrx_word' id='word_1_8' title='bbox 218 335 617 387; x_wconf 87' lang='lat' dir='ltr'>componendarum</span> <span class='ocrx_word' id='word_1_9' title='bbox 641 347 771 373; x_wconf 87' lang='lat' dir='ltr'>causa</span> <span class='ocrx_word' id='word_1_10' title='bbox 788 335 908 373; x_wconf 88' lang='lat' dir='ltr'>venit</span> <span class='ocrx_word' id='word_1_11' title='bbox 925 332 1082 372; x_wconf 89' lang='lat' dir='ltr'>doctor</span> <span class='ocrx_word' id='word_1_12' title='bbox 1099 335 1295 385; x_wconf 84' lang='lat' dir='ltr'>Vergara</span> <span class='ocrx_word' id='word_1_13' title='bbox 1318 341 1343 381; x_wconf 82' lang='lat'>¹,</span> <span class='ocrx_word' id='word_1_14' title='bbox 1364 332 1546 382; x_wconf 76' lang='lat' dir='ltr'>diesque</span> <span class='ocrx_word' id='word_1_15' title='bbox 1569 330 1732 379; x_wconf 76' lang='lat' dir='ltr'>aliquot</span> 
     </span>
     <span class='ocr_line' id='line_1_4' title="bbox 104 404 1118 456; baseline -0.005 -9"><span class='ocrx_word' id='word_1_16' title='bbox 104 423 190 448; x_wconf 91' lang='lat' dir='ltr'>non</span> <span class='ocrx_word' id='word_1_17' title='bbox 213 409 305 446; x_wconf 89' lang='lat' dir='ltr'>sine</span> <span class='ocrx_word' id='word_1_18' title='bbox 328 409 625 446; x_wconf 90' lang='lat' dir='ltr'>emolumento</span> <span class='ocrx_word' id='word_1_19' title='bbox 650 419 747 444; x_wconf 89' lang='lat' dir='ltr'>cum</span> <span class='ocrx_word' id='word_1_20' title='bbox 771 404 929 444; x_wconf 91' lang='lat' dir='ltr'>eodem</span> <span class='ocrx_word' id='word_1_21' title='bbox 953 406 1118 456; x_wconf 80' lang='lat' dir='ltr'><strong>exegit.</strong></span> 
     </span>
    </p>

    <p class='ocr_par' dir='ltr' id='par_1_4' title="bbox 105 473 1740 1599">
     <span class='ocr_line' id='line_1_5' title="bbox 157 473 1732 529; baseline -0.006 -11"><span class='ocrx_word' id='word_1_22' title='bbox 157 490 194 527; x_wconf 88' lang='lat'>3.</span> <span class='ocrx_word' id='word_1_23' title='bbox 255 480 405 529; x_wconf 89' lang='lat' dir='ltr'>Itaque</span> <span class='ocrx_word' id='word_1_24' title='bbox 429 477 670 515; x_wconf 88' lang='lat' dir='ltr'>studiorum</span> <span class='ocrx_word' id='word_1_25' title='bbox 693 477 830 514; x_wconf 88' lang='lat' dir='ltr'>series</span> <span class='ocrx_word' id='word_1_26' title='bbox 854 481 897 514; x_wconf 89' lang='lat' dir='ltr'>et</span> <span class='ocrx_word' id='word_1_27' title='bbox 919 476 1028 514; x_wconf 90' lang='lat' dir='ltr'>ratio</span> <span class='ocrx_word' id='word_1_28' title='bbox 1061 474 1122 517; x_wconf 85' lang='lat' dir='ltr'>sic</span> <span class='ocrx_word' id='word_1_29' title='bbox 1158 481 1224 513; x_wconf 85' lang='lat' dir='ltr'>est</span> <span class='ocrx_word' id='word_1_30' title='bbox 1259 476 1344 513; x_wconf 92' lang='lat' dir='ltr'>hoc</span> <span class='ocrx_word' id='word_1_31' title='bbox 1371 487 1483 512; x_wconf 87' lang='lat' dir='ltr'>anno</span> <span class='ocrx_word' id='word_1_32' title='bbox 1521 473 1732 518; x_wconf 86' lang='lat' dir='ltr'>instituta,</span> 
     </span>
     <span class='ocr_line' id='line_1_6' title="bbox 106 546 1735 601; baseline -0.006 -11"><span class='ocrx_word' id='word_1_33' title='bbox 106 558 151 590; x_wconf 85' lang='lat' dir='ltr'>ut</span> <span class='ocrx_word' id='word_1_34' title='bbox 187 557 352 589; x_wconf 87' lang='lat' dir='ltr'>tantum</span> <span class='ocrx_word' id='word_1_35' title='bbox 387 561 500 601; x_wconf 87' lang='lat' dir='ltr'>pene</span> <span class='ocrx_word' id='word_1_36' title='bbox 534 547 785 587; x_wconf 73' lang='lat' dir='ltr'>domesticis</span> <span class='ocrx_word' id='word_1_37' title='bbox 807 548 1084 594; x_wconf 87' lang='lat' dir='ltr'>lectionibus,</span> <span class='ocrx_word' id='word_1_38' title='bbox 1108 560 1236 598; x_wconf 89' lang='lat' dir='ltr'>quam</span> <span class='ocrx_word' id='word_1_39' title='bbox 1259 546 1454 585; x_wconf 85' lang='lat' dir='ltr'>externis</span> <span class='ocrx_word' id='word_1_40' title='bbox 1476 554 1735 583; x_wconf 75' lang='lat' dir='ltr'><strong>accrescere</strong></span> 
     </span>
     <span class='ocr_line' id='line_1_7' title="bbox 106 614 1736 669; baseline -0.006 -9"><span class='ocrx_word' id='word_1_41' title='bbox 106 623 320 662; x_wconf 86' lang='lat' dir='ltr'>videatur.</span> <span class='ocrx_word' id='word_1_42' title='bbox 344 621 412 659; x_wconf 81' lang='lat' dir='ltr'>Ad</span> <span class='ocrx_word' id='word_1_43' title='bbox 433 621 701 659; x_wconf 69' lang='lat' dir='ltr'>assertiones</span> <span class='ocrx_word' id='word_1_44' title='bbox 724 620 975 659; x_wconf 79' lang='lat' dir='ltr'>dialecticas</span> <span class='ocrx_word' id='word_1_45' title='bbox 998 625 1042 658; x_wconf 90' lang='lat' dir='ltr'>et</span> <span class='ocrx_word' id='word_1_46' title='bbox 1076 619 1369 669; x_wconf 83' lang='lat' dir='ltr'>theologicas,</span> <span class='ocrx_word' id='word_1_47' title='bbox 1408 629 1520 667; x_wconf 86' lang='lat' dir='ltr'>quae</span> <span class='ocrx_word' id='word_1_48' title='bbox 1556 614 1736 665; x_wconf 87' lang='lat' dir='ltr'>singulis</span> 
     </span>
     <span class='ocr_line' id='line_1_8' title="bbox 105 684 1736 742; baseline -0.006 -10"><span class='ocrx_word' id='word_1_49' title='bbox 105 693 392 733; x_wconf 81' lang='lat' dir='ltr'>hebdomadis</span> <span class='ocrx_word' id='word_1_50' title='bbox 414 693 644 738; x_wconf 82' lang='lat' dir='ltr'>habentur,</span> <span class='ocrx_word' id='word_1_51' title='bbox 678 691 887 730; x_wconf 87' lang='lat' dir='ltr'>doctores</span> <span class='ocrx_word' id='word_1_52' title='bbox 924 697 967 729; x_wconf 93' lang='lat' dir='ltr'>et</span> <span class='ocrx_word' id='word_1_53' title='bbox 1002 691 1197 742; x_wconf 81' lang='lat' dir='ltr'>magistri</span> <span class='ocrx_word' id='word_1_54' title='bbox 1229 690 1454 728; x_wconf 83' lang='lat' dir='ltr'>doctiores</span> <span class='ocrx_word' id='word_1_55' title='bbox 1490 684 1736 737; x_wconf 87' lang='lat' dir='ltr'>disputandi</span> 
     </span>
     <span class='ocr_line' id='line_1_9' title="bbox 106 759 1736 818; baseline -0.006 -15"><span class='ocrx_word' id='word_1_56' title='bbox 106 766 245 818; x_wconf 80' lang='lat' dir='ltr'>gratia</span> <span class='ocrx_word' id='word_1_57' title='bbox 278 765 533 814; x_wconf 86' lang='lat' dir='ltr'>frequenter</span> <span class='ocrx_word' id='word_1_58' title='bbox 568 763 764 801; x_wconf 88' lang='lat' dir='ltr'>veniunt.</span> <span class='ocrx_word' id='word_1_59' title='bbox 804 764 892 801; x_wconf 85' lang='lat' dir='ltr'>Sub</span> <span class='ocrx_word' id='word_1_60' title='bbox 924 762 1039 801; x_wconf 91' lang='lat' dir='ltr'>idem</span> <span class='ocrx_word' id='word_1_61' title='bbox 1063 762 1194 800; x_wconf 88' lang='lat' dir='ltr'>etiam</span> <span class='ocrx_word' id='word_1_62' title='bbox 1215 765 1389 811; x_wconf 88' lang='lat' dir='ltr'>tempus</span> <span class='ocrx_word' id='word_1_63' title='bbox 1412 761 1458 798; x_wconf 80' lang='lat' dir='ltr'>P.</span> <span class='ocrx_word' id='word_1_64' title='bbox 1479 759 1736 797; x_wconf 86' lang='lat' dir='ltr'>Emmanue-</span> 
     </span>
     <span class='ocr_line' id='line_1_10' title="bbox 106 819 1737 888; baseline -0.007 -11"><span class='ocrx_word' id='word_1_65' title='bbox 106 839 190 877; x_wconf 90' lang='lat' dir='ltr'>lem</span> <span class='ocrx_word' id='word_1_66' title='bbox 213 833 475 888; x_wconf 84' lang='lat' dir='ltr'>professioni</span> <span class='ocrx_word' id='word_1_67' title='bbox 496 834 668 872; x_wconf 85' lang='lat' dir='ltr'>admisit</span> <span class='ocrx_word' id='word_1_68' title='bbox 692 836 737 872; x_wconf 80' lang='lat' dir='ltr'>P.</span> <span class='ocrx_word' id='word_1_69' title='bbox 761 834 1033 881; x_wconf 87' lang='lat' dir='ltr'>Franciscus,</span> <span class='ocrx_word' id='word_1_70' title='bbox 1058 846 1168 884; x_wconf 89' lang='lat' dir='ltr'>quae</span> <span class='ocrx_word' id='word_1_71' title='bbox 1206 819 1251 870; x_wconf 82' lang='lat' dir='ltr'>ut</span> <span class='ocrx_word' id='word_1_72' title='bbox 1285 844 1402 870; x_wconf 91' lang='lat' dir='ltr'>noua</span> <span class='ocrx_word' id='word_1_73' title='bbox 1438 837 1483 868; x_wconf 92' lang='lat' dir='ltr'>et</span> <span class='ocrx_word' id='word_1_74' title='bbox 1516 836 1621 868; x_wconf 89' lang='lat' dir='ltr'>tunc</span> <span class='ocrx_word' id='word_1_75' title='bbox 1654 828 1737 879; x_wconf 88' lang='lat' dir='ltr'>pri-</span> 
     </span>
     <span class='ocr_line' id='line_1_11' title="bbox 107 899 1737 955; baseline -0.006 -9"><span class='ocrx_word' id='word_1_76' title='bbox 107 922 222 947; x_wconf 91' lang='lat' dir='ltr'>mum</span> <span class='ocrx_word' id='word_1_77' title='bbox 243 907 285 945; x_wconf 88' lang='lat' dir='ltr'>in</span> <span class='ocrx_word' id='word_1_78' title='bbox 305 907 388 945; x_wconf 87' lang='lat' dir='ltr'>hac</span> <span class='ocrx_word' id='word_1_79' title='bbox 408 907 516 944; x_wconf 92' lang='lat' dir='ltr'>urbe</span> <span class='ocrx_word' id='word_1_80' title='bbox 539 911 792 955; x_wconf 82' lang='lat' dir='ltr'>conspecta,</span> <span class='ocrx_word' id='word_1_81' title='bbox 817 904 876 943; x_wconf 87' lang='lat' dir='ltr'>ita</span> <span class='ocrx_word' id='word_1_82' title='bbox 898 905 1085 943; x_wconf 92' lang='lat' dir='ltr'>celebris</span> <span class='ocrx_word' id='word_1_83' title='bbox 1105 903 1375 955; x_wconf 88' lang='lat' dir='ltr'>insignisque</span> <span class='ocrx_word' id='word_1_84' title='bbox 1397 903 1477 940; x_wconf 87' lang='lat' dir='ltr'>fuit</span> <span class='ocrx_word' id='word_1_85' title='bbox 1499 907 1526 940; x_wconf 78' lang='lat'>².</span> <span class='ocrx_word' id='word_1_86' title='bbox 1550 899 1737 939; x_wconf 89' lang='lat' dir='ltr'>Concio-</span> 
     </span>
     <span class='ocr_line' id='line_1_12' title="bbox 106 971 1737 1027; baseline -0.005 -10"><span class='ocrx_word' id='word_1_87' title='bbox 106 994 205 1019; x_wconf 89' lang='lat' dir='ltr'>nem</span> <span class='ocrx_word' id='word_1_88' title='bbox 240 979 390 1017; x_wconf 87' lang='lat' dir='ltr'>habuit</span> <span class='ocrx_word' id='word_1_89' title='bbox 425 979 554 1015; x_wconf 85' lang='lat' dir='ltr'>Pater</span> <span class='ocrx_word' id='word_1_90' title='bbox 585 976 759 1027; x_wconf 88' lang='lat' dir='ltr'>quidam</span> <span class='ocrx_word' id='word_1_91' title='bbox 790 977 1090 1014; x_wconf 89' lang='lat' dir='ltr'>dominicanus</span> <span class='ocrx_word' id='word_1_92' title='bbox 1111 977 1153 1014; x_wconf 90' lang='lat' dir='ltr'>in</span> <span class='ocrx_word' id='word_1_93' title='bbox 1176 975 1488 1026; x_wconf 82' lang='lat' dir='ltr'>theologorum</span> <span class='ocrx_word' id='word_1_94' title='bbox 1509 971 1737 1024; x_wconf 88' lang='lat' dir='ltr'>gymnasio</span> 
     </span>
     <span class='ocr_line' id='line_1_13' title="bbox 108 1042 1735 1099; baseline -0.006 -10"><span class='ocrx_word' id='word_1_95' title='bbox 108 1052 159 1089; x_wconf 90' lang='lat' dir='ltr'>D.</span> <span class='ocrx_word' id='word_1_96' title='bbox 197 1051 393 1088; x_wconf 85' lang='lat' dir='ltr'>Thomae</span> <span class='ocrx_word' id='word_1_97' title='bbox 432 1048 672 1099; x_wconf 86' lang='lat' dir='ltr'>professor.</span> <span class='ocrx_word' id='word_1_98' title='bbox 711 1047 955 1086; x_wconf 89' lang='lat' dir='ltr'>Interfuere</span> <span class='ocrx_word' id='word_1_99' title='bbox 991 1048 1071 1085; x_wconf 90' lang='lat' dir='ltr'>viri</span> <span class='ocrx_word' id='word_1_100' title='bbox 1105 1046 1276 1098; x_wconf 91' lang='lat' dir='ltr'>plurimi</span> <span class='ocrx_word' id='word_1_101' title='bbox 1315 1050 1444 1097; x_wconf 87' lang='lat' dir='ltr'>atque</span> <span class='ocrx_word' id='word_1_102' title='bbox 1481 1042 1735 1095; x_wconf 81' lang='lat' dir='ltr'>dignissimi,</span> 
     </span>
     <span class='ocr_line' id='line_1_14' title="bbox 107 1114 1739 1169; baseline -0.005 -10"><span class='ocrx_word' id='word_1_103' title='bbox 107 1127 194 1161; x_wconf 90' lang='lat' dir='ltr'>tam</span> <span class='ocrx_word' id='word_1_104' title='bbox 216 1121 270 1160; x_wconf 91' lang='lat' dir='ltr'>de</span> <span class='ocrx_word' id='word_1_105' title='bbox 293 1121 344 1158; x_wconf 92' lang='lat' dir='ltr'>D.</span> <span class='ocrx_word' id='word_1_106' title='bbox 366 1119 558 1158; x_wconf 91' lang='lat' dir='ltr'>Illefonsi</span> <span class='ocrx_word' id='word_1_107' title='bbox 581 1119 779 1169; x_wconf 84' lang='lat' dir='ltr'>collegis,</span> <span class='ocrx_word' id='word_1_108' title='bbox 803 1131 931 1169; x_wconf 90' lang='lat' dir='ltr'>quam</span> <span class='ocrx_word' id='word_1_109' title='bbox 953 1119 1087 1169; x_wconf 91' lang='lat' dir='ltr'>ipsius</span> <span class='ocrx_word' id='word_1_110' title='bbox 1119 1117 1265 1169; x_wconf 91' lang='lat' dir='ltr'>oppidi</span> <span class='ocrx_word' id='word_1_111' title='bbox 1296 1116 1464 1155; x_wconf 84' lang='lat' dir='ltr'>ciuibus</span> <span class='ocrx_word' id='word_1_112' title='bbox 1499 1128 1550 1154; x_wconf 86' lang='lat' dir='ltr'>ac</span> <span class='ocrx_word' id='word_1_113' title='bbox 1584 1114 1739 1165; x_wconf 88' lang='lat' dir='ltr'>magis-</span> 
     </span>
     <span class='ocr_line' id='line_1_15' title="bbox 109 1185 1739 1242; baseline -0.006 -10"><span class='ocrx_word' id='word_1_114' title='bbox 109 1199 238 1232; x_wconf 84' lang='lat' dir='ltr'>tratu.</span> <span class='ocrx_word' id='word_1_115' title='bbox 277 1192 446 1242; x_wconf 78' lang='lat' dir='ltr'>Quibus</span> <span class='ocrx_word' id='word_1_116' title='bbox 475 1190 676 1228; x_wconf 84' lang='lat' dir='ltr'>nimirum</span> <span class='ocrx_word' id='word_1_117' title='bbox 707 1202 805 1228; x_wconf 92' lang='lat' dir='ltr'>cum</span> <span class='ocrx_word' id='word_1_118' title='bbox 836 1202 1002 1227; x_wconf 89' lang='lat' dir='ltr'>summa</span> <span class='ocrx_word' id='word_1_119' title='bbox 1023 1189 1329 1228; x_wconf 83' lang='lat' dir='ltr'>aedificatione</span> <span class='ocrx_word' id='word_1_120' title='bbox 1350 1188 1580 1238; x_wconf 90' lang='lat' dir='ltr'>plurimum</span> <span class='ocrx_word' id='word_1_121' title='bbox 1603 1185 1739 1236; x_wconf 90' lang='lat' dir='ltr'>digni-</span> 
     </span>
     <span class='ocr_line' id='line_1_16' title="bbox 109 1257 1739 1310; baseline -0.004 -8"><span class='ocrx_word' id='word_1_122' title='bbox 109 1265 210 1303; x_wconf 87' lang='lat' dir='ltr'>tatis</span> <span class='ocrx_word' id='word_1_123' title='bbox 226 1265 268 1302; x_wconf 92' lang='lat' dir='ltr'>in</span> <span class='ocrx_word' id='word_1_124' title='bbox 285 1276 333 1301; x_wconf 89' lang='lat' dir='ltr'>se</span> <span class='ocrx_word' id='word_1_125' title='bbox 349 1263 512 1300; x_wconf 81' lang='lat' dir='ltr'>habere</span> <span class='ocrx_word' id='word_1_126' title='bbox 531 1275 602 1300; x_wconf 89' lang='lat' dir='ltr'>res</span> <span class='ocrx_word' id='word_1_127' title='bbox 620 1274 673 1300; x_wconf 89' lang='lat' dir='ltr'>ea</span> <span class='ocrx_word' id='word_1_128' title='bbox 691 1261 890 1299; x_wconf 89' lang='lat' dir='ltr'>omnibus</span> <span class='ocrx_word' id='word_1_129' title='bbox 912 1261 1006 1299; x_wconf 89' lang='lat' dir='ltr'>uisa</span> <span class='ocrx_word' id='word_1_130' title='bbox 1028 1266 1110 1299; x_wconf 90' lang='lat' dir='ltr'>est.</span> <span class='ocrx_word' id='word_1_131' title='bbox 1135 1259 1397 1299; x_wconf 88' lang='lat' dir='ltr'>Valetudine</span> <span class='ocrx_word' id='word_1_132' title='bbox 1420 1271 1524 1310; x_wconf 89' lang='lat' dir='ltr'>prae</span> <span class='ocrx_word' id='word_1_133' title='bbox 1548 1257 1739 1296; x_wconf 90' lang='lat' dir='ltr'>coeteris</span> 
     </span>
     <span class='ocr_line' id='line_1_17' title="bbox 109 1329 1738 1384; baseline -0.006 -9"><span class='ocrx_word' id='word_1_134' title='bbox 109 1336 231 1375; x_wconf 88' lang='lat' dir='ltr'>annis</span> <span class='ocrx_word' id='word_1_135' title='bbox 252 1335 356 1372; x_wconf 83' lang='lat' dir='ltr'>satis</span> <span class='ocrx_word' id='word_1_136' title='bbox 375 1345 587 1384; x_wconf 89' lang='lat' dir='ltr'>prospera</span> <span class='ocrx_word' id='word_1_137' title='bbox 608 1333 673 1370; x_wconf 93' lang='lat' dir='ltr'>usi</span> <span class='ocrx_word' id='word_1_138' title='bbox 691 1346 853 1379; x_wconf 91' lang='lat' dir='ltr'>sumus,</span> <span class='ocrx_word' id='word_1_139' title='bbox 874 1331 1179 1382; x_wconf 87' lang='lat' dir='ltr'>credimusque</span> <span class='ocrx_word' id='word_1_140' title='bbox 1201 1345 1289 1370; x_wconf 86' lang='lat' dir='ltr'>non</span> <span class='ocrx_word' id='word_1_141' title='bbox 1305 1344 1456 1382; x_wconf 90' lang='lat' dir='ltr'>parum</span> <span class='ocrx_word' id='word_1_142' title='bbox 1477 1329 1531 1368; x_wconf 88' lang='lat' dir='ltr'>ad</span> <span class='ocrx_word' id='word_1_143' title='bbox 1553 1331 1738 1368; x_wconf 89' lang='lat' dir='ltr'>salutem</span> 
     </span>
     <span class='ocr_line' id='line_1_18' title="bbox 109 1400 1740 1454; baseline -0.005 -9"><span class='ocrx_word' id='word_1_144' title='bbox 109 1407 289 1445; x_wconf 87' lang='lat' dir='ltr'>fratrum</span> <span class='ocrx_word' id='word_1_145' title='bbox 312 1404 549 1443; x_wconf 89' lang='lat' dir='ltr'>contulisse</span> <span class='ocrx_word' id='word_1_146' title='bbox 573 1403 765 1450; x_wconf 89' lang='lat' dir='ltr'>domum,</span> <span class='ocrx_word' id='word_1_147' title='bbox 788 1416 900 1454; x_wconf 89' lang='lat' dir='ltr'>quae</span> <span class='ocrx_word' id='word_1_148' title='bbox 921 1415 1084 1441; x_wconf 90' lang='lat' dir='ltr'>nouem</span> <span class='ocrx_word' id='word_1_149' title='bbox 1106 1403 1264 1441; x_wconf 87' lang='lat' dir='ltr'>abhinc</span> <span class='ocrx_word' id='word_1_150' title='bbox 1285 1401 1494 1451; x_wconf 85' lang='lat' dir='ltr'>milliarijs</span> <span class='ocrx_word' id='word_1_151' title='bbox 1519 1400 1740 1439; x_wconf 87' lang='lat' dir='ltr'>aedificari</span> 
     </span>
     <span class='ocr_line' id='line_1_19' title="bbox 112 1472 1740 1528; baseline -0.005 -11"><span class='ocrx_word' id='word_1_152' title='bbox 112 1482 285 1528; x_wconf 88' lang='lat' dir='ltr'>coepta,</span> <span class='ocrx_word' id='word_1_153' title='bbox 308 1477 497 1514; x_wconf 82' lang='lat' dir='ltr'>honesta</span> <span class='ocrx_word' id='word_1_154' title='bbox 517 1475 795 1513; x_wconf 84' lang='lat' dir='ltr'>recreatione</span> <span class='ocrx_word' id='word_1_155' title='bbox 818 1475 991 1525; x_wconf 88' lang='lat' dir='ltr'>situque</span> <span class='ocrx_word' id='word_1_156' title='bbox 1013 1472 1322 1512; x_wconf 87' lang='lat' dir='ltr'>amoenissimo</span> <span class='ocrx_word' id='word_1_157' title='bbox 1344 1472 1372 1520; x_wconf 85' lang='lat'>³,</span> <span class='ocrx_word' id='word_1_158' title='bbox 1397 1472 1740 1511; x_wconf 87' lang='lat' dir='ltr'>valetudinarios</span> 
     </span>
     <span class='ocr_line' id='line_1_20' title="bbox 110 1544 1100 1599; baseline -0.003 -12"><span class='ocrx_word' id='word_1_159' title='bbox 110 1551 153 1587; x_wconf 91' lang='lat' dir='ltr'>in</span> <span class='ocrx_word' id='word_1_160' title='bbox 173 1547 400 1599; x_wconf 87' lang='lat' dir='ltr'>pristinum</span> <span class='ocrx_word' id='word_1_161' title='bbox 423 1545 566 1597; x_wconf 85' lang='lat' dir='ltr'>erigit,</span> <span class='ocrx_word' id='word_1_162' title='bbox 591 1545 869 1597; x_wconf 84' lang='lat' dir='ltr'>sospitesque</span> <span class='ocrx_word' id='word_1_163' title='bbox 892 1544 1100 1584; x_wconf 84' lang='lat' dir='ltr'>custodit.</span> 
     </span>
    </p>

    <p class='ocr_par' dir='ltr' id='par_1_5' title="bbox 113 1613 1742 1882">
     <span class='ocr_line' id='line_1_21' title="bbox 192 1613 1741 1668; baseline -0.005 -10"><span class='ocrx_word' id='word_1_164' title='bbox 192 1619 301 1658; x_wconf 92' lang='lat' dir='ltr'>Illud</span> <span class='ocrx_word' id='word_1_165' title='bbox 321 1631 428 1657; x_wconf 88' lang='lat' dir='ltr'>vero</span> <span class='ocrx_word' id='word_1_166' title='bbox 452 1631 476 1656; x_wconf 87' lang='lat' dir='ltr'>a</span> <span class='ocrx_word' id='word_1_167' title='bbox 496 1617 592 1655; x_wconf 92' lang='lat' dir='ltr'>Deo</span> <span class='ocrx_word' id='word_1_168' title='bbox 615 1629 696 1655; x_wconf 88' lang='lat' dir='ltr'>nos</span> <span class='ocrx_word' id='word_1_169' title='bbox 718 1629 891 1668; x_wconf 89' lang='lat' dir='ltr'>semper</span> <span class='ocrx_word' id='word_1_170' title='bbox 911 1617 1174 1667; x_wconf 88' lang='lat' dir='ltr'>flagitamus,</span> <span class='ocrx_word' id='word_1_171' title='bbox 1199 1621 1247 1653; x_wconf 90' lang='lat' dir='ltr'>ut</span> <span class='ocrx_word' id='word_1_172' title='bbox 1275 1621 1336 1663; x_wconf 91' lang='lat' dir='ltr'>te,</span> <span class='ocrx_word' id='word_1_173' title='bbox 1370 1616 1515 1662; x_wconf 86' lang='lat' dir='ltr'>Pater,</span> <span class='ocrx_word' id='word_1_174' title='bbox 1553 1613 1626 1652; x_wconf 89' lang='lat' dir='ltr'>diu</span> <span class='ocrx_word' id='word_1_175' title='bbox 1661 1613 1741 1652; x_wconf 92' lang='lat' dir='ltr'>sibi</span> 
     </span>
     <span class='ocr_line' id='line_1_22' title="bbox 113 1688 1742 1739; baseline -0.004 -9"><span class='ocrx_word' id='word_1_176' title='bbox 113 1696 262 1730; x_wconf 91' lang='lat' dir='ltr'>seruet</span> <span class='ocrx_word' id='word_1_177' title='bbox 296 1690 574 1736; x_wconf 86' lang='lat' dir='ltr'>incolumem,</span> <span class='ocrx_word' id='word_1_178' title='bbox 613 1689 734 1727; x_wconf 92' lang='lat' dir='ltr'>cuius</span> <span class='ocrx_word' id='word_1_179' title='bbox 768 1689 974 1739; x_wconf 87' lang='lat' dir='ltr'>precibus</span> <span class='ocrx_word' id='word_1_180' title='bbox 1009 1701 1060 1727; x_wconf 92' lang='lat' dir='ltr'>ac</span> <span class='ocrx_word' id='word_1_181' title='bbox 1081 1688 1306 1737; x_wconf 84' lang='lat' dir='ltr'>sacrificijs</span> <span class='ocrx_word' id='word_1_182' title='bbox 1327 1688 1465 1725; x_wconf 90' lang='lat' dir='ltr'>iuuari</span> <span class='ocrx_word' id='word_1_183' title='bbox 1485 1700 1567 1725; x_wconf 91' lang='lat' dir='ltr'>nos</span> <span class='ocrx_word' id='word_1_184' title='bbox 1589 1699 1742 1725; x_wconf 88' lang='lat' dir='ltr'>omnes</span> 
     </span>
     <span class='ocr_line' id='line_1_23' title="bbox 113 1758 1739 1811; baseline -0.003 -10"><span class='ocrx_word' id='word_1_185' title='bbox 113 1763 401 1801; x_wconf 87' lang='lat' dir='ltr'>vehementer</span> <span class='ocrx_word' id='word_1_186' title='bbox 440 1761 712 1799; x_wconf 88' lang='lat' dir='ltr'>confidimus.</span> <span class='ocrx_word' id='word_1_187' title='bbox 756 1761 975 1811; x_wconf 89' lang='lat' dir='ltr'>Compluti</span> <span class='ocrx_word' id='word_1_188' title='bbox 1014 1760 1151 1810; x_wconf 90' lang='lat' dir='ltr'>pridie</span> <span class='ocrx_word' id='word_1_189' title='bbox 1192 1759 1399 1798; x_wconf 88' lang='lat' dir='ltr'>kalendas</span> <span class='ocrx_word' id='word_1_190' title='bbox 1439 1758 1579 1807; x_wconf 87' lang='lat' dir='ltr'>Martij</span> <span class='ocrx_word' id='word_1_191' title='bbox 1625 1758 1739 1806; x_wconf 86' lang='lat'>1560.</span> 
     </span>
     <span class='ocr_line' id='line_1_24' title="bbox 115 1831 777 1882; baseline -0.006 -10"><span class='ocrx_word' id='word_1_192' title='bbox 115 1834 164 1872; x_wconf 87' lang='lat' dir='ltr'>T.</span> <span class='ocrx_word' id='word_1_193' title='bbox 189 1834 236 1871; x_wconf 88' lang='lat' dir='ltr'>P.</span> <span class='ocrx_word' id='word_1_194' title='bbox 261 1845 414 1871; x_wconf 88' lang='lat' dir='ltr'>seruus</span> <span class='ocrx_word' id='word_1_195' title='bbox 436 1831 777 1882; x_wconf 87' lang='lat' dir='ltr'>indignissimus,</span> 
     </span>
    </p>
   </div>
   <div class='ocr_carea' id='block_1_4' title="bbox 1055 1949 1579 2001">
    <p class='ocr_par' dir='ltr' id='par_1_6' title="bbox 1055 1949 1579 2001">
     <span class='ocr_line' id='line_1_25' title="bbox 1055 1949 1579 2001; baseline -0.002 -13"><span class='ocrx_word' id='word_1_196' title='bbox 1055 1952 1083 2000; x_wconf 89' lang='lat'><strong>†</strong></span> <span class='ocrx_word' id='word_1_197' title='bbox 1109 1951 1319 2001; x_wconf 80' lang='lat' dir='ltr'>JOSEPHUS</span> <span class='ocrx_word' id='word_1_198' title='bbox 1350 1949 1523 1988; x_wconf 80' lang='lat' dir='ltr'><strong>ACOSTA</strong></span> <span class='ocrx_word' id='word_1_199' title='bbox 1551 1952 1579 1987; x_wconf 80' lang='lat'>⁴¹.</span> 
     </span>
    </p>
   </div>
   <div class='ocr_carea' id='block_1_5' title="bbox 117 2146 1745 2494">
    <p class='ocr_par' dir='ltr' id='par_1_7' title="bbox 165 2146 967 2198">
     <span class='ocr_line' id='line_1_26' title="bbox 165 2146 967 2198; baseline -0.006 -10"><span class='ocrx_word' id='word_1_200' title='bbox 165 2152 173 2172; x_wconf 95' lang='lat'>¹</span> <span class='ocrx_word' id='word_1_201' title='bbox 228 2151 463 2198; x_wconf 90' lang='lat' dir='ltr'>Alphonsus</span> <span class='ocrx_word' id='word_1_202' title='bbox 482 2148 674 2186; x_wconf 84' lang='lat' dir='ltr'>Ramirez</span> <span class='ocrx_word' id='word_1_203' title='bbox 693 2148 742 2184; x_wconf 90' lang='lat' dir='ltr'>de</span> <span class='ocrx_word' id='word_1_204' title='bbox 761 2146 967 2194; x_wconf 74' lang='lat' dir='ltr'>Vei-gara.</span> 
     </span>
    </p>

    <p class='ocr_par' dir='ltr' id='par_1_8' title="bbox 117 2205 1745 2438">
     <span class='ocr_line' id='line_1_27' title="bbox 165 2205 1745 2256; baseline -0.002 -8"><span class='ocrx_word' id='word_1_205' title='bbox 165 2212 177 2231; x_wconf 77' lang='lat'>²³</span> <span class='ocrx_word' id='word_1_206' title='bbox 227 2210 480 2248; x_wconf 85' lang='lat' dir='ltr'>Sollemnem</span> <span class='ocrx_word' id='word_1_207' title='bbox 500 2207 789 2256; x_wconf 83' lang='lat' dir='ltr'>professionem</span> <span class='ocrx_word' id='word_1_208' title='bbox 811 2207 943 2244; x_wconf 88' lang='lat' dir='ltr'>emisit</span> <span class='ocrx_word' id='word_1_209' title='bbox 962 2206 1005 2243; x_wconf 83' lang='lat' dir='ltr'>P.</span> <span class='ocrx_word' id='word_1_210' title='bbox 1028 2206 1272 2244; x_wconf 87' lang='lat' dir='ltr'>Emmanuel</span> <span class='ocrx_word' id='word_1_211' title='bbox 1294 2205 1430 2253; x_wconf 89' lang='lat' dir='ltr'>Lopez</span> <span class='ocrx_word' id='word_1_212' title='bbox 1457 2206 1521 2243; x_wconf 87' lang='lat' dir='ltr'>die</span> <span class='ocrx_word' id='word_1_213' title='bbox 1555 2206 1598 2243; x_wconf 89' lang='grc'>18</span> <span class='ocrx_word' id='word_1_214' title='bbox 1624 2206 1745 2245; x_wconf 94' lang='lat' dir='ltr'>Octo-</span> 
     </span>
     <span class='ocr_line' id='line_1_28' title="bbox 117 2270 1745 2375; baseline -0.002 -8"><span class='ocrx_word' id='word_1_215' title='bbox 117 2271 199 2351; x_wconf 42' lang='lat' dir='ltr'>bris</span> <span class='ocrx_word' id='word_1_216' title='bbox 219 2270 383 2366; x_wconf 42' lang='grc' dir='ltr'>ῙΞίῗὲιυε</span> <span class='ocrx_word' id='word_1_217' title='bbox 405 2329 527 2375; x_wconf 86' lang='lat' dir='ltr'>vulgo</span> <span class='ocrx_word' id='word_1_218' title='bbox 545 2328 650 2364; x_wconf 86' lang='lat' dir='ltr'>dicta</span> <span class='ocrx_word' id='word_1_219' title='bbox 672 2327 809 2374; x_wconf 78' lang='lat' dir='ltr'>«Jesus</span> <span class='ocrx_word' id='word_1_220' title='bbox 827 2327 893 2362; x_wconf 85' lang='lat' dir='ltr'>del</span> <span class='ocrx_word' id='word_1_221' title='bbox 914 2325 1090 2369; x_wconf 74' lang='lat' dir='ltr'>Monte»,</span> <span class='ocrx_word' id='word_1_222' title='bbox 1114 2338 1237 2372; x_wconf 82' lang='lat' dir='ltr'>prope</span> <span class='ocrx_word' id='word_1_223' title='bbox 1262 2325 1451 2372; x_wconf 88' lang='lat' dir='ltr'>oppidum</span> <span class='ocrx_word' id='word_1_224' title='bbox 1479 2325 1668 2363; x_wconf 89' lang='lat' dir='ltr'>Loranca</span> <span class='ocrx_word' id='word_1_225' title='bbox 1695 2326 1745 2364; x_wconf 88' lang='lat' dir='ltr'>de</span> 
     </span>
     <span class='ocr_line' id='line_1_29' title="bbox 117 2384 950 2438; baseline -0.007 -11"><span class='ocrx_word' id='word_1_226' title='bbox 117 2390 290 2438; x_wconf 71' lang='lat' dir='ltr'>Tajufia.</span> <span class='ocrx_word' id='word_1_227' title='bbox 312 2388 376 2426; x_wconf 83' lang='lat' dir='ltr'>Cf.</span> <span class='ocrx_word' id='word_1_228' title='bbox 398 2388 500 2425; x_wconf 74' lang='lat' dir='ltr'>Lz‘t‘t.</span> <span class='ocrx_word' id='word_1_229' title='bbox 521 2387 774 2434; x_wconf 54' lang='lat' dir='ltr'>Quadam„</span> <span class='ocrx_word' id='word_1_230' title='bbox 799 2385 849 2430; x_wconf 81' lang='lat' dir='ltr'>V,</span> <span class='ocrx_word' id='word_1_231' title='bbox 869 2384 950 2421; x_wconf 79' lang='lat'>726.</span> 
     </span>
    </p>

    <p class='ocr_par' dir='ltr' id='par_1_9' title="bbox 165 2447 496 2494">
     <span class='ocr_line' id='line_1_30' title="bbox 165 2447 496 2494; baseline -0.009 -8"><span class='ocrx_word' id='word_1_232' title='bbox 165 2449 180 2469; x_wconf 84' lang='lat'><strong>⁴</strong></span> <span class='ocrx_word' id='word_1_233' title='bbox 229 2448 338 2486; x_wconf 89' lang='lat' dir='ltr'>Vide</span> <span class='ocrx_word' id='word_1_234' title='bbox 356 2460 393 2494; x_wconf 91' lang='lat' dir='ltr'>p.</span> <span class='ocrx_word' id='word_1_235' title='bbox 414 2447 496 2484; x_wconf 78' lang='lat'>353.</span> 
     </span>
    </p>
   </div>
  </div>
 </body>
</html>
