1908 3446
234 217 303 259 276
696 218 916 260 L1TTERAE
949 220 1303 268 QuAmuMESTRES

187 338 283 363 cum
305 325 579 364 incremento
602 325 643 364 in
678 325 765 364 fide
787 330 1091 377 perseuerent,
1124 330 1171 364 vt
1203 338 1299 363 cum
1330 325 1530 364 Christus
1562 325 1663 376 Opt.
1698 325 1808 365 Max.

187 409 284 435 cum
306 398 537 449 maiestate
567 410 725 449 magna
748 403 791 435 et
820 403 1043 448 potestate
1072 396 1259 445 venerit,
1289 398 1342 436 ab
1372 397 1515 437 hircis
1536 405 1554 422 a
1576 410 1812 449 segregen-

185 474 253 506 tur
277 470 301 507 ¹.
325 468 577 520 Compediti
612 470 802 520 remiges
823 468 945 507 multi
967 470 1163 520 corporis
1187 474 1231 506 et
1252 469 1382 506 animi
1403 468 1689 519 compedibus
1712 481 1812 519 ope-

185 552 232 578 ra
253 541 429 578 Patrum
453 544 495 578 et
518 540 599 578 Dei
620 541 838 579 beneficio
869 542 1113 587 soluuntur,
1138 541 1209 591 qui
1240 540 1362 578 dixit:
1396 541 1585 578 Primum
1616 540 1813 591 quaerite

1298 612 1327 659 ²3
1350 624 1434 662 qua
1456 624 1532 662 spe
1566 624 1654 649 non
1687 611 1814 662 pauci

186 624 369 662 regnum
390 612 471 649 Dei
496 617 539 649 et
561 612 671 650 haec
695 612 838 650 omnia
859 612 1119 650 adiicientur
1151 611 1277 649 vobis

185 683 239 721 ad
262 682 559 721 confitendum
582 682 870 720 adducuntur.
902 684 1047 733 Atque
1077 683 1190 721 haec
1212 682 1266 721 de
1288 682 1536 721 triremibus
1559 681 1675 720 satis.
1714 682 1812 721 Non

185 755 299 793 enirn
320 754 486 792 institui
509 754 652 791 omnia
673 753 933 792 adamussim
956 768 1147 801 narrare,
1173 752 1250 792 sed
1273 753 1573 792 adumbratam
1599 752 1813 804 quandam

186 832 229 864 et
251 825 403 864 rudem
428 825 619 876 effigiem
643 838 794 863 eorum
817 838 927 875 quae
949 826 1062 876 apud
1097 840 1178 864 nos
1200 831 1426 876 geruntur,
1452 827 1498 863 P.
1524 826 1573 864 T.
1597 838 1812 876 propone-

184 910 246 936 re.
273 896 466 947 Reliqua
486 896 606 936 enim
627 910 680 936 ex
695 896 900 947 priuatis
921 897 1069 937 literis
1092 896 1297 948 accipies.

236 981 275 1018 4.
336 969 541 1019 Sequitur
563 969 693 1020 igitur
715 974 762 1007 vt
784 968 839 1007 de
862 981 1041 1007 carcere
1077 969 1200 1020 regio
1224 969 1382 1016 dicam3
1405 981 1497 1006 rem
1520 974 1665 1006 tamen
1687 968 1813 1005 altius

184 1044 342 1091 petam.
364 1040 608 1091 Episcopus
629 1040 915 1091 algarbiensis
937 1043 964 1088 3,
989 1041 1054 1079 vir
1084 1040 1455 1091 religiosissimus,
1479 1043 1659 1091 propter
1694 1050 1813 1076 suam

183 1112 225 1149 in
246 1111 534 1163 gubernando
569 1111 846 1162 prudentiam
866 1110 1072 1163 precibus
1094 1124 1118 1149 a
1138 1110 1291 1163 regina
1311 1115 1336 1158 ⁴,
1367 1117 1414 1149 vt
1444 1123 1519 1162 par
1548 1116 1656 1158 erat,
1689 1122 1813 1149 coac-

183 1189 267 1231 tus,
290 1183 439 1222 habita
460 1196 484 1221 a
505 1196 674 1222 summo
697 1183 906 1235 pontifice
941 1184 1166 1231 facultate,
1199 1183 1415 1233 praetoris
1444 1182 1598 1220 summi
1632 1194 1812 1220 munere

184 1256 482 1306 superioribus
504 1255 658 1293 diebus
679 1255 959 1306 fungebatur.
983 1256 1067 1294 Hic
1089 1254 1324 1305 collegium
1345 1259 1544 1292 nostrum
1566 1253 1814 1304 frequenta-

184 1327 271 1374 bat,
296 1327 369 1365 vbi
391 1328 437 1365 P.
463 1326 627 1366 rectori
650 1327 895 1374 confessus,
920 1339 1091 1365 sacrum
1112 1326 1317 1365 faciebat.
1342 1326 1452 1364 Cum
1474 1325 1605 1376 igitur
1627 1324 1814 1363 animad-

183 1402 382 1437 uerteret
403 1400 534 1438 Pater
557 1405 704 1438 rector
732 1399 894 1437 multos
915 1398 957 1436 in
989 1411 1167 1437 carcere
1190 1396 1263 1436 diu
1286 1397 1374 1436 leui
1395 1410 1549 1436 caussa
1570 1396 1758 1435 detineri
1777 1397 1811 1444 b,

183 1471 255 1509 vel
275 1477 455 1522 propter
478 1484 553 1509 aes
575 1471 778 1518 alienum,
811 1470 883 1509 vel
912 1476 1094 1521 propter
1116 1469 1295 1508 deserta
1316 1469 1579 1516 vadimonia,
1605 1469 1676 1507 vel
1697 1468 1813 1520 quod

184 1542 457 1594 aufugissent
479 1543 507 1581 ii
527 1555 605 1593 pro
629 1543 785 1593 quibus
804 1547 928 1581 erant
948 1542 1152 1592 praedes,
1177 1554 1334 1593 magna
1352 1555 1448 1581 cum
1469 1545 1671 1592 egestate
1691 1545 1734 1578 et
1755 1540 1813 1578 fa-

183 1628 268 1662 me,
307 1627 404 1653 cum
438 1627 527 1653 non
559 1621 709 1652 esseut
739 1614 971 1661 soluendo,
1003 1626 1088 1652 nec
1117 1614 1333 1652 haberent
1367 1625 1453 1664 quo
1485 1612 1643 1651 famem
1666 1612 1812 1663 depel-

183 1686 340 1733 lerent,
378 1685 433 1724 de
469 1685 777 1725 conueniendo
810 1686 1018 1736 episcopo
1056 1686 1238 1735 cogitat3
1276 1684 1498 1731 conuenit,
1531 1696 1624 1722 rem
1661 1682 1812 1722 ordine

182 1762 342 1805 narrat,
367 1763 495 1809 rogat
511 1763 558 1795 ut
574 1758 798 1796 soluantur
815 1757 966 1802 vincti;
989 1757 1209 1807 impetrat,
1234 1757 1476 1794 soluuntur.
1501 1756 1599 1793 Hoc
1616 1754 1747 1793 modo
1767 1766 1812 1792 se

184 1830 336 1867 Patres
356 1829 400 1867 in
422 1841 601 1868 carcere
634 1841 794 1880 gerere
829 1830 988 1876 solent,
1012 1832 1059 1866 vt
1080 1828 1264 1879 primum
1301 1840 1353 1866 ea
1388 1826 1669 1878 suppeditent
1702 1838 1812 1877 quae

183 1901 314 1939 animi
334 1907 445 1949 sunt,
466 1906 558 1939 tum
580 1901 615 1939 si
636 1913 720 1952 qua
742 1906 808 1938 est
844 1906 917 1938 aut
938 1900 1057 1938 vitae
1093 1905 1167 1938 aut
1194 1899 1465 1938 liberationis
1500 1911 1615 1949 speS,
1639 1899 1681 1936 in
1717 1910 1811 1936 eam

185 1985 331 2013 curam
351 1972 619 2012 incumbant.

238 2054 275 2093 5.
335 2044 561 2095 Attingam
582 2055 691 2082 vero
722 2044 847 2082 breui
877 2048 1084 2094 quantum
1115 2043 1268 2094 regina
1296 2043 1390 2093 ipsa
1420 2041 1611 2081 confidat
1640 2046 1807 2080 nostro-

181 2129 275 2154 rum
306 2117 483 2154 Patrum
514 2116 675 2154 verbis.
709 2115 819 2154 Cum
850 2115 1008 2153 nobilis
1037 2114 1211 2165 quidam
1240 2115 1306 2152 vir
1336 2115 1572 2165 negocium
1593 2112 1810 2165 quoddam

184 2192 229 2226 et
249 2186 424 2226 difficile
448 2194 492 2225 et
514 2187 659 2239 magni
678 2187 887 2238 ponderis
908 2191 1102 2238 gereret,
1126 2198 1210 2225 nec
1240 2187 1396 2224 confici
1425 2191 1576 2237 posset
1609 2198 1662 2225 eo
1696 2185 1812 2237 quod

183 2259 361 2310 ignotus
384 2264 519 2307 esset;
543 2258 717 2310 rogauit
738 2259 914 2296 Patrem
936 2263 983 2295 vt
1004 2258 1063 2296 illi
1085 2270 1133 2296 se
1156 2265 1173 2283 0
1192 2270 1329 2308 penes
1351 2269 1481 2308 quem
1502 2257 1679 2309 negocii
1707 2255 1812 2295 iudi-

184 2329 298 2368 cium
316 2335 361 2367 et
381 2333 579 2381 potestas
602 2335 710 2377 erat,
736 2328 1082 2368 commendaret.
1109 2328 1446 2368 Commendauit
1465 2328 1721 2380 integritate
1738 2341 1811 2379 po-

182 2401 396 2440 tissimum
427 2401 560 2449 vitae,
599 2401 828 2453 epistolam
858 2402 1039 2453 reginae
1072 2400 1265 2439 ostendit
1294 2400 1382 2447 ille3
1413 2412 1526 2450 quae
1556 2400 1810 2438 testimonio

183 2473 404 2513 delectata
426 2480 469 2513 et
491 2480 714 2513 commota
728 2473 964 2525 negocium
986 2473 1111 2512 breui
1132 2473 1290 2513 confici
1309 2472 1448 2512 iussit.

230 2673 249 2692 a
299 2673 438 2710 haedis
457 2672 552 2709 Pol.
605 2673 671 2697 ——b
694 2671 840 2718 Supra
859 2681 968 2709 vers.
1023 2678 1087 2696 —0
1111 2669 1297 2707 Emend.
1320 2680 1370 2707 ex
1388 2669 1516 2706 illum.

234 2871 241 2890 ¹
295 2867 358 2906 Cf.
376 2867 497 2910 Luc„
517 2865 633 2911 XXI,
652 2865 712 2909 27;
734 2865 920 2911 MATTH„
940 2864 1083 2910 XXV,
1103 2864 1161 2909 32,
1181 2864 1239 2902 33.

231 2929 244 2948 ²
295 2927 485 2969 MATTH.‚
504 2924 578 2970 VI,
598 2923 657 2963 33.

230 2989 243 3008 ³
289 2985 469 3034 Joannes
486 2985 536 3023 de
555 2984 668 3022 Melo
688 2990 727 3022 et
747 2984 906 3023 Castro.

231 3048 244 3067 ⁴
295 3045 532 3091 catharina,
550 3044 717 3092 Joannis
735 3044 792 3081 III
812 3045 946 3082 vidua.
