1908 3446
226 236 295 275 268
690 241 908 280 [ATTERAE
936 243 1293 290 QUAomMESTREs

179 340 307 388 quale
346 345 423 391 per
458 342 593 380 molte
629 344 796 394 ragioni
832 357 919 383 non
955 346 1017 383 s'e
1054 349 1215 396 negata
1247 346 1286 383 la
1320 346 1544 397 sepoltura
1579 346 1622 384 in
1655 350 1806 384 nostra

180 411 329 449 chiesa
362 412 431 451 dal
466 419 616 453 nostro
653 416 728 454 Re
764 417 1049 467 prouinci111e3
1087 421 1129 455 et
1161 419 1252 455 cosi
1283 430 1367 456 una
1406 418 1588 469 uergine
1629 422 1751 456 santa
1782 419 1804 455 e

179 486 292 521 stata
320 484 466 535 quella
500 486 582 523 che
616 487 672 525 ha
702 486 804 525 dato
839 487 1051 538 principio
1087 489 1170 526 alla
1203 492 1354 527 nostra
1387 489 1610 540 sepoltura
1643 500 1803 535 nuoua,

179 553 296 592 doue
316 568 551 606 ponemmo
575 569 658 595 con
681 570 778 596 essa
797 558 826 596 il
847 571 981 609 corpo
1005 559 1047 597 di
1067 559 1167 610 quel
1189 559 1438 607 sacerdote,
1463 560 1678 598 chiamato
1703 559 1805 598 Gio-

180 627 308 664 uanni
330 627 528 666 Lorenzo
552 630 578 675 ¹,
603 629 685 666 che
713 642 859 668 morse
886 630 1051 681 gl’anni
1079 630 1255 681 passati.
1289 631 1343 668 Et
1373 636 1528 682 questa
1558 630 1803 676 settimana,

181 697 369 736 essendo
401 704 544 737 morto
575 699 602 738 il
633 706 819 751 regente
849 701 1080 740 Villanoua
1109 706 1135 748 ²,
1167 706 1288 740 tanto
1311 702 1463 740 diu'oto
1487 701 1601 739 della
1621 701 1806 751 Compa-

178 768 280 819 gnia
302 774 345 807 et
365 770 530 821 figliolo
553 770 776 821 spirituale
798 771 841 810 di
861 772 1019 823 quella,
1044 773 1108 811 s’e
1131 773 1317 823 sepelito
1339 773 1381 811 in
1402 773 1442 811 la
1472 772 1712 811 medesima
1741 785 1805 809 se-

179 840 365 890 poltura‚
399 841 439 879 la
468 843 594 892 quale
627 844 650 880 'e
682 846 795 881 stata
823 843 865 881 in
888 845 1173 883 conclusione
1194 845 1408 883 honorata
1430 850 1474 882 et
1494 843 1807 894 pedemontata

181 911 235 949 da
255 925 311 950 un
333 912 583 961 sacerdote,
607 913 662 952 da
682 927 766 953 una
785 916 984 966 uergine,
1014 916 1069 954 da
1095 930 1151 954 un
1181 921 1382 967 regente.
1416 916 1488 955 Sia
1516 915 1691 954 laudato
1722 915 1804 953 Dio

179 982 221 1021 di
242 987 372 1022 tutto.

237 1066 296 1093 ΙΙ.
358 1055 513 1094 Alcuni
534 1055 589 1094 de
610 1058 762 1104 nostri,
786 1058 1035 1096 anchorche
1058 1058 1274 1096 habbiano
1297 1058 1421 1096 molti
1438 1056 1638 1107 trauagli,
1656 1054 1806 1094 nondi-

180 1138 308 1164 meno
339 1127 379 1164 le
414 1127 529 1165 feste
559 1139 607 1165 se
637 1140 693 1166 ne
723 1140 865 1166 uanno
887 1141 965 1179 per
986 1130 1052 1167 lor
1073 1129 1350 1167 recreatione
1372 1126 1665 1178 all'hospitali‚
1690 1126 1806 1165 doue

181 1210 394 1236 concorre
416 1211 522 1249 gran
544 1199 820 1238 moltitudine
843 1199 897 1238 de
919 1199 1056 1238 nostri
1079 1199 1247 1247 deuoti3
1271 1204 1314 1237 et
1338 1212 1420 1237 una
1442 1199 1575 1246 uolta,
1606 1197 1804 1236 andando

180 1282 236 1306 un
257 1273 409 1307 nostro
431 1269 666 1309 sacerdote
688 1283 713 1308 a
733 1271 883 1309 uisitar
904 1269 1138 1322 l'hospitali
1159 1270 1276 1309 delle
1293 1270 1439 1309 donne
1457 1268 1804 1316 dess'incurabiIi,

179 1343 308 1379 trouo
340 1353 425 1379 una
454 1340 600 1380 donna
629 1341 786 1380 dentro
817 1343 858 1380 la
886 1346 1013 1393 porta
1042 1346 1212 1380 tentata
1242 1348 1286 1380 et
1315 1340 1519 1380 rissoluta
1548 1339 1591 1379 di
1619 1341 1804 1392 partirsi,

181 1411 492 1450 contrastando
517 1425 599 1450 con
620 1413 661 1450 le
683 1416 845 1451 mastre
868 1417 911 1451 et
932 1414 1169 1464 portinare,
1195 1418 1240 1451 et
1262 1415 1368 1460 cosi,
1392 1412 1621 1463 ragionate
1652 1412 1806 1450 alcune

178 1484 328 1534 parole
349 1484 376 1521 il
399 1483 633 1522 sacerdote
657 1497 740 1523 con
762 1484 884 1523 detta
905 1484 1063 1532 donna,
1088 1485 1298 1523 talmente
1338 1485 1394 1536 gli
1415 1487 1600 1535 penetro
1622 1484 1650 1522 il
1673 1496 1806 1522 cuore

181 1560 224 1592 et
245 1554 434 1603 l'anima‚
460 1555 540 1594 che
562 1559 680 1595 resto
704 1556 861 1595 dentro
885 1562 1095 1596 contenta
1124 1562 1168 1595 et
1197 1569 1328 1596 senza
1356 1557 1511 1595 alcuna
1544 1556 1804 1602 tentatione,

179 1625 384 1666 dicendo:
411 1627 661 1667 ssenedetto
683 1628 733 1678 sij
757 1633 819 1676 tu,
844 1628 985 1667 Padre
1007 1634 1149 1677 sant03
1174 1633 1217 1666 et
1240 1628 1350 1667 simil
1371 1629 1537 1680 parole.
1561 1628 1614 1666 Et
1635 1640 1806 1678 sempre

180 1699 261 1736 che
293 1699 334 1737 ui
365 1711 420 1737 ua
452 1699 626 1747 alcuno‚
660 1704 705 1737 et
734 1701 937 1739 massime
967 1701 995 1739 il
1025 1699 1267 1739 medesimo
1298 1699 1454 1747 Padre‚
1486 1698 1544 1738 lei
1578 1712 1703 1738 corre
1725 1711 1807 1738 con

179 1782 286 1821 gran
303 1769 546 1810 diuotione.
571 1772 750 1810 Benche
768 1777 925 1822 questo
947 1784 1026 1823 per
1046 1771 1075 1810 li
1094 1771 1279 1823 trauagli
1296 1771 1520 1821 continouj
1544 1784 1632 1810 non
1653 1771 1688 1809 si
1703 1773 1804 1822 pue,

181 1853 228 1879 se
249 1854 337 1879 non
359 1854 453 1880 rare
476 1842 614 1890 uolte,
640 1843 918 1882 essercitare.

238 1923 297 1951 12.
360 1914 414 1952 Et
435 1912 477 1952 in
499 1913 784 1953 conclusione
804 1914 847 1953 in
867 1916 1012 1966 questi
1035 1920 1078 1953 et
1099 1915 1197 1954 altri
1220 1914 1433 1965 essercitij
1458 1914 1668 1966 spirituali
1702 1913 1736 1952 si
1767 1913 1807 1951 fa

179 1985 316 2023 molto
338 1985 474 2023 frutto
496 1986 538 2023 in
559 1990 716 2036 questa
736 1987 855 2034 citta,
881 1991 925 2024 et
942 1986 977 2025 si
993 1985 1047 2024 da
1063 1986 1229 2037 grande
1247 1985 1526 2025 edificatione
1544 1990 1589 2023 et
1605 1984 1805 2023 massime

179 2056 349 2094 nell’ire
371 2069 396 2095 a
416 2057 801 2096 raccommandare
819 2058 976 2106 anime,
997 2057 1114 2096 doue
1130 2070 1208 2109 per
1224 2058 1396 2096 l‘anime
1414 2057 1495 2096 che
1512 2058 1656 2095 hanno
1674 2069 1698 2095 a
1713 2068 1805 2107 pas-

178 2139 247 2165 sar
268 2127 384 2165 della
404 2127 494 2166 uita
516 2140 565 2166 se
585 2128 877 2179 guadagnano
900 2129 1036 2167 molte
1058 2129 1168 2167 altre
1191 2130 1273 2167 che
1296 2133 1472 2167 restano
1494 2129 1609 2166 nella
1629 2127 1733 2165 uita.

237 2208 296 2245 1'3.
356 2198 405 2236 Li
427 2198 556 2248 studij
580 2198 635 2237 de
656 2200 795 2238 nostri
814 2198 974 2238 fratelli
994 2212 1136 2238 uanno
1160 2199 1290 2247 bene,
1311 2204 1356 2238 et
1377 2204 1500 2238 certo
1523 2198 1565 2237 in
1582 2203 1739 2249 questo
1763 2202 1805 2236 et

178 2270 249 2307 nel
272 2269 422 2320 spirito
445 2271 581 2308 molto
605 2283 747 2309 uanno
769 2270 918 2310 inanti.
942 2271 996 2308 Et
1018 2272 1134 2310 circa
1154 2269 1438 2310 l'obedientia
1453 2283 1541 2309 non
1563 2269 1602 2309 ci
1621 2270 1806 2320 bisogna

178 2340 300 2391 quasi
334 2341 418 2379 mai
448 2341 523 2379 dar
552 2341 808 2393 penitentia.
845 2342 908 2380 Le
937 2342 1090 2381 schole
1119 2343 1191 2393 poi
1221 2342 1411 2381 anchora
1433 2354 1575 2380 uanno
1606 2342 1646 2380 al
1675 2339 1803 2379 solito

178 2413 308 2460 bene,
334 2417 378 2450 et
399 2425 482 2451 con
502 2413 682 2463 profitto
704 2411 807 2452 delli
828 2414 1014 2453 scholari
1034 2427 1122 2452 non
1142 2426 1270 2465 poco,
1296 2413 1650 2461 essercitandosi,
1682 2417 1803 2451 tanto

179 2483 334 2522 dentro
357 2484 475 2522 com’
494 2483 605 2522 fuori
628 2483 671 2523 di
688 2496 802 2532 casa,
820 2486 892 2523 nel
914 2496 1144 2536 comporre
1162 2485 1348 2524 orationi
1365 2489 1409 2523 et
1425 2483 1643 2523 recitarle.

237 2566 298 2605 14.
358 2555 408 2593 Ci
443 2568 551 2594 sono
574 2555 717 2594 alcuni
751 2557 833 2595 che
867 2560 1022 2595 stanno
1059 2568 1141 2596 con
1175 2569 1282 2607 gran
1317 2555 1538 2595 desiderio
1565 2568 1643 2607 per
1673 2553 1803 2594 intrar

229 2761 237 2780 ¹
290 2758 336 2796 P.
357 2758 538 2806 Joannes
565 2757 814 2795 Laurentius
840 2757 1070 2802 Patarinus,
1103 2759 1171 2804 qui
1201 2757 1295 2794 dum
1320 2757 1360 2794 in
1391 2756 1573 2794 Siciliam
1603 2756 1802 2800 tenderet,

178 2819 347 2867 Neapoli
378 2818 483 2856 diem
510 2829 743 2864 supremum
770 2817 869 2855 obiit
894 2830 1000 2855 anno
1021 2816 1128 2854 1557.
1154 2814 1217 2854 Cf.
1240 2816 1376 2862 Epist.
1398 2816 1449 2854 P.
1472 2815 1751 2859 Salmeronis,
1770 2815 1801 2853 1.

177 2879 260 2959 21}-
288 2937 530 2975 Franciscus
556 2936 761 2973 Antonius
787 2936 836 2974 de
864 2936 1092 2973 Villanova.
1122 2934 1184 2973 Cf.
1211 2935 1265 2972 sis
1293 2934 1502 2979 POLANCO.
1535 2935 1702 2980 Chron„
1731 2933 1797 2976 III,

184 2998 262 3044 188;
292 2996 365 3039 VI,
398 2995 577 3042 124-126;
611 2995 934 3042 133-1353Epist.
967 2995 1021 3033 P.
1049 2994 1332 3038 Salmeronis,
1361 2994 1391 3039 I,
1411 2993 1480 3031 293
1497 2993 1565 3031 ubi
1583 2993 1632 3031 ad
1650 2993 1722 3030 has
1739 2990 1800 3030 lit-

185 3062 295 3095 teras
312 3056 355 3094 fit
373 3055 533 3094 allusio.
