1908 3446
485 219 565 255 300.
584 216 773 254 ηΑΕΕΝυΛ
804 216 846 251 ἱῑ]
872 215 943 251 5η
966 223 1135 250 ιῈΜΒκι»
1166 212 1253 247 155³)
1569 208 1638 244 3455

68 325 118 363 de
142 334 261 361 more
284 321 533 359 confitetur.
560 320 668 358 Sunt
691 318 895 367 denique,
936 318 980 354 Ιχ).
1009 318 1071 361 Ρ.,
1096 312 1345 363 hujusmodi
1376 312 1684 349 adolescentes

73 392 383 445 quamplurimi,
408 392 476 440 alij
501 391 570 441 qui
603 390 657 428 ad
678 394 872 427 nostram
894 387 1180 432 Societatem,
1215 385 1284 434 alij
1309 384 1379 433 qui
1401 383 1453 420 ad
1476 383 1579 419 alias
1609 382 1687 418 rel-

68 467 248 518 ligiones
269 463 422 514 spiritu
445 462 618 501 Domini
641 461 872 506 ducuntur,
898 472 951 497 ex
974 459 1129 509 quibus
1162 462 1264 495 octo
1296 456 1379 493 iam
1403 455 1480 491 sul)
1512 458 1687 490 nostrae

15 536 16 586 f
68 536 295 576 Societatis
332 535 456 585 signo
495 537 588 572 Deo
626 532 815 571 fideliter
852 531 1050 576 militant,
1088 534 1261 580 praeter
1299 526 1475 575 eosqui
1511 525 1687 562 aliarum

14 641 16 655 <
69 608 337 658 relligionum
359 607 554 644 habitum
585 605 833 643 induerunt.
859 605 1022 642 Verum
1045 601 1144 651 quia
1165 600 1220 638 de
1244 600 1308 637 his
1339 596 1557 648 sigillatim
1589 608 1688 643 agc-

69 693 113 718 re
143 678 316 716 nimium
348 678 527 728 longum
556 677 689 723 foret,
724 676 858 713 multa
879 686 1008 725 quae
1027 673 1113 711 hoc
1143 673 1242 709 loco
1266 670 1350 708 dici
1380 672 1577 719 possent,
1613 667 1690 703 01)-

14 762 16 792 3
70 734 228 788 ruenda
249 749 422 786 silentio
447 748 649 786 consulto
673 745 891 792 duximus,
916 757 1016 784 cum
1038 743 1176 782 etiam
1199 743 1378 780 (litardus
1407 739 1466 777 sit
1497 739 1622 776 locus
1653 739 1691 775 ef

14 810 16 855 Ϊ
70 821 139 860 Ιιὶε
159 832 269 870 quae
293 819 442 857 adhuc
466 818 690 857 Dominus
710 818 864 856 noster
881 829 966 854 suav
995 812 1237 867 singu-lari
1265 809 1585 850 misericordia
1612 811 1693 858 per

74 905 149 931 nos
187 889 400 930 minimos
445 889 643 929 incultae
685 887 846 927 uineae
884 900 994 926 suae
1034 883 1272 937 operarios
1312 882 1489 934 efficere
1529 879 1692 930 dignat-

74 966 143 1002 ἐμω·
162 963 237 1001 est.

122 1043 157 1083 5.
216 1032 336 1071 Nam
373 1046 427 1070 ex
463 1031 528 1070 his
562 1033 633 1083 qui
668 1032 828 1070 nostris
865 1031 1145 1075 confitentur,
1184 1033 1283 1066 sunt
1309 1034 1328 1052 ἃ
1355 1039 1442 1064 non
1476 1024 1601 1076 pauci
1625 1023 1695 1073 qui

12 1141 15 1165 ζ
72 1104 271 1157 profestis
292 1104 447 1142 diebus
470 1104 582 1142 inter
606 1103 820 1142 secularia
856 1103 1038 1154 negotia
1069 1113 1160 1139 rem
1183 1099 1421 1152 spiritalem
1443 1109 1577 1149 agere
1606 1109 1695 1133 >non

75 1176 297 1216 desistant.
331 1176 414 1225 Alij
449 1188 555 1214 uero
589 1188 793 1214 carceres
824 1175 1003 1221 adeunt,
1038 1173 1211 1211 uinctos
1242 1170 1391 1210 amicis
1422 1167 1696 1208 sermonibus

74 1248 365 1295 consolantur,
397 1253 440 1285 et
474 1248 594 1286 uelut
626 1246 831 1286 obuersis
862 1245 1007 1285 ocu-lis
1036 1244 1138 1296 quid
1168 1244 1250 1282 illis
1283 1255 1390 1294 opus
1422 1242 1490 1288 sit,
1526 1240 1695 1278 intuen-

74 1322 148 1358 tur
168 1320 201 1358 b.
226 1318 350 1357 Vnde
382 1319 589 1357 effectum
625 1324 707 1365 est,
741 1324 787 1356 ut
808 1318 980 1369 quidam
1004 1318 1074 1367 qui
1099 1317 1215 1355 Patri
1246 1315 1408 1354 rectori
1445 1312 1695 1357 confitetur,

74 1390 188 1430 inter
209 1391 384 1429 coetera
402 1388 589 1440 pietatis
614 1392 768 1440 opera,
793 1390 876 1428 lzoc
900 1401 1042 1427 unum
1074 1387 1193 1427 hisce
1215 1386 1369 1425 diebus
1394 1381 1695 1435 praestiteris.

76 1461 276 1510 Quicum
299 1462 522 1511 quendam
548 1467 565 1486 0
586 1474 745 1512 magno
768 1473 872 1499 aere
894 1460 1037 1498 alieno
1060 1472 1258 1510 pressum
1281 1459 1322 1496 in
1353 1456 1602 1495 carceribus
1634 1467 1698 1492 re-

73 1533 248 1585 periret,
271 1534 396 1572 breui
420 1534 629 1584 temporis
658 1533 804 1584 spacio
828 1532 848 1557 d
869 1531 969 1570 hine
989 1531 1090 1569 inde
1131 1543 1287 1581 magna
1315 1529 1597 1580 pecuniarum
1629 1540 1700 1564 co-

74 1605 140 1656 pia
160 1606 359 1653 collecta,
384 1604 534 1644 debito
555 1617 823 1656 carcereque
847 1604 977 1642 soluit
1000 1611 1032 1642 e·
1059 1603 1195 1653 Quid?
1217 1606 1316 1640 sunt
1340 1607 1384 1639 et
1404 1600 1473 1650 alij
1494 1599 1573 1649 qni
1593 1611 1699 1648 quu-

75 1675 115 1714 si
142 1675 256 1715 nihil
291 1678 454 1728 agant,
481 1678 625 1715 totum
647 1688 805 1715 eorum
830 1676 841 1700 f
866 1674 1102 1727 negocium
1126 1681 1190 1712 est
1212 1684 1568 1725 quoquouersum
1593 1669 1700 1709 otio-

75 1759 145 1785 sos
176 1752 219 1785 et
250 1748 471 1786 aleatores
492 1760 691 1798 quosque
721 1747 911 1799 &gladio
944 1747 1135 1798 spiritus,
1159 1745 1277 1796 quod
1307 1750 1374 1782 est
1404 1745 1587 1782 uerbum
1607 1742 1701 1784 Dei.

77 1817 231 1856 adoriri
254 1821 278 1857 ¹.
302 1819 355 1856 Et
387 1819 421 1856 si
442 1831 552 1869 quos
585 1823 838 1869 expugnant
868 1819 1140 1868 (expugnant
1164 1817 1277 1855 enim
1307 1829 1395 1854 non
1425 1816 1623 1866 paucos),
1648 1813 1701 1851 ad

78 1889 306 1940 collegium
330 1895 450 1927 tanto
484 1889 636 1940 spiritu
667 1890 813 1927 statim
845 1894 995 1940 agunt,
1028 1893 1074 1926 ut
1097 1888 1214 1926 dicto
1237 1899 1413 1938 quoque
1445 1886 1498 1923 sit
1530 1885 1699 1923 mirum.

78 1960 198 1999 Vnde
219 1973 346 2011 quam
369 1960 529 1998 uberes
560 1960 729 1998 fructus
758 1960 1072 2011 producantur,
1097 1959 1272 1998 assidue
1303 1959 1537 1997 multorum
1569 1969 1702 2008 gene-

78 2031 187 2069 rales
208 2032 528 2079 confessiones,
564 2031 868 2070 restitutiones
899 2031 1107 2082 uitaeque
1138 2031 1476 2069 reformationes
1512 2027 1702 2066 indicant

78 2106 239 2152 aperte.
264 2103 381 2141 Inter
404 2115 515 2153 quae
540 2102 685 2143 omnia
706 2102 811 2140 illud
833 2102 1205 2153 praetereundum
1241 2114 1328 2140 non
1359 2101 1560 2147 arbitror,
1585 2099 1703 2150 quod

78 2173 247 2224 quidam
270 2175 339 2212 uel
360 2175 500 2212 semel
521 2174 638 2225 apud
672 2187 753 2212 nos
776 2174 1005 2213 confessus
1025 2175 1148 2212 hisce
1170 2173 1308 2211 ferme
1332 2172 1486 2210 diebus
1508 2169 1628 2210 fecit.
1664 2172 1703 2209 Is

81 2243 178 2283 data
209 2245 324 2283 bona
357 2246 640 2296 pecuniarum
671 2244 802 2296 copia
824 2245 843 2269 ¹¹
874 2244 928 2283 ad
959 2257 1147 2291 usuram,
1179 2245 1335 2282 tantoi
1370 2242 1534 2281 affectu
1566 2255 1621 2280 ex
1653 2254 1705 2279 ea

82 2328 162 2353 una
195 2316 507 2356 confessionej
533 2309 738 2363 surrexit,
776 2322 824 2354 ut
853 2317 998 2354 statim
1029 2320 1150 2354 recta
1182 2328 1260 2353 eos
1290 2314 1444 2366 quibus
1475 2314 1703 2365 pecuniam

82 2387 329 2435 tradiderat,
366 2388 557 2439 petierit,
591 2388 781 2428 demissa
810 2401 939 2435 uoce,
964 2388 1042 2426 sed
1073 2383 1126 2426 ex
1157 2387 1256 2426 imis
1284 2388 1303 2411 k
1327 2387 1484 2425 emissa
1513 2384 1705 2436 pectori-

83 2459 160 2497 bus
195 2458 222 2506 ²,
259 2471 386 2503 orans
420 2466 551 2511 atque
588 2462 815 2501 obtestans
836 2460 1151 2511 quamprimum
1173 2459 1342 2497 tabulas
1366 2457 1633 2503 conferrent,
1658 2468 1705 2493 se

82 2531 209 2580 nolle,
233 2533 450 2583 inquiens,
474 2533 516 2571 in
545 2538 772 2583 posterum
795 2532 903 2570 tanti
924 2532 1129 2570 facinoris
1150 2531 1406 2582 participem
1429 2536 1561 2579 atque
1583 2534 1705 2567 auto-

127 2688 145 2706 a
170 2680 320 2723 Praec„
341 2682 455 2720 verb.
478 2686 617 2727 supra
638 2691 748 2718 vers.
771 2681 825 2717 ab
853 2681 947 2726 ipso
966 2685 1154 2725 auctore,
1176 2680 1329 2731 deletis
1349 2680 1511 2716 illorum
1530 2691 1703 2726 quoque.

84 2741 145 2766 -b
165 2742 432 2779 considerant.
490 2751 555 2769 —c
581 2740 720 2778 alium.
775 2734 1015 2777 -deec.
1038 2752 1076 2777 v.
1100 2744 1235 2786 supra
1256 2750 1365 2776 vers.
1420 2760 1450 2763 —
1467 2748 1485 2765 e
1507 2740 1599 2785 δερ.
1621 2740 1704 2776 del.

84 2800 241 2838 omnino
259 2802 322 2847 (Ρ)
397 2803 454 2827 —f
479 2814 664 2849 quorum.
742 2809 810 2834 -ἑῑ
831 2806 971 2848 petere
1014 2813 1074 2837 ac.
1145 2801 1210 2825 —h
1232 2812 1401 2836 summa.
1488 2801 1537 2825 —i
1560 2801 1700 2836 animi.

86 2865 141 2898 —J'
171 2879 217 2903 ac
235 2868 459 2914 perculsus.
515 2869 581 2893 —k
611 2869 702 2904 imo.
758 2867 818 2892 —1
839 2873 1016 2914 pectore.
1176 2853 1178 2856 ⁵

133 3025 141 3043 ¹
193 3022 255 3062 Cf.
277 3023 445 3070 EPHES„
467 3025 540 3071 VI,
565 3026 619 3063 17.
