1908 3446
131 266 201 302 940
618 264 835 300 LITTERAE
861 262 1217 307 QUADRIMESTRES

138 378 175 414 3.
236 368 329 405 Nec
361 368 549 418 vulgaris
579 366 749 405 accedit
769 366 787 383 ’ἃ
808 365 982 403 Christo
1007 378 1060 402 ex
1092 364 1441 403 confessionibus
1473 370 1702 404 extraneo-

87 451 176 475 rum
200 438 371 476 auditis.
398 438 581 476 Maxime
605 451 700 475 cum
723 436 842 474 hisce
865 436 1020 473 diebus
1042 436 1195 474 mulier
1215 436 1429 486 quaedam
1450 436 1703 475 immanissi-

87 509 163 545 mis
186 509 423 546 sceleribus
446 509 654 554 involuta,
685 520 797 545 nunc
820 520 873 544 ex
906 507 1194 545 instructione
1224 512 1388 554 nostra,
1412 507 1617 545 abiuratis
1643 506 1703 545 vi-

87 581 171 628 tijs‚
196 579 250 618 ad
272 593 345 618 cor
372 580 566 625 redierit,
592 586 635 617 et
658 579 790 617 vitam
821 578 1047 616 meliorem
1076 578 1328 617 instituerit.
1352 579 1551 616 Facultas
1580 579 1704 617 theo-

86 652 227 701 logica
249 651 510 689 coloniensis
546 650 681 688 edidit
715 649 931 700 quendam
967 648 1158 687 libellum
1194 654 1347 688 contra
1375 649 1552 700 impium
1586 650 1704 688 illum

84 723 442 772 gymnasiarchae
475 721 854 772 dusscldorpensis
884 721 1213 768 catechismum,
1246 721 1288 760 in
1318 735 1403 772 quo
1434 721 1553 760 virus
1573 722 1704 772 pesti-

84 794 369 831 lentissimum
391 794 409 817 b
433 794 633 831 incautae
666 792 881 830 iuuentuti
913 792 1126 842 propinat,
1158 792 1200 830 in
1232 793 1354 832 cuius
1382 793 1614 843 pernitiem
1635 793 1707 831 hic

87 865 211 903 vnice
241 866 473 912 desudare,
509 871 551 903 ct
581 870 757 903 nostrae
788 863 1037 904 academiae
1067 864 1110 913 (a
1138 879 1222 915 qua
1251 878 1338 904 non
1368 865 1479 904 adeo
1510 869 1706 903 remotus

86 950 346 976 numerosae
380 937 596 975 iuuentuti
626 936 820 986 praeest)
855 936 1023 975 cladem
1055 942 1099 974 et
1133 936 1299 975 ruinam
1330 936 1480 975 minari
1514 935 1703 975 videtur.

88 1009 209 1056 Quae
234 1021 304 1046 res
326 1007 408 1045 etsi
430 1013 603 1045 nostros
624 1007 818 1046 nonnihil
840 1007 1115 1058 proculserit,
1135 1012 1280 1046 tamen
1300 1007 1453 1046 literae
1477 1009 1524 1046 P.
1544 1008 1705 1057 Canisij

86 1092 191 1130 quas
221 1079 274 1117 ad
296 1087 312 1104 0
334 1085 551 1117 rectorem
574 1079 594 1104 d
616 1079 913 1117 vniuersitatis
942 1079 1272 1130 perscripserat,
1306 1079 1447 1118 calcar
1477 1092 1527 1117 ac
1561 1079 1708 1118 stimu-

88 1152 150 1189 los
182 1151 455 1190 addiderunt.
480 1151 623 1200 Atque
655 1150 715 1189 ita
745 1150 919 1188 tandem
950 1150 1112 1188 factum
1143 1155 1225 1197 est,
1250 1155 1296 1189 vt
1317 1155 1510 1189 nostram
1532 1162 1708 1201 operam

87 1222 349 1273 efflagitarit.
376 1223 506 1272 Quod
533 1223 567 1260 si
591 1234 767 1272 operam
797 1227 992 1260 nostram
1023 1234 1074 1260 ac
1103 1222 1298 1260 laborem
1321 1220 1707 1270 detrectassemus,

87 1307 157 1331 res
178 1295 339 1332 nullum
374 1294 574 1332 habitura
608 1298 701 1331 erat
734 1305 1032 1344 progressum.
1064 1293 1191 1331 Nunc
1224 1306 1332 1331 vero
1366 1293 1538 1331 libellus
1571 1306 1595 1332 a
1622 1306 1710 1331 non

88 1365 235 1416 paucis
257 1365 431 1416 legitur,
456 1365 702 1416 suspicitur,
726 1377 778 1402 ac
800 1364 1035 1413 Monhemij
1060 1377 1234 1402 errores
1255 1364 1528 1403 execrabiles
1557 1365 1660 1404 facit
1684 1366 1708 1403 ¹.

90 1436 271 1474 Accedit
301 1436 367 1474 his
388 1434 505 1487 quod
526 1437 594 1473 Pr.
629 1436 827 1475 Canisius
857 1435 1037 1474 miserat
1066 1435 1197 1474 etiarn
1223 1434 1278 1473 ad
1307 1448 1388 1473 nos
1408 1435 1711 1474 defensionem

89 1507 303 1558 quandam
324 1520 401 1558 pro
431 1507 658 1546 Societate
689 1519 766 1558 per
797 1508 852 1545 Μ.
886 1507 1155 1558 Stephanum
1179 1506 1428 1557 Agricolam
1449 1507 1491 1556 (a
1523 1507 1712 1546 luthera-

89 1579 227 1617 nismo
249 1590 325 1629 per
345 1578 612 1618 Societatem
633 1578 914 1627 conuersum)
931 1578 1218 1628 compositam
1235 1583 1390 1616 contra
1405 1578 1619 1629 quosdam
1638 1579 1710 1617 ho-

91 1650 227 1688 mines
248 1651 504 1696 maleuolos,
529 1650 614 1699 qui,
638 1650 748 1688 libro
767 1649 930 1696 aedit0,
955 1650 1168 1688 Societati
1188 1655 1366 1689 nostrae
1389 1650 1710 1697 obtrectabant,

89 1720 351 1771 ignominiae
390 1725 539 1758 notam
578 1721 823 1767 inurebant,
860 1733 912 1759 ac
950 1720 1147 1759 iniuriam
1187 1721 1402 1759 Societati
1442 1721 1710 1772 irrogabant3

90 1805 215 1842 quarn
237 1797 284 1830 vt
304 1793 656 1843 propulsaremus
679 1792 796 1830 Rdus
812 1797 963 1830 noster
995 1791 1259 1831 coloniensis
1281 1791 1293 1810 ‘²
1323 1792 1478 1830 librum
1509 1793 1590 1831 sibi
1616 1793 1713 1831 mis-

91 1876 184 1901 sum
205 1863 329 1901 nobis
350 1863 585 1914 legendum
607 1876 657 1901 ac
678 1864 767 1901 suis
796 1862 1028 1914 impendijs
1050 1863 1363 1902 confutandum
1385 1864 1559 1903 obtulit.
1583 1862 1714 1913 Quod

91 1948 167 1985 per
189 1935 316 1973 alium
338 1934 569 1973 videbatur
592 1935 832 1973 consultius
853 1935 1099 1974 faciendum
1118 1948 1233 1975 esse.
1253 1936 1378 1974 Hanc
1394 1936 1526 1987 igitur
1544 1936 1598 1974 M.
1618 1936 1714 1974 Ste-

91 2006 255 2056 phanus
277 2005 568 2057 germanicam
591 2007 777 2057 opellam
799 2007 931 2045 Rfimo
951 2012 1243 2058 nuncupatam
1266 2007 1498 2049 videndam
1528 2020 1606 2059 per
1635 2020 1715 2046 nos

93 2078 263 2116 obtulit.
290 2079 414 2128 Quae
436 2091 573 2128 vsque
596 2078 707 2116 adeo
732 2079 780 2117 C.
805 2080 848 2117 S.
872 2080 1049 2129 placuit,
1073 2084 1120 2117 vt
1150 2080 1264 2130 typis
1285 2078 1511 2118 mandaret
1540 2079 1715 2127 excudi3

92 2148 134 2186 id
168 2148 284 2199 quod
313 2149 502 2188 feliciter
536 2150 794 2199 praestitum
829 2163 927 2189 esse
957 2150 1041 2189 iam
1072 2151 1363 2202 conspicimus
1401 2151 1429 2190 ³.
1468 2151 1552 2191 Hie
1585 2151 1716 2190 etiam

93 2220 206 2258 serio
230 2220 401 2259 videtur
422 2221 506 2260 iam
527 2220 725 2259 meditari
744 2220 986 2269 consilium,
1010 2229 1057 2260 vt
1079 2236 1231 2261 omnes
1253 2223 1519 2262 concubinas
1549 2235 1573 2260 a
1594 2223 1717 2264 cleri-

94 2292 154 2330 cis
184 2292 345 2343 abigat,
384 2291 605 2339 excludat,
637 2297 766 2342 atque
797 2293 839 2331 in
870 2294 1220 2341 concubinarios,
1251 2294 1333 2332 nisi
1364 2293 1538 2334 omnino
1569 2294 1717 2345 resipi—

93 2368 228 2410 scant,
266 2364 423 2402 acriter
457 2363 790 2411 animaduertat,
823 2377 874 2403 ac
908 2365 1121 2404 scandalis
1151 2366 1306 2417 quibus
1326 2366 1512 2417 populus
1534 2366 1716 2405 subinde

93 2435 303 2474 aduersus
323 2436 581 2486 religionem
603 2435 860 2484 concitatur,
884 2437 1014 2476 finem
1043 2438 1251 2489 imponat.
1276 2438 1401 2476 Faxit
1421 2438 1541 2476 Deus
1561 2444 1608 2476 vt
1629 2443 1716 2477 tam

139 2603 159 2622 ‘²
217 2603 398 2641 Videtur
413 2604 561 2642 deesse
589 2616 628 2641 v.
648 2604 781 2651 gloria
798 2608 880 2642 aut
894 2605 1003 2652 quid
1032 2605 1187 2643 simile.
1242 2606 1307 2631 —b
1340 2604 1717 2653 pestilentissimum

96 2673 175 2700 ms.
228 2683 262 2688 —
275 2671 292 2689 0
314 2663 344 2700 4
357 2674 425 2700 vv.
443 2668 589 2710 praec.
609 2666 715 2701 sunt
732 2665 778 2702 in
796 2673 937 2711 marg.
990 2665 1059 2691 —d
1089 2665 1271 2703 Videtur
1285 2664 1456 2702 emend.
1477 2674 1528 2701 ex
1545 2663 1712 2701 rectori.

143 2828 151 2847 ¹
206 2826 439 2864 Confutatio
474 2825 706 2863 catechismi
750 2825 973 2863 Monhemii
1014 2827 1162 2874 scripta
1206 2831 1266 2864 est
1308 2838 1432 2874 opera
1475 2826 1717 2873 praesertim

97 2885 174 2923 PP.
195 2885 365 2923 Henrici
384 2885 570 2932 Dionysii
589 2890 629 2922 et
647 2883 855 2922 Francisci
870 2885 1044 2924 Costeri.
1064 2885 1127 2924 Cf.
1148 2885 1510 2931 BRAUNSBERGER‚
1526 2885 1580 2923 Β.
1597 2884 1723 2923 Petri

101 2944 266 2983 Cam'sii
282 2946 419 2993 epist..
440 2944 491 2986 11.
511 2943 594 2988 626,
613 2943 680 2981 721
700 2964 708 2971 ·
724 2944 807 2982 722.

143 3003 156 3022 ²
201 3003 379 3050 Joannes
397 3002 606 3041 Gebhard.

146 3062 160 3083 ⁸
210 3062 275 3101 Cf.
298 3062 655 3108 BRAUNSBERGER‚
676 3063 702 3100 1.
720 3074 770 3107 c.,
790 3061 872 3100 913.
