1908 3446
495 168 836 205 323.—LAURET0
866 168 876 204 1
903 165 1105 213 JANUARII
1136 166 1224 203 1560
1561 166 1630 202 435

14 259 17 266 .
54 274 191 312 soleat
214 271 424 309 Dominus
445 270 486 308 in
509 269 755 307 huiusmodi
778 268 1057 307 missionibus
1079 268 1295 306 Societati
1326 268 1547 319 impartiri.
1582 269 1675 316 Ego

8 362 17 386 ω
54 356 154 383 sane
185 342 403 380 mirabiles
435 341 623 379 effectus
652 339 824 379 diuinae
852 340 1019 392 gratiae
1042 340 1083 377 in
1105 340 1266 377 nostris
1290 344 1332 376 et
1354 340 1395 376 in
1418 339 1470 388 ijs
1492 339 1546 376 ad
1568 352 1676 389 quos

9 413 14 440 2
55 414 258 453 destinati
279 414 469 459 fuerunt,
494 411 781 462 deprehendi.
806 412 895 450 Sub
917 411 1076 449 festum
1108 410 1416 461 assumptionis
1447 423 1497 448 ac
1526 410 1678 447 natiui-

53 487 152 525 tatis
182 484 461 540 beatissimae
494 484 575 521 Dei
597 484 822 534 genitricis
844 482 979 521 adfuit
1001 483 1127 520 nobis
1149 483 1303 533 ingens
1325 482 1478 519 messis
1500 486 1678 531 propter

53 557 381 609 peregrinorum
403 560 445 593 et
468 555 649 593 aliorum
667 556 752 593 huc
770 554 1083 593 confluentium
1102 553 1438 591 multitudinem.
1464 553 1516 590 Et
1534 564 1678 602 quam-

54 629 117 667 uis
153 633 436 666 externorum
473 626 779 676 religiosorum
817 638 951 675 opera
986 626 1050 674 (vt
1086 629 1234 662 tantae
1270 629 1445 673 tamque
1486 623 1678 661 deuotae

53 698 314 740 multitudidi
344 698 597 747 satisfieret)
621 698 682 735 vti
703 710 889 735 necesse
912 697 1058 743 luerit,
1083 696 1221 733 nostri
1244 701 1388 733 tamen
1411 707 1511 733 suas
1532 700 1680 745 partes

55 771 168 810 omni
207 768 433 820 diligentia
467 781 518 806 ac
557 768 687 806 solita
725 768 969 806 foelicitate
1006 772 1291 818 peregerunt.
1331 767 1383 803 Et
1422 770 1679 817 perseuerat

54 853 189 892 vsque
211 841 253 879 in
276 840 536 878 hodiernum
554 839 669 877 diem
692 839 847 889 ingens
871 838 1175 877 confitentium
1199 850 1455 884 concursus,
1477 841 1680 887 expecta-

53 919 206 964 turque
236 913 278 950 in
310 911 403 949 dies
439 911 575 949 maior
606 916 784 960 propter
815 909 1028 948 nundinas
1060 910 1363 948 recinetenses
1388 910 1411 955 ¹,
1438 913 1481 946 et
1502 913 1681 958 propter

55 996 227 1035 magnas
257 982 551 1034 indulgentias
573 982 695 1019 hisce
718 981 940 1019 mensibus
963 981 1063 1019 huic
1091 981 1230 1019 almae
1253 981 1400 1018 domui
1423 979 1627 1018 'indultas
1647 979 1679 1017 ²¹¹.

54 1056 174 1094 Faxit
196 1056 314 1093 Deus
337 1060 384 1092 vt
406 1053 630 1105 digniores
654 1053 841 1102 operarij
867 1053 1024 1090 vineae
1054 1053 1136 1090 Dei
1168 1052 1362 1090 Sabaoth
1394 1050 1591 1101 quotidie
1624 1050 1682 1088 ef-

53 1128 258 1174 ficiamur,
278 1139 363 1177 quo
388 1127 482 1164 Deo
507 1130 551 1162 et
572 1125 871 1176 proximorum
889 1126 944 1163 de
966 1125 1093 1163 nobis
1116 1130 1360 1175 conceptae
1384 1123 1683 1175 expectationi

53 1199 266 1251 possimus
288 1196 574 1248 respondere.
599 1197 698 1235 Hoc
718 1202 865 1235 autem
889 1210 1075 1248 magnae
1097 1197 1352 1235 foelicitatis
1387 1197 1487 1234 loco
1521 1195 1683 1234 ducen-

55 1270 152 1309 dum
168 1275 290 1321 puto,
310 1268 428 1320 quod
450 1268 591 1306 nullus
611 1280 667 1305 ex
685 1268 1005 1315 sacerdotibus,
1028 1269 1159 1307 etiam
1184 1269 1218 1306 si
1240 1268 1361 1315 velit,
1385 1268 1522 1318 possit
1545 1267 1683 1305 talen-

55 1349 141 1382 tum
163 1342 243 1380 sibi
264 1354 288 1379 a
309 1341 497 1379 Domino
521 1339 736 1378 creditum
757 1340 799 1378 in
820 1344 983 1378 terram
1006 1340 1237 1378 deffodere
1259 1340 1278 1364 b
1300 1339 1312 1357 ²
1333 1340 1374 1377 in
1397 1340 1483 1377 hoc
1505 1339 1683 1377 sanctis-

56 1415 161 1454 simo
192 1415 309 1461 loco,
344 1413 417 1451 vbi
449 1425 495 1451 se
528 1412 708 1463 singulis
738 1412 832 1450 fere
865 1413 1099 1451 momentis
1120 1417 1188 1450 tot
1212 1411 1402 1450 offerunt
1426 1412 1685 1450 occasiones

56 1487 148 1525 Deo
181 1491 224 1523 et
254 1485 465 1536 proximis
495 1483 783 1531 inseruiendi3
815 1496 927 1534 quae
962 1496 1015 1522 eo
1048 1484 1237 1522 maiores
1265 1482 1463 1534 quotidie
1493 1482 1686 1520 existunt

57 1556 330 1606 existentque
352 1555 393 1593 in
414 1561 656 1606 posterum,
681 1568 767 1606 quo
793 1555 982 1606 optimus
1001 1554 1111 1593 odor
1133 1560 1311 1592 nostrae
1335 1554 1573 1592 Societatis
1595 1554 1685 1591 lon-

56 1628 148 1681 gius
168 1627 384 1678 latiusque
406 1631 689 1679 propagatur.

107 1711 143 1739 2.
202 1701 376 1738 Fratres
397 1712 572 1751 quoque
602 1712 693 1738 non
715 1698 999 1737 mediocriter
1021 1699 1063 1736 in
1094 1699 1232 1736 literis
1255 1703 1299 1736 et
1320 1698 1362 1735 in
1393 1698 1559 1748 pietate
1590 1711 1686 1747 pro-

55 1772 267 1819 fecerunt,
302 1776 345 1809 et
376 1784 490 1809 nunc
521 1770 666 1809 denuo
699 1770 908 1808 innouata
936 1770 979 1808 in
1010 1770 1165 1807 melius
1189 1769 1332 1807 omnia
1364 1769 1603 1818 conspicio.
1643 1769 1687 1807 Si

59 1843 167 1883 enim
188 1844 448 1895 religionem
481 1848 672 1893 spectes,
706 1841 910 1880 videntur
941 1842 1080 1879 nostri
1112 1840 1367 1892 collegiales
1397 1845 1495 1891 post
1527 1840 1687 1878 aduen-

44 1921 143 1963 tum
165 1915 254 1953 R.di
276 1913 472 1953 doctoris
493 1914 743 1952 Emanuelis
764 1913 776 1933 ³
806 1926 968 1952 nouum
992 1913 1188 1963 spiritum
1212 1912 1487 1963 concepisse.
1511 1912 1551 1949 Is
1574 1912 1687 1950 enim

59 1988 143 2027 suis
172 1986 553 2025 adhortationibus
577 1992 622 2024 et
652 1986 763 2024 viuis
787 1986 994 2023 virtutum
1027 1984 1255 2034 exemplis,
1288 1995 1461 2021 necnon
1490 1983 1689 2021 lectioni-

58 2060 135 2098 bus
155 2072 284 2110 super
317 2058 657 2097 constitutiones
678 2057 915 2096 Societatis
937 2057 1111 2103 habitis,
1141 2056 1183 2094 in
1220 2055 1411 2094 omnium
1433 2056 1585 2094 animis
1617 2068 1689 2093 ex-

60 2131 206 2169 citauit
226 2130 427 2168 feruores
452 2138 483 2168 0.
508 2129 712 2168 Omnium
734 2141 910 2180 quoque
930 2127 1235 2167 confessiones
1252 2128 1484 2178 generales
1506 2127 1687 2174 audiuit,

60 2214 108 2241 ae
126 2201 423 2253 postmodum,
447 2207 495 2239 vt
516 2206 622 2239 vota
645 2213 797 2239 omnes
819 2201 1081 2238 innouarent
1102 2199 1231 2237 facile
1249 2198 1482 2249 persuasit
1498 2199 1533 2237 (ἰ.
1559 2198 1690 2249 Quod

61 2286 212 2325 magna
233 2274 422 2311 omnium
446 2273 765 2319 consolatione,
785 2276 992 2323 presente
1015 2271 1222 2309 vniuerso
1247 2271 1454 2322 collegio,
1481 2270 1689 2308 effectum

62 2350 125 2383 est
153 2345 289 2396 pridie
312 2358 440 2396 quam
471 2357 495 2404 a
529 2345 657 2383 nobis
687 2344 955 2383 discederet.
982 2343 1027 2381 Si
1058 2356 1166 2381 vero
1197 2343 1422 2380 literarum
1443 2342 1690 2392 profectum

62 2416 312 2455 consideres
334 2417 399 2466 (vt
420 2405 532 2467 quae
554 2416 796 2466 praeterita
826 2420 925 2452 sunt
949 2414 1179 2463 omittam),
1199 2427 1315 2452 nunc
1336 2414 1480 2452 denuo
1513 2414 1693 2451 innoua-

105 2577 124 2597 a
171 2589 398 2616 concessas.
456 2578 521 2602 —b
545 2575 682 2613 Prius
697 2575 889 2613 effodere.
940 2582 1006 2601 —0
1032 2587 1110 2612 non
1129 2575 1365 2612 mediocres.
1420 2574 1487 2599 —d
1508 2573 1689 2610 adduxit.

109 2741 119 2761 ¹
169 2739 259 2777 Hae
290 2740 493 2776 nundinae
524 2739 838 2775 celebrabantur
870 2749 1008 2774 mense
1038 2736 1250 2783 januario.
1291 2736 1463 2773 MORONI
1496 2736 1692 2781 ROMANO,

64 2798 379 2842 Dizz’onario...,
400 2798 463 2840 24,
484 2798 554 2835 245
567 2799 602 2844 ¹³3
625 2798 687 2843 56,
708 2797 779 2834 273
793 2799 826 2835 b.

110 2860 122 2879 ²
172 2858 234 2896 Cf.
258 2858 443 2903 MATTH„
465 2857 607 2900 XXV,
628 2857 674 2894 24
692 2871 780 2905 sqq.

108 2919 121 2939 ⁸
170 2917 215 2956 P.
235 2917 479 2955 Emmanuel
494 2919 543 2954 de
563 2917 644 2955 Saa
663 2917 800 2965 aliqua
819 2916 995 2963 collegia
1015 2915 1157 2953 Italiae
1179 2928 1250 2962 per
1268 2920 1468 2951 aestatvm
1487 2914 1582 2950 anni
1604 2913 1692 2950 1559

67 2977 250 3015 visitavit.
272 2977 378 3015 Vide
399 2977 583 3014 Polanci
602 2977 781 3023 Compl„
802 2976 832 3019 Ι,
853 2975 936 3019 206;
959 2975 1112 3013 Laz‘m'i
1130 2976 1341 3017 Monum„
1362 2973 1438 3018 IV,
1458 2974 1540 3009 540.
