1908 3446
528 196 914 234 407.-—V1N00130NA
940 198 980 234 31
1013 199 1202 235 AUGUSTI
1233 198 1323 234 1560
1619 200 1679 236 761

110 313 193 350 que
218 300 346 346 enim,
372 300 521 350 inquit,
546 313 709 351 negare
732 301 774 338 id
796 301 913 352 quod
934 302 1002 351 pie
1025 302 1078 339 ab
1100 301 1433 351 archiepiscopo
1456 302 1618 351 petitur
1640 303 1731 339 iure

110 372 354 409 honesteue
372 370 551 421 poteris.
574 373 681 410 Cum
704 371 848 421 itaque
871 371 973 409 nihil
998 371 1249 410 excusando
1273 384 1319 409 se
1342 372 1605 421 profecisset
1628 374 1731 410 Rec-

109 447 191 488 tor,
230 442 411 480 consilio
448 441 624 479 tandem
656 448 907 480 nostrorum
930 444 1121 489 Patrum,
1145 442 1301 493 quibus
1323 442 1604 480 difficultates
1636 456 1733 480 suas

108 514 148 550 in
170 513 255 550 hoc
277 517 371 550 toto
399 513 589 563 negocio
612 518 915 563 proposuerat,
937 526 1033 551 cum
1054 513 1149 565 ipso
1172 513 1355 564 primate
1379 513 1642 563 strigonensi
1668 520 1732 551 est

106 584 147 621 in
170 584 393 634 Hungaria
412 584 653 634 profectus.
679 585 760 623 Vbi
782 585 884 623 nihil
907 599 1099 635 prorsus,
1125 586 1194 623 uel
1222 585 1262 623 in
1294 585 1412 622 libris
1436 585 1733 622 examinandis

108 661 152 692 et
183 654 507 702 comburendis,
541 657 611 693 uel
635 657 676 693 in
698 656 830 694 modo
852 657 1138 706 procedendi,
1162 656 1278 707 quod
1301 656 1482 694 alicuius
1505 662 1623 694 esset
1645 670 1732 695 mo-

106 727 255 773 menti,
281 727 431 765 statuit
452 728 626 777 praesul
650 728 720 765 ille
744 740 846 765 sane
872 729 1075 778 optimus,
1100 730 1264 779 absque
1294 728 1386 766 eius
1418 728 1615 766 consilio.
1650 730 1733 765 Ha-

105 798 211 844 buit,
236 798 352 848 quod
373 798 433 835 ita
454 796 667 848 primarijs
690 799 901 839 omnibus.
925 800 994 849 qui
1019 812 1072 837 eo
1096 803 1410 845 conuenerant,
1437 799 1575 836 uisum
1599 804 1731 845 esset,

104 867 378 918 quotidianas
408 868 462 906 ad
490 873 629 907 totam
665 870 759 907 fere
790 869 1005 919 synodum
1029 871 1360 908 exhortationes
1384 870 1522 916 unius,
1548 875 1593 907 ut
1615 871 1734 907 mini-

104 952 234 986 mum,
267 940 401 978 horae
433 939 488 978 de
519 941 720 979 instituto
744 942 1039 988 sacerdotum,
1065 941 1278 992 dignitate
1302 941 1552 991 officioque.
1577 941 1733 991 Neque

105 1024 208 1049 sane
231 1011 286 1049 de
308 1011 389 1050 illis
411 1017 578 1050 tantum
600 1012 762 1050 ibidem
787 1013 892 1063 egit,
917 1026 1028 1063 quae
1046 1019 1145 1051 sunt
1167 1014 1209 1051 in
1228 1026 1280 1051 eo
1301 1013 1446 1051 officio
1465 1014 1730 1060 necessaria,

105 1082 182 1120 sed
204 1082 267 1120 de
281 1082 376 1132 alijs
398 1095 589 1133 quoque,
614 1096 726 1134 quae
748 1083 801 1121 ad
823 1083 1070 1122 decentiam
1095 1085 1187 1122 eius
1208 1085 1383 1136 proprie
1405 1089 1621 1135 spectant,
1646 1091 1733 1123 tarn

103 1154 237 1192 multa
266 1159 442 1204 tamque
477 1154 782 1201 accomodate,
815 1156 885 1206 pie
921 1160 1052 1205 atque
1082 1156 1308 1194 feruenter
1341 1157 1531 1194 omnium
1566 1156 1734 1195 audito-

102 1237 195 1263 rum
216 1226 486 1273 testimonio,
507 1225 696 1276 quandiu
719 1226 913 1276 synodus
935 1227 1202 1278 perdurauit,
1228 1228 1372 1266 attulit
1394 1229 1435 1266 in
1457 1226 1664 1273 mediurm
1688 1235 1733 1267 ut

104 1308 254 1334 omnes
275 1296 370 1334 fere
392 1309 477 1334 uno
502 1309 577 1335 ore
600 1298 728 1348 plane
746 1298 1073 1345 affirmauerint,
1095 1312 1252 1349 magno
1272 1299 1462 1337 omnium
1481 1300 1730 1347 commodo,

102 1368 290 1406 maxime
311 1368 613 1418 imperitorum
636 1369 932 1416 sacerdotum,
956 1370 1041 1408 hoc
1061 1370 1195 1408 fuisse
1218 1371 1259 1408 in
1292 1384 1343 1409 ea
1373 1372 1544 1421 synodo
1574 1373 1733 1411 consti-

101 1445 256 1478 tutum.
281 1439 481 1478 Obtinuit
502 1440 542 1478 in
567 1441 751 1491 gratiam
775 1440 1055 1479 sacerdotum
1077 1454 1333 1492 pauperum,
1359 1449 1405 1481 ut
1436 1444 1732 1495 archipraesul

101 1512 287 1562 aliquam
310 1524 521 1550 summam
542 1513 757 1563 pecuniae
780 1513 1010 1550 honestam
1034 1513 1334 1561 distribueret,
1359 1528 1443 1565 qua
1464 1516 1536 1565 qui
1566 1529 1653 1554 non
1674 1516 1734 1553 ita

101 1583 334 1621 commode
356 1583 398 1621 in
419 1584 519 1622 1000
543 1583 648 1621 satis
670 1596 694 1621 a
715 1584 803 1621 suis
824 1584 1045 1634 parochijs
1067 1590 1240 1623 remoto
1264 1590 1511 1625 sustentare
1540 1600 1588 1625 se
1608 1593 1732 1638 pote-

101 1661 211 1702 rant,
235 1654 375 1693 minus
396 1660 580 1706 grauate
603 1655 733 1693 finem
766 1655 922 1705 synodi
945 1661 1250 1706 expectarent.
1276 1657 1399 1695 Multi
1430 1658 1601 1703 barbas,
1627 1672 1733 1710 quas

100 1726 344 1776 scythicum
375 1726 417 1763 in
448 1739 616 1764 morem
647 1727 881 1777 gestabant
912 1732 1066 1765 contra
1097 1740 1289 1766 canones
1322 1733 1347 1776 ¹,
1380 1742 1466 1768 non
1497 1730 1733 1769 admodum

102 1797 336 1836 difficulter
366 1797 638 1836 abraserunt.
663 1797 863 1836 Coronas
884 1798 926 1836 in
957 1799 1110 1849 capitis
1132 1800 1397 1847 summitate,
1422 1807 1468 1838 ut
1491 1803 1624 1840 moris
1645 1815 1695 1840 ac
1715 1804 1734 1821 ²*

99 1869 411 1920 pobatissimae
448 1869 775 1907 constitutionis
811 1870 1142 1909 ecclesiasticae
1180 1876 1261 1918 est,
1299 1873 1423 1910 multi
1457 1872 1602 1912 statim
1633 1887 1732 1925 ape-

100 1945 295 1978 ruerunt.
321 1941 485 1978 Habitu
507 1940 771 1979 sacerdotali
795 1942 989 1979 ornatius
1011 1955 1138 1992 quarn
1160 1948 1292 1981 antea
1311 1956 1362 1982 ac
1388 1943 1588 1983 mundius
1615 1945 1732 1984 ince-

102 2012 224 2059 dere,
262 2017 307 2050 et
338 2012 468 2050 horas
497 2013 756 2062 persoluere
788 2013 1022 2051 canonicas
1055 2027 1077 2051 e
1110 2014 1299 2066 uestigio
1332 2023 1591 2067 coeperunt,
1615 2018 1732 2068 quod

77 2088 252 2134 ..aperte
269 2083 595 2121 intellexissent
617 2084 752 2122 multa
773 2084 828 2122 de
849 2084 902 2133 ijs
935 2086 1135 2123 omnibus
1157 2087 1365 2136 mysteria
1388 2093 1431 2125 et
1451 2088 1732 2139 significatio-

99 2167 178 2193 nes
208 2154 262 2193 ad
294 2155 642 2193 ecclesiasticam
674 2155 934 2206 dignitatem
966 2162 1234 2208 spectantes
1268 2158 1424 2209 Neque
1447 2158 1630 2198 deerant
1661 2161 1733 2210 qui

100 2225 240 2264 modis
271 2225 472 2264 omnibus
503 2225 827 2265 contenderent
859 2229 1071 2267 exteriori
1102 2229 1227 2279 signo
1259 2235 1468 2280 quantum
1500 2230 1628 2269 dictis
1659 2245 1731 2270 ex-

99 2298 422 2335 hortationibus
457 2298 581 2336 breui
615 2298 925 2348 profecissent,
960 2300 1215 2339 ostendere.
1249 2301 1314 2339 De
1352 2302 1607 2340 concubinis
1642 2304 1732 2354 qui-

100 2368 215 2416 dem,
241 2367 276 2406 si
295 2381 384 2406 non
404 2369 522 2407 idern
544 2383 723 2419 prorsus
745 2370 954 2409 effectum
975 2372 1090 2423 apud
1114 2385 1267 2411 omnes
1289 2377 1371 2420 est,
1396 2374 1513 2424 quod
1544 2375 1731 2412 maxime

98 2440 255 2478 fuisset
276 2440 529 2490 optandum,
554 2440 740 2479 iniectus
771 2447 917 2481 tamen
949 2448 1017 2481 est
1047 2444 1193 2482 multis
1228 2445 1472 2494 scrupulus,
1497 2450 1544 2482 ut
1565 2458 1652 2498 non
1673 2445 1732 2483 fa-

101 2511 183 2549 cile
205 2512 340 2549 uitam
362 2523 495 2562 agere
520 2525 616 2550 curn
650 2513 712 2550 eis
735 2512 944 2564 deinceps
967 2515 1119 2561 uelint3
1151 2516 1346 2554 nonnulli
1375 2515 1505 2553 etiam
1535 2518 1730 2566 persuasi

100 2587 147 2620 ut
178 2594 252 2621 eas
283 2582 518 2629 dimittant,
551 2583 621 2632 alij
656 2584 899 2622 confirmati
929 2585 1067 2636 magis
1097 2598 1149 2624 ac
1179 2587 1317 2637 magis
1345 2587 1386 2624 in
1420 2587 1731 2627 ecclesiasticis

102 2652 501 2700 obseruationibus,
540 2660 583 2692 et
618 2655 761 2692 animo
797 2655 1095 2694 alienatissimi
1129 2657 1276 2707 plures
1308 2664 1407 2695 sunt
1438 2658 1602 2705 effecti,
1634 2659 1730 2696 Deo

98 2725 206 2772 laus,
239 2724 292 2763 ab
322 2724 628 2764 huiuscemodi
660 2726 894 2777 spurcitijs,
927 2740 982 2766 ne
1013 2728 1176 2766 animas
1198 2729 1294 2767 Deo
1318 2734 1407 2779 opt.
1433 2742 1546 2767 rnax.
1578 2742 1730 2768 conse-

145 2862 164 2882 a
213 2875 260 2900 ac
278 2867 416 2910 supra
436 2874 545 2900 vers.

150 3003 157 3022 ¹
212 3000 277 3039 Cf.
299 3000 506 3047 DECRET.,
527 3003 554 3039 l.
576 3001 644 3047 ΙΙΙ,
666 3003 726 3040 tit.
747 3002 778 3047 I,
798 3002 908 3048 c.·V,
930 3003 1022 3051 VII.
