1908 3446
0 9 8 256 ξ

452 215 533 252 294.
558 214 868 252 *INcoLs‘erm
899 214 911 249 l
942 212 1205 249 SEPTEMfflx‘ls
1235 212 1324 248 1559
1586 210 1656 246 3153

74 319 214 356 tinuas
237 319 381 363 horas,
411 321 453 354 et
472 329 525 354 eo
549 315 725 361 diutius,
752 327 918 352 summa
941 327 1035 351 cum
1060 312 1306 351 attentione
1328 312 1701 362 iucunditateque,

75 390 174 427 licet
197 394 322 426 aestu
344 387 673 432 infestarentur,
698 391 873 424 nostros
896 389 1071 442 actores
1093 383 1339 422 audierunt.
1361 384 1458 431 Qua
1480 396 1525 421 re
1557 396 1704 433 perac-

73 466 131 508 ta,
171 457 355 497 eandem
392 456 665 509 tragoediam
711 469 735 494 a
778 455 904 494 nobis
950 455 1173 506 petierunt
1204 455 1342 504 multj.
1380 454 1462 503 Alij
1511 466 1615 491 uero
1652 455 1704 491 al>

74 531 294 570 actoribus
316 534 463 580 partes
486 527 780 578 collegerunt,
805 532 850 564 ut
872 526 973 565 inde
998 525 1114 564 uitae
1136 525 1298 564 rectius
1320 524 1617 563 instituendae
1641 537 1705 562 re-

75 601 263 641 medium
298 599 473 651 aliquod
508 599 671 637 habere
701 602 897 649 possent.
937 597 1061 635 Faxit
1092 597 1227 635 Deus·
1244 601 1289 634 ut
1319 595 1419 634 inde
1442 600 1706 646 conceptum

75 671 240 711 timoris
261 669 461 721 spiritum
485 680 753 708 conseruare
775 668 956 719 possint.

126 753 163 790 3.
223 740 520 780 Conuictores
560 740 698 778 nostri
733 751 830 777 cum
869 738 1086 777 nonnullis
1126 737 1437 776 viennensibus
1478 736 1704 782 studiosis,

75 815 143 865 qui
174 826 221 852 se
249 813 332 851 illis
354 812 407 850 ad
440 811 721 850 habitandum
754 810 1091 856 coniunxerunt,
1125 822 1325 860 magnam
1347 807 1402 847 de
1432 821 1478 846 se
1510 821 1631 859 spem
1664 814 1707 846 et

74 886 115 924 in
151 884 385 923 uirtutibus
422 890 465 922 et
495 883 632 921 literis
671 882 798 921 nobis
828 880 1061 932 relinqunt.
1099 881 1209 919 Sunt
1241 881 1354 919 enim
1384 880 1440 932 pij
1464 880 1534 931 quj
1569 892 1705 926 sacra,

77 958 313 1003 orationes,
361 955 666 994 confessiones
707 954 838 993 etiam
873 967 958 992 sua
992 954 1145 1004 sponse
1184 952 1371 991 libenter
1410 952 1705 1003 frequentant.

76 1030 156 1069 Vbi
177 1034 325 1067 autem
346 1028 492 1078 plures
523 1027 701 1073 fuerint,
725 1025 902 1064 dubium
933 1038 1020 1064 non
1052 1030 1120 1063 est
1140 1025 1242 1076 quin
1273 1024 1433 1062 multos
1464 1022 1709 1074 spirituales

76 1102 242 1140 fructus
264 1099 317 1138 ab
338 1099 404 1138 his
426 1099 652 1149 accepturi
675 1098 822 1137 simus.

127 1184 165 1222 4.
226 1171 510 1210 Lectionibus
545 1169 812 1220 theologicis
842 1170 989 1219 plures
1020 1168 1150 1206 solito
1173 1167 1389 1206 interesse
1412 1166 1631 1214 uidentur,
1665 1167 1708 1204 fi-

77 1243 232 1282 deliter
255 1242 431 1294 quidem
452 1245 814 1292 perseuerantes.
843 1241 963 1278 Vnus
994 1239 1293 1290 professorum
1328 1244 1577 1278 nostrorum
1601 1238 1708 1276 utili-

77 1321 142 1354 ter
163 1314 397 1353 admodum
428 1312 753 1353 controuersias
774 1312 1006 1364 praelegit3
1030 1311 1139 1349 alter
1170 1324 1277 1350 uero
1308 1324 1395 1349 non
1426 1310 1581 1349 minori
1612 1323 1709 1348 cum

80 1386 279 1433 utilitate,
311 1389 356 1423 ut
387 1397 629 1436 speramuS‚
653 1384 836 1435 primum
865 1383 1193 1421 Sententiarum
1223 1382 1348 1420 breui
1369 1382 1483 1431 (Deo
1514 1381 1711 1430 iuuante)

78 1456 384 1507 auspicabitur.
430 1455 682 1493 praeteritis
719 1453 875 1492 diebus
910 1453 1074 1505 aliquot
1115 1457 1214 1491 sunt
1253 1453 1429 1491 habitae
1471 1452 1708 1498 orationes,

79 1526 232 1579 partim
255 1527 308 1565 ab
331 1526 510 1569 exteris.
537 1525 691 1577 partim
723 1538 748 1564 a
781 1525 959 1572 nostris3
993 1537 1145 1563 omnes
1176 1530 1323 1563 tamen
1353 1537 1377 1562 a
1411 1524 1572 1562 nostris
1596 1537 1710 1562 com-

79 1597 262 1650 positae.
288 1593 453 1636 Patres
478 1598 632 1644 nostri,
657 1596 728 1647 qui
751 1609 918 1635 sacram
940 1597 1211 1647 theologiam
1232 1596 1494 1647 profitentur
1519 1594 1543 1643 ¹,
1568 1595 1711 1633 multis

79 1669 297 1709 laboribus
320 1669 599 1716 distinentur,
637 1674 684 1706 ut
703 1669 722 1687 a
742 1681 866 1707 suum
889 1681 1044 1706 munus
1060 1668 1200 1718 probe
1223 1668 1399 1706 obeant.
1425 1667 1515 1705 Soli
1546 1665 1711 1718 profes-

81 1754 237 1781 sorum
258 1742 277 1767 b
298 1744 508 1792 praesunt
537 1739 776 1779 sabbatinis
798 1739 1181 1790 disputationibus:
1208 1744 1252 1777 et
1272 1740 1359 1778 hoc
1387 1751 1554 1790 genere
1588 1750 1711 1776 exer-

79 1812 296 1852 citationis
317 1825 421 1851 suos
444 1811 671 1850 auditores
692 1811 747 1850 ad
767 1810 929 1862 gradus
951 1809 1255 1862 suscipiendos
1276 1814 1551 1862 praeparant.
1576 1810 1712 1848 Inter-

80 1889 176 1924 sunt
207 1884 340 1922 etiam
363 1883 630 1935 quotidianis
661 1883 1045 1934 disputationibus,
1078 1895 1190 1934 quae
1221 1881 1422 1933 priuatim
1454 1893 1478 1919 a
1509 1880 1712 1919 fratribus

79 1955 238 1995 nostris
274 1955 531 2006 theologiae
567 1954 777 1993 studiosis
805 1954 1169 2006 frequentantur
1190 1962 1221 1992 0.
1256 1955 1478 2005 Quantum
1514 1953 1712 1991 utilitatis

82 2027 181 2066 hinc
200 2026 445 2077 percipiant
466 2026 724 2077 theologiae
746 2025 953 2075 canditatj
978 2026 1071 2064 aliis
1094 2024 1419 2074 conijciendum
1440 2024 1656 2074 relinquo.

138 2107 173 2148 5.
233 2099 281 2136 In
317 2097 506 2149 collegio
538 2110 656 2136 nouo
681 2098 715 2145 d,
740 2103 915 2149 praeter
937 2096 1234 2148 quotidianam
1266 2096 1578 2147 repetitionem
1601 2109 1713 2146 quae

80 2169 135 2220 fit
155 2183 183 2208 α
201 2168 389 2220 quodam
412 2176 430 2194 θ
453 2182 507 2207 ex
543 2167 718 2215 nostris,
751 2168 867 2207 satis
896 2167 1115 2207 foeliciter
1146 2167 1392 2220 procedunt
1422 2167 1581 2206 latinae
1613 2181 1713 2207 con·

88 2240 238 2280 ciones
256 2240 411 2279 diebus
429 2240 659 2279 dominicis
681 2252 732 2278 ac
747 2239 886 2286 festis,
906 2252 1018 2290 quae
1036 2239 1252 2278 habentur
1275 2244 1366 2277 tum
1388 2251 1412 2277 a
1429 2239 1525 2277 Η.ᾶο
1556 2241 1599 2277 Ρ.
1623 2251 1713 2278 rec-

90 2318 184 2351 tore
214 2312 227 2338 f
245 2315 273 2360 ²,
298 2318 389 2350 tum
410 2324 435 2350 a
457 2313 502 2361 Ρ.
529 2311 810 2358 Couuiloni03
828 2324 925 2358 nam
949 2311 1128 2349 alternis
1150 2310 1318 2350 uicibus
1340 2310 1382 2349 id
1404 2312 1595 2349 muneris
1616 2312 1713 2349 sub-

88 2384 150 2422 ire
168 2383 506 2423 constituerunt.
532 2384 670 2422 Porro
693 2383 735 2421 in
758 2381 949 2434 collegio
984 2386 1136 2421 nostro
1160 2395 1318 2433 magna
1338 2395 1447 2421 seme
1484 2387 1551 2420 est
1587 2382 1713 2420 sedu-

87 2454 182 2493 litas
205 2459 248 2493 et
270 2454 498 2506 diligentia
520 2454 712 2493 omnium
734 2454 931 2501 fratrum,
955 2459 1046 2492 tum
1068 2455 1111 2492 in
1146 2454 1280 2492 rebus
1313 2454 1508 2492 externis
1539 2466 1590 2492 ac
1622 2454 1713 2492 offi-

87 2525 161 2563 ciis
181 2524 452 2573 domesticis,
491 2530 582 2564 tum
612 2525 654 2564 in
692 2524 922 2564 edocenda
956 2526 1203 2573 iuuentute,
1241 2526 1313 2575 ubj
1350 2538 1438 2564 non
1469 2524 1671 2564 uidentur
1693 2533 1715 2557 g

130 2685 150 2705 a
198 2685 338 2732 probe.
396 2687 462 2712 -b
483 2697 533 2723 ex
548 2685 859 2733 professoribus.
917 2694 981 2712 -0
1004 2686 1116 2724 fiunt.
1170 2687 1237 2712 —d
1257 2686 1298 2723 in
1312 2698 1390 2734 quo
1405 2686 1629 2733 sumptibus
1643 2686 1715 2723 du-

87 2744 141 2782 cis
157 2745 254 2783 satis
273 2745 390 2783 multi
410 2745 509 2792 [del.
538 2745 685 2783 litteris
713 2757 879 2793 operam
905 2745 1018 2792 dant]
1048 2745 1278 2783 scholastici
1307 2747 1515 2783 seculares
1533 2746 1631 2783 dant
1656 2746 1714 2783 lit-

87 2804 182 2842 teris
198 2816 378 2852 operam.
431 2813 497 2832 ...e
517 2805 581 2843 cui
600 2810 763 2852 praeest
777 2806 954 2852 quidam.
1008 2807 1066 2831 -f
1092 2818 1178 2843 nro.
1230 2814 1301 2839 -g
1321 2806 1405 2843 vlla
1424 2806 1593 2844 ratione.

135 2959 145 2980 ¹
194 2959 274 2997 ΡΡ.
290 2959 469 3006 Joannes
488 2958 774 2997 Couvillonius
794 2966 834 2997 et
853 2960 1115 2998 Hermannus
1133 2961 1359 3008 Thyraeus

134 3017 148 3039 ²
196 3018 240 3056 Ρ.
262 3018 455 3059 Nicolaus
477 3021 682 3069 Lanoyus.
