1908 3446
177 328 248 365 608
642 323 861 366 erTERAE
888 327 1243 372 QUADRIMESTRES

133 433 377 484 Exiguntur
401 432 544 470 omnia
566 445 589 469 a
618 432 760 479 nobis,
785 436 991 482 quantum
1029 431 1214 468 humana
1247 430 1407 479 patitur
1438 426 1676 473 infirmitas,
1700 423 1754 463 ad

132 516 326 543 normam
349 510 479 554 atque
515 504 695 542 amusim
731 505 877 554 legum
910 501 1356 550 constitutionumque
1388 505 1648 545 nostrarum,
1672 510 1756 547 qua

133 576 175 614 in
196 589 258 623 re,
284 576 319 614 si
340 589 427 614 non
449 580 616 613 tantum
638 581 767 625 atque
799 587 873 624 par
906 578 1040 620 esset,
1073 585 1160 611 non
1181 584 1331 623 parum
1363 576 1484 608 certe
1515 569 1752 620 perficitur,

134 648 229 685 Deo
252 648 358 685 laus.
381 648 466 684 Res
488 645 761 685 domesticae
785 646 877 683 sine
899 645 1055 695 quibus
1078 645 1166 682 uita
1200 645 1310 681 haec
1330 655 1418 680 non
1448 641 1574 679 facile
1606 640 1755 678 transi-

133 719 265 769 gitur,
300 718 419 765 satis,
439 723 646 768 quantum
678 718 888 767 suspicor,
921 717 1034 753 bene
1068 729 1113 754 se
1137 715 1315 753 habent.
1350 711 1613 758 Molendina,
1646 723 1756 761 quae

133 790 265 840 longo
288 794 490 840 tempore
526 801 724 839 magnam
749 786 923 838 collegij
948 786 1026 824 nri.
1051 792 1219 836 partem
1255 798 1342 823 non
1365 785 1457 822 sine
1479 795 1637 834 magno
1659 794 1757 820 nos-

133 869 199 899 tro
222 860 502 899 incommodo
524 858 544 878 a
546 874 1755 887 ————————————

213 932 585 971 Scholasticorum
607 943 813 968 numerus
837 935 903 967 est
928 929 1031 966 satis
1054 928 1260 979 copiosus
1276 928 1318 964 in
1335 927 1421 964 hoc
1442 936 1651 963 caesareo
1671 924 1757 960 col-

132 1004 264 1055 legio,
289 1016 374 1053 quo
412 1003 547 1041 multo
583 1002 730 1054 plures
764 1014 892 1052 quam
915 1006 1045 1038 antea
1075 1000 1246 1038 nobiles
1283 998 1522 1036 confluunt.
1563 997 1628 1034 De
1649 999 1756 1033 tem-

132 1075 204 1126 plo
227 1087 368 1125 aeque
390 1087 564 1125 semper
587 1074 761 1112 solliciti
785 1085 943 1111 sumuS.

190 1157 249 1185 10.
310 1147 434 1184 Haec
454 1146 548 1183 fere
571 1151 684 1193 sunt,
710 1145 758 1183 R.
784 1145 848 1191 P„
872 1149 917 1182 ut
935 1143 990 1181 de
1012 1144 1078 1181 his
1095 1155 1206 1193 quae
1229 1142 1333 1180 mihi
1354 1151 1452 1179 sunt
1469 1140 1636 1191 ignota,
1655 1138 1758 1176 nihil

133 1216 345 1256 curiosius
379 1218 590 1267 inquiram
619 1222 692 1254 aut
727 1215 883 1261 dicam,
921 1227 1033 1265 quae
1068 1214 1111 1252 in
1145 1213 1493 1264 praesentiarum
1529 1208 1759 1249 scribenda

131 1289 248 1326 duxi:
268 1300 379 1338 quae
401 1288 564 1325 utinam
581 1287 727 1325 diuina
746 1287 919 1325 bonitas
940 1299 1018 1336 pro
1041 1297 1118 1324 sua
1139 1284 1373 1323 clementia
1394 1282 1623 1334 approbet,
1646 1287 1690 1318 et
1713 1286 1756 1318 ut

130 1361 250 1410 plura
288 1366 420 1410 atque
454 1359 628 1409 potiora
662 1358 836 1396 minima
870 1359 981 1396 haec
1010 1358 1029 1381 ἢ
1051 1357 1251 1395 Societas
1282 1357 1323 1394 in
1345 1353 1637 1393 afflictissimis
1667 1352 1760 1390 istis

130 1431 277 1482 regnis
297 1436 521 1482 praestare
543 1430 697 1481 possit,
720 1430 909 1480 benigne
933 1428 1069 1467 donet
1090 1434 1221 1479 atque
1249 1427 1484 1478 perficitat3
1507 1424 1624 1476 quod
1646 1423 1760 1461 haud

130 1502 261 1539 dubie
283 1501 375 1548 fiet,
400 1502 432 1539 si
455 1501 681 1539 fideliores
702 1506 834 1552 atque
855 1500 1181 1551 frequentiores
1213 1497 1412 1537 offendet
1442 1497 1512 1535 hic
1548 1507 1758 1546 coopera-

130 1580 250 1612 tores
271 1580 303 1612 0.
324 1574 422 1611 Hoc
442 1573 573 1624 igitur
595 1586 725 1610 unum
748 1572 782 1610 si
804 1570 973 1618 dixero,
998 1571 1130 1610 finem
1152 1568 1371 1608 scribendi
1391 1567 1560 1606 faciam.
1586 1565 1760 1604 Plurimi

129 1657 232 1683 sane
254 1646 336 1683 iarn
360 1645 414 1683 ob
437 1645 593 1682 multas
614 1643 928 1690 hereticorum,
954 1655 1116 1693 easque
1137 1641 1416 1693 grauissimas
1438 1640 1479 1677 in
1501 1639 1632 1676 rebus
1653 1637 1760 1676 fidei

128 1717 427 1755 dissensiones
447 1716 640 1767 pertaesi
660 1716 787 1766 plane
818 1714 1022 1753 uidentur
1058 1713 1365 1752 schismaticae
1397 1710 1639 1757 doctrinae,
1678 1708 1759 1747 sed

129 1788 287 1827 desunt
320 1801 448 1839 quarn
483 1789 629 1838 plures
663 1786 905 1837 incorrupti
940 1786 1064 1824 uerbi
1099 1785 1181 1823 Dei
1214 1794 1476 1834 praecones,
1501 1787 1544 1820 et
1568 1780 1757 1820 orandus

131 1865 197 1898 est
219 1861 353 1907 Deus,
376 1872 431 1897 ne
453 1859 511 1897 illi
533 1858 552 1883 ‘²
573 1858 645 1909 qui
665 1859 781 1896 forte
803 1870 917 1896 nunc
937 1858 1234 1903 inueniuntur,
1258 1857 1353 1906 plus
1377 1853 1521 1893 obsint
1553 1854 1665 1891 male
1701 1852 1763 1890 ui-

130 1931 291 1979 uendo,
315 1944 443 1983 quam
464 1931 579 1969 bene
597 1930 785 1969 dicendo
807 1930 988 1981 prosint.
1014 1931 1062 1967 R.
1088 1941 1195 1979 ergo
1214 1929 1265 1967 V.
1291 1928 1338 1965 P.
1364 1926 1648 1965 sanctissimis
1672 1926 1760 1963 suis

130 2004 356 2053 sacrifieijs
379 2008 422 2042 et
445 2003 716 2041 orationibus
737 2001 852 2053 apud
873 2000 1271 2040 misericordiarum
1305 2004 1474 2050 patrem
1497 1997 1759 2037 Germaniae

131 2077 282 2114 salutis
316 2076 545 2126 negotium
579 2087 845 2126 promouere
881 2073 1101 2124 dignetur.
1142 2073 1275 2110 Multa
1303 2078 1320 2096 e
1345 2072 1458 2109 enirn
1487 2070 1553 2108 his
1588 2068 1762 2117 auxilijs

130 2148 341 2186 hactenus
377 2153 421 2186 et
454 2148 577 2198 plura
605 2146 647 2185 in
676 2152 904 2198 posterum
933 2144 1087 2197 perfici
1116 2156 1248 2195 posse
1280 2141 1557 2182 confidimus.
1583 2141 1762 2180 Interim

130 2219 278 2257 domui
296 2223 339 2257 et
357 2218 547 2270 collegio
571 2219 653 2256 toti
672 2231 752 2256 nos
775 2217 971 2268 cupimus
987 2229 1114 2267 quam
1138 2214 1608 2253 commendatissimos.
1633 2212 1763 2250 Vien-

130 2302 213 2329 nae
236 2290 442 2328 Austriae
465 2300 517 2338 30
538 2290 698 2340 Aprilis
726 2290 839 2337 1560.
864 2289 912 2327 R.
938 2289 984 2326 P.
1009 2287 1060 2326 T.
1083 2286 1286 2338 indignus
1307 2285 1438 2324 filius.

1152 2359 1369 2397 ANTONIUS
1400 2358 1596 2395 FLANDER
1629 2362 1654 2394 ¹.

211 2433 384 2471 Literae
407 2431 750 2483 quadrimestres
772 2432 1024 2470 viennensis
1047 2430 1241 2481 collegij.

175 2540 195 2559 a
258 2540 413 2578 Versus
443 2550 561 2576 unus
591 2539 640 2576 ob
668 2538 884 2584 plicatam
907 2541 966 2580 ‚et
996 2545 1219 2574 corrosam
1251 2535 1456 2572 chartam
1487 2533 1569 2579 legi
1598 2533 1760 2579 nequit.

133 2601 196 2626 —b
220 2600 318 2637 Del.
345 2600 435 2637 sua?
486 2607 549 2625 -0
571 2599 757 2636 Emend.
780 2609 831 2636 ex
849 2598 1069 2645 operarios.
1123 2596 1189 2622 ——d
1213 2595 1308 2633 Del.
1329 2592 1539 2641 sacrificijs
1559 2598 1598 2629 et
1617 2592 1758 2629 oratio-

132 2661 249 2698 nibus
268 2660 374 2708 apud
393 2659 776 2697 misericordiarum.
831 2666 896 2684 -θ
921 2656 1106 2695 Emend.
1129 2667 1179 2693 ex
1197 2655 1436 2692 multarum.

178 2770 186 2789 ¹
241 2768 306 2806 De
320 2780 399 2815 quo
413 2767 626 2811 catalogus
641 2765 807 2812 collegii
821 2764 1056 2803 viennensis
1070 2762 1257 2801 exeuntis
1275 2760 1365 2799 1559
1378 2765 1450 2798 aut
1465 2759 1642 2797 ineuntis
1660 2758 1761 2803 1560,

127 2834 171 2865 ut
192 2828 362 2871 videtur,
383 2827 483 2864 haec
503 2827 608 2862 inter
627 2825 720 2862 alia:
742 2824 997 2862 «Anthonius
1016 2820 1337 2860 Aldernacensis
1353 2818 1536 2856 Flander
1552 2819 1612 2864 [in
1628 2819 1761 2856 catal.

128 2888 292 2925 mensis
311 2887 419 2932 Aug.
446 2884 564 2923 1559:
585 2885 711 2922 Anth.
730 2884 832 2922 Guis
850 2881 1188 2926 Aldernadensis]
1207 2880 1254 2918 20
1268 2892 1394 2917 annos
1411 2879 1547 2923 habet,
1565 2883 1604 2915 et
1620 2891 1669 2915 ex
1684 2877 1765 2914 illis

128 2947 226 2984 duos
244 2946 330 2984 fere
349 2947 390 2983 in
409 2945 630 2989 Societate‚
651 2944 798 2991 partim
817 2944 856 2981 in
882 2943 1014 2987 Italia,
1047 2942 1194 2990 partim
1223 2939 1264 2977 in
1291 2938 1520 2977 Germania
1554 2936 1653 2984 egit;
1686 2950 1766 2984 quo

127 3006 318 3053 temporis
348 3005 496 3054 spacio,
530 3010 569 3042 et
595 3010 784 3042 naturam
810 3003 852 3041 in
880 3003 1024 3041 melius
1042 3007 1200 3039 mutare
1220 2998 1389 3045 studuit,
1410 3002 1451 3035 et
1474 2998 1515 3034 in
1533 2997 1664 3034 literis
1683 2997 1767 3044 pol-

128 3066 327 3103 litioribus
347 3071 386 3103 et
404 3064 583 3103 carmine
602 3063 813 3101 scribendo
833 3064 932 3100 adeo
951 3061 1131 3110 profecit,
1152 3066 1195 3097 ut
1214 3060 1294 3097 iam
1313 3057 1545 3097 rhetoricae
1561 3057 1765 3094 studiosus

130 3125 259 3164 faetus
278 3126 397 3164 sit...»
418 3125 463 3163 In
483 3125 570 3163 cod.
595 3123 736 3161 Germ.
753 3123 841 3166 131,
861 3123 888 3160 f.
908 3122 1018 3160 209v.
