1908 3446
561 171 957 208 378.-⁷CON1M3R’1CA
989 171 1029 207 13
1057 170 1166 218 MAJI
1200 170 1286 207 1560
1622 172 1691 208 649

115 276 247 313 decet
267 289 347 312 nos
384 273 683 324 expectationi
720 274 772 312 de
815 275 939 312 nobis
975 281 1217 323 conceptae
1254 273 1525 311 satisfacere.
1570 277 1650 311 iam
1683 276 1736 311 al)

111 346 274 397 aliquot
297 345 521 384 mensibus
550 346 780 383 consueuit
806 347 871 384 Pr.
911 346 1072 383 Rector
1096 347 1103 364 ¹
1129 345 1371 383 doctrinam
1394 345 1668 382 christianam
1695 351 1736 381 vt

110 418 448 456 constitutiones
485 416 722 455 Soeietatis
752 418 958 455 vniuerso
993 417 1180 467 sollegio
1212 417 1467 467 frequenter
1500 418 1736 466 explicare:

111 504 164 527 ex
188 503 273 539 quo
297 490 389 527 sine
413 488 544 526 dubio
569 501 772 539 magnum
795 489 983 527 fructum
1007 501 1158 526 omnes
1180 488 1409 538 percipere
1431 493 1628 537 possunt.

166 572 224 610 14.
284 560 475 599 Admissi
497 565 595 597 sunt
616 560 735 598 hisee
759 560 912 598 diebus
934 565 1098 611 (preter
1121 561 1374 610 magistrum
1397 559 1613 598 Andream
1637 562 1737 598 flan-

109 632 247 677 drum,
272 637 316 670 et
338 632 465 669 alium
488 631 719 680 quemdam
751 632 802 669 ad
835 631 1123 669 reuerendam
1155 636 1272 668 tuam
1303 631 1619 669 Paternitatem
1655 631 1734 669 iam

108 708 238 742 antea
254 702 539 751 destinatum)
561 702 613 739 ad
636 703 920 752 probationes
937 701 1174 741 Soeietatis
1190 708 1376 753 quatuor
1394 703 1577 740 iuuenes
1595 704 1736 741 bonae

108 775 215 825 spei,
240 774 312 824 qui
332 779 508 824 praeter
530 773 783 812 thesaurum
805 775 946 812 bonae
970 774 1224 821 voluntatis,
1249 787 1377 824 quem
1400 787 1424 811 a
1453 774 1640 812 Domino
1673 788 1737 813 re-

108 849 334 896 ceperunt,
359 844 564 882 videntur
589 844 719 882 etiam
742 845 837 882 fore
860 845 989 883 vtiles
1021 845 1233 884 Societati
1264 846 1419 883 saltem
1450 845 1503 883 ad
1533 845 1739 884 inferiora

108 917 251 954 munia
268 923 285 939 ἢ
309 915 526 953 obeunda.
548 916 821 964 Frequenter
840 916 970 955 etiam
987 916 1041 954 ad
1061 929 1142 955 nos
1159 917 1341 954 veniunt
1359 917 1429 954 alii
1446 916 1561 967 pleni
1578 918 1738 955 sanetis

108 987 337 1026 desideriis
359 988 627 1025 inseruiendi
650 989 744 1026 Deo
768 988 809 1025 in
832 993 984 1025 nostro
1007 987 1222 1034 instituto,
1247 1001 1357 1038 quos
1379 1000 1465 1025 non
1488 988 1735 1039 recipimus,

108 1059 178 1096 vel
199 1059 299 1109 quia
320 1058 465 1104 rudes,
492 1060 561 1096 vel
584 1058 774 1110 alioquin
797 1059 1008 1096 inhabiles
1031 1058 1083 1096 ad
1114 1064 1260 1096 tantae
1293 1059 1540 1097 vocationis
1571 1060 1737 1109 perfee-

106 1130 271 1168 tionem
296 1142 395 1168 esse
418 1130 665 1168 videantur.

187 1202 351 1247 Habes,
375 1201 611 1239 admodum
635 1201 729 1239 R.-¹e
752 1202 793 1239 in
814 1202 948 1252 Xpro.
976 1202 1062 1248 Pr.‚
1086 1213 1197 1252 quae
1230 1202 1401 1251 operari
1433 1201 1635 1253 dignatus
1671 1209 1739 1241 est

110 1275 225 1311 Deus
265 1273 463 1323 proxime
506 1274 653 1323 elapso
695 1273 1000 1322 quadrimestri
1039 1285 1116 1323 per
1155 1271 1442 1311 ministerium
1483 1279 1656 1312 tuorum
1697 1275 1738 1312 in

107 1344 240 1394 Xpro.
279 1342 483 1381 filiorum.
522 1343 733 1395 Superest
769 1350 816 1381 vt
852 1356 903 1382 ea
938 1344 971 1389 b,
1008 1345 1402 1394 quantulacumque
1439 1344 1538 1391 sint,
1578 1345 1738 1384 offeras

109 1416 191 1453 Pri.
217 1420 372 1454 eterno
395 1415 436 1452 in
458 1416 668 1465 sanguine
693 1415 842 1454 dilecti
862 1415 956 1454 Filii
977 1416 1056 1461 sui,
1082 1420 1126 1454 et
1147 1416 1442 1467 negligentias
1463 1423 1636 1455 nostras
1665 1431 1737 1455 ex-

108 1500 249 1533 cuses,
274 1488 543 1538 gratiamque
569 1488 776 1538 impetres
806 1493 853 1526 vt
883 1489 923 1525 in
954 1494 1179 1538 posterum
1211 1486 1515 1539 diligentiores
1552 1490 1736 1540 operarii

106 1559 147 1596 in
164 1559 246 1596 hae
261 1558 527 1596 fertilissima
545 1571 689 1596 messe
707 1559 881 1597 Domini
899 1572 997 1597 esse
1014 1560 1246 1610 possimus.
1266 1560 1388 1598 Vale.
1410 1560 1587 1598 Laureti
1601 1572 1625 1608 4
1642 1560 1738 1598 idus

108 1630 205 1668 Maii
231 1630 344 1678 1560.
370 1630 434 1667 Ex
457 1631 768 1668 commissione
792 1630 879 1668 R.di
904 1632 949 1668 P.
974 1629 1189 1669 Rectoris.
1215 1632 1262 1669 R.
1288 1632 1334 1669 P.
1369 1632 1417 1670 T.
1452 1631 1654 1683 indignus
1689 1632 1736 1670 fi—

106 1700 186 1738 lius
209 1706 253 1738 et
270 1713 438 1739 seruus.

187 1807 448 1857 Inscriptio.
475 1809 721 1846 Lauretane
742 1821 780 1857 4.
807 1811 889 1847 Per
911 1810 951 1847 la
972 1809 1203 1848 Prouineia
1224 1809 1266 1847 di
1291 1809 1488 1848 Fiandra.

874 1969 988 2021 378

434 2077 521 2122 FR
531 2077 866 2125 ANCISCUS
901 2079 994 2125 DE
1028 2079 1415 2126 MONCLARO

610 2185 863 2210 coNJMssRICA
894 2175 936 2210 13
962 2185 1056 2221 MAJI
1087 2174 1178 2211 1560
1205 2175 1216 2193 ²

109 2260 141 2295 l.
178 2257 540 2297 Generalzssaffl
575 2257 777 2296 Admissi
808 2257 854 2295 in
886 2257 1270 2299 Societatem.——3.
1311 2260 1569 2300 Domestica
1606 2259 1735 2299 discr?-

185 2323 472 2374 plz'na.—-4-5.
501 2323 755 2362 Contiones.
790 2323 1122 2363 Poenitentium
1145 2325 1429 2376 frequentia.
1461 2327 1734 2378 Magnatum

189 2389 611 2429 benevolentia—6.
655 2388 821 2428 Studia
853 2389 1136 2441 florent—7.
1175 2391 1418 2431 Sociorum
1453 2393 1733 2431 valetudosm

185 2454 225 2494 8,
260 2455 414 2493 Varia.

164 2555 197 2583 1.
257 2547 284 2592 †
316 2545 416 2594 Muy
439 2545 536 2583 R.d0
566 2559 633 2583 em
655 2546 740 2582 X.‘'
762 2544 917 2584 Padre.
942 2547 1002 2584 La
1022 2560 1188 2585 summa
1217 2549 1363 2599 gracia
1384 2562 1409 2597 y
1431 2562 1549 2587 arnor
1582 2555 1735 2587 eterno

150 2670 170 2689 a
220 2670 372 2707 Praec.
394 2681 432 2707 v.
455 2675 592 2717 supra
612 2682 737 2713 vers..
760 2671 897 2708 deleto
919 2684 1086 2709 munera
1105 2674 1177 2718 (22).
1235 2674 1297 2699 —b
1319 2686 1460 2710 earum
1479 2675 1534 2719 (Ρ)
1555 2685 1634 2710 ms.

155 2791 163 2810 ¹
217 2789 261 2827 P.
284 2790 492 2829 Oliverius
514 2791 749 2828 Manareus.

155 2849 167 2868 ²
215 2849 276 2886 Ex
295 2850 485 2896 originali
504 2851 544 2888 in
563 2852 648 2888 cod.
667 2851 772 2888 Lus.
796 2850 863 2895 60,
884 2852 906 2888 2
924 2851 978 2895 ff„
1001 2865 1067 2889 nn.
1088 2853 1165 2898 197,
1191 2854 1269 2899 198;
1287 2855 1397 2901 prius
1412 2854 1493 2891 458.
1512 2854 1585 2891 Est
1600 2868 1733 2892 exem-

106 2911 215 2956 plum
243 2909 413 2947 latinum
440 2911 490 2946 ab
518 2911 657 2947 eodem
686 2910 956 2956 subscriptum
984 2912 1048 2949 die
1075 2913 1121 2949 29
1147 2913 1317 2960 Aprilis,
1351 2915 1388 2951 in
1417 2915 1502 2952 cod.
1536 2915 1636 2952 Lus.
1666 2915 1732 2956 51,

106 2968 131 3006 f.
152 2968 214 3005 97.
241 2968 396 3017 Aliqua
419 2963 540 3006 verba
563 2971 775 3006 lusitanieo
795 2971 911 3007 modo
929 2971 1077 3019 scripta
1097 2971 1215 3010 facile
1235 2974 1410 3021 intelligi
1430 2978 1607 3021 possunt.
