1908 3446
3 321 5 330 ⁴
25 273 31 302 i„
0 0 31 256 T‘m

539 194 897 232 238.--FERRAR1A
926 193 948 229 9
976 192 1075 228 FER.
1109 192 1197 228 1559
1590 192 1627 226 71

54 306 117 337 ter
140 300 199 338 ita
221 298 449 337 conuictus
474 302 555 343 est,
583 302 626 333 vt
648 296 719 346 qui
741 301 841 333 ante
879 307 931 332 ne
968 307 1126 332 nomen
1149 292 1323 342 quidem
1346 296 1541 332 nostrum
1567 293 1679 329 ferre

28 367 31 402 l
53 375 238 420 poterat,
264 369 345 407 iam
369 368 549 417 singulis
572 380 617 403 se
642 366 863 404 mensibus
885 364 938 402 ad
971 364 1238 414 penitentiae
1261 367 1581 400 sacramentum
1615 375 1680 399 ac-

28 486 29 490 ,
54 455 275 480 cessurum
299 441 352 478 sit
374 439 610 490 pollicitus:
634 450 717 487 qua
738 437 779 475 in
811 450 857 474 re
881 441 925 474 et
946 435 1059 486 apud
1092 441 1294 473 caeteros
1329 446 1481 472 omncs
1513 433 1682 471 mirabi-

53 515 134 551 lem
159 514 228 551 ille
252 525 297 550 se
320 511 447 562 gerit.
477 511 585 548 Nam
609 508 726 559 quod
750 508 971 553 obiiciant,
996 506 1158 545 liabent
1181 505 1298 552 nihil,
1331 518 1426 543 cum
1461 505 1679 542 hominem

28 598 178 635 ¹quem
201 589 328 622 antea
359 585 594 622 mouerunt,
633 593 747 617 nunc
769 592 946 629 prorsus
969 579 1151 616 alterum
1185 578 1346 616 factum
1385 589 1481 614 esse
1519 576 1681 626 perspi-

27 699 29 710 Ι
53 657 182 693 ciant.

106 736 140 774 5.
201 725 354 776 Neque
387 731 531 762 tamen
566 723 710 769 velim,
744 721 978 759 admodum
1005 720 1096 758 lx'.‘¹‘³
1123 722 1206 766 l'r.,
1232 726 1274 757 te
1298 718 1414 770 quod
1450 720 1518 757 vel
1555 719 1680 757 liuius⁴

26 803 28 818 ³
54 797 323 842 charitatem,
348 796 417 833 vel
448 794 619 832 illorum
642 791 759 843 quod
782 792 968 831 diximus
997 792 1300 838 constantiam,
1337 792 1405 829 vel
1436 792 1477 829 in
1514 791 1680 828 caelum

53 870 202 915 seram,
226 874 268 906 te
292 866 479 917 quodam
502 864 632 903 modo
658 865 815 903 mirari.
837 864 988 903 Hostis
1012 864 1123 902 enim
1146 863 1323 914 generis
1345 863 1520 901 humani
1541 862 1620 901 fuit
1644 861 1683 899 in

54 952 194 982 causa,
227 940 298 990 qui
328 939 428 976 dum
459 951 540 975 nos
572 950 719 987 parum
752 934 1029 974 authoritatis
1060 936 1224 973 habere
1258 933 1539 982 existimauit,
1574 935 1608 972 si
1642 940 1684 971 et

24 1045 27 1055 ⁴
54 1023 130 1049 nos
152 1017 193 1048 et
217 1015 430 1060 quotquot
453 1021 588 1059 opera
609 1012 758 1046 nostra
780 1012 1009 1045 vterentur
1027 1007 1066 1044 in
1091 1019 1302 1044 summam
1324 1004 1529 1044 inuidiam
1551 1005 1683 1043 addu-

24 1066 27 1118 ἶ
53 1088 188 1122 ceret,
221 1094 306 1119 non
336 1086 503 1118 tantum
525 1079 567 1117 id
599 1079 716 1130 quod
748 1078 890 1116 animo
928 1078 1136 1129 agitabat,
1174 1091 1260 1115 non
1299 1083 1363 1115 est
1399 1083 1682 1123 consecutus,

20 1178 27 1198 .;
54 1154 129 1192 sed
159 1152 224 1191 his
245 1153 332 1190 suis
354 1152 517 1190 artibus
540 1150 620 1189 sibi
649 1149 879 1201 plurimum
911 1149 1118 1196 detraxit3
1141 1149 1211 1200 qui
1237 1154 1280 1187 et
1310 1149 1436 1188 nobis
1459 1148 1682 1187 materiam

52 1226 168 1276 ipsos
190 1223 461 1262 collaudandi
485 1221 619 1269 dedit,
656 1226 697 1259 et
730 1228 776 1259 vt
806 1220 939 1270 ijdem
969 1220 1226 1271 perfectiori
1256 1220 1443 1271 quodam
1477 1220 1684 1258 virtutum

54 1308 231 1334 munere
253 1295 538 1345 fungerentur
558 1294 722 1332 effecit.
750 1293 880 1342 Quod
902 1305 1040 1344 nuper
1061 1292 1102 1330 in
1138 1292 1225 1330 filia
1247 1292 1470 1330 cuiusdam
1494 1291 1685 1330 mulieris

56 1368 336 1406 adolescente
374 1367 559 1405 maxime
596 1365 871 1417 agnouimus,
904 1377 1015 1414 quae
1051 1364 1254 1413 quoniam
1290 1364 1344 1402 ad
1380 1376 1459 1402 nos
1495 1362 1682 1405 veniret,

54 1438 326 1478 contumeliis
349 1439 402 1477 ab
426 1438 626 1476 omnibus
650 1436 802 1475 vicinis
828 1437 1085 1482 vexabatur,
1121 1434 1248 1485 eique
1282 1435 1445 1473 sororis
1478 1435 1570 1473 eius
1602 1435 1682 1476 vir,

54 1511 173 1549 cuius
193 1510 443 1562 quotidiana
466 1508 657 1548 conuitia
680 1508 939 1555 sustinebat,
965 1509 1024 1546 ita
1046 1507 1232 1546 minitari
1255 1507 1386 1558 cepit,
1411 1514 1458 1545 vt
1481 1512 1524 1545 et
1547 1512 1685 1545 mater

55 1587 97 1620 et
120 1595 241 1620 soror
263 1581 442 1633 singulis
465 1579 620 1618 diebus
642 1594 729 1618 non
751 1580 847 1618 sine
871 1579 1059 1617 lacrimis
1081 1580 1134 1617 ab
1165 1579 1257 1629 ipsa
1278 1577 1483 1629 precibus
1506 1584 1686 1617 conten-

55 1654 224 1699 derent,
258 1657 303 1690 vt
339 1653 373 1690 si
404 1658 539 1691 totam
563 1651 739 1689 domum
771 1651 812 1689 in
843 1663 952 1700 pace
985 1651 1137 1688 viuere
1170 1649 1321 1697 vellet,
1347 1655 1391 1688 et
1421 1649 1549 1688 saluti
1580 1662 1683 1687 suae

54 1725 297 1771 consulere,
323 1724 530 1774 templum
562 1727 758 1761 nostrum
791 1735 1010 1772 nunquam
1042 1721 1365 1773 ingrederetur.
1401 1720 1457 1758 At
1479 1721 1572 1772 ipsa
1602 1733 1686 1759 nec

55 1796 198 1833 matris
228 1809 309 1834 nec
331 1795 494 1834 sororis
516 1794 691 1832 fletibus
713 1794 766 1831 ab
796 1794 972 1844 incepto
996 1793 1199 1832 reuocari
1220 1791 1377 1844 potuit,
1402 1791 1503 1843 quin
1535 1792 1683 1839 immo,

57 1871 99 1904 vt
120 1879 189 1904 res
211 1872 365 1917 postea
386 1866 551 1913 docuit,
577 1878 672 1903 eam
695 1865 985 1903 constantiam
1016 1864 1170 1911 tenuit,
1196 1870 1243 1902 vt
1264 1864 1331 1902 his
1354 1863 1570 1910 omnibus,
1595 1863 1685 1901 vel-

55 1938 115 1976 uti
145 1938 384 1977 calcaribus
421 1936 613 1976 currenti
635 1936 808 1978 additis,
835 1948 911 1973 sua
932 1937 1024 1987 ipsa
1044 1934 1255 1986 patientia
1277 1948 1328 1974 ac
1351 1934 1622 1973 orationibus
1644 1933 1685 1973 id

55 2010 107 2048 sit
128 2016 342 2057 assecuta,
365 2016 413 2048 vt
429 2009 501 2059 qui
522 2010 652 2056 illam,
677 2007 832 2059 quibus
854 2013 1030 2059 poterat
1052 2007 1208 2055 modis,
1233 2008 1422 2046 antehac
1442 2007 1686 2045 insectaba-

54 2085 136 2128 tur,
160 2080 290 2119 modo
313 2093 397 2119 non
421 2081 560 2119 solum
591 2081 677 2118 hoc
698 2079 801 2118 nihil
824 2078 963 2117 minus
985 2079 1107 2126 velit,
1133 2078 1210 2117 sed
1243 2077 1374 2117 etiam
1404 2078 1554 2129 paucis
1584 2083 1684 2116 ante

56 2151 206 2190 diebus
230 2151 456 2190 confessus
487 2150 599 2202 apud
629 2155 819 2197 nostros,
847 2156 891 2187 vt
919 2149 1116 2192 dicimus,
1151 2148 1433 2200 generaliter,
1468 2153 1613 2187 tantos
1645 2149 1684 2187 in

55 2222 203 2273 spiritu
234 2233 491 2273 progressus
526 2222 697 2268 fecerit,
725 2225 768 2259 vt
791 2221 905 2260 diem
928 2220 1191 2260 dominicum
1215 2233 1381 2259 summa
1411 2221 1491 2259 sibi
1514 2233 1612 2259 esse
1645 2220 1685 2258 in

57 2293 378 2344 expectatione,
417 2307 502 2343 quo
538 2292 579 2331 in
617 2295 636 2312 ²²
674 2294 883 2344 templum
920 2299 1116 2331 nostrum
1155 2293 1305 2330 venire
1340 2293 1494 2343 possit,
1531 2297 1684 2343 aperte

56 2365 326 2415 profiteatur.
358 2366 530 2416 iamque
552 2365 671 2413 fecit,
696 2372 742 2403 vt
774 2378 922 2412 nurus,
949 2370 991 2403 et
1014 2377 1125 2402 uxor
1149 2364 1293 2402 eidem
1317 2364 1385 2402 cui
1408 2364 1517 2414 ipse,
1544 2370 1587 2402 et
1609 2376 1685 2402 sua

56 2435 152 2474 illae
175 2441 357 2487 peccata
379 2437 708 2475 confiterentur.

106 2508 144 2546 6.
204 2508 324 2546 Alius
343 2513 577 2558 praeterea
598 2507 701 2546 mihi
722 2521 821 2546 sese
847 2508 992 2554 offert,
1019 2508 1087 2546 cui
1112 2514 1157 2545 vt
1180 2507 1311 2545 etiam
1332 2507 1373 2545 in
1409 2505 1569 2545 nostris
1592 2506 1685 2544 lite-

58 2579 114 2616 ris
134 2578 293 2630 aliquid
315 2578 438 2629 spatij
463 2579 605 2625 detur,
630 2592 709 2617 suo
733 2585 855 2617 certe
877 2579 971 2617 iure
1004 2578 1106 2617 mihi
1137 2579 1217 2629 ipsi
1247 2579 1470 2629 postulare
1493 2577 1683 2624 videtur,

57 2662 184 2699 quem
207 2662 318 2696 cum,
343 2655 389 2687 vt
410 2651 539 2697 solet,
566 2656 687 2689 certa
717 2650 771 2688 de
807 2663 854 2688 re
886 2651 1080 2689 nonnulli
1113 2663 1167 2688 ex
1200 2649 1362 2688 nostris
1393 2649 1618 2695 adiissent,
1643 2655 1685 2687 et

58 2720 112 2759 ad
133 2733 184 2759 ea
206 2720 476 2772 capessenda
497 2733 607 2772 quae
641 2722 873 2772 vnicuique
897 2721 1102 2760 salutaria
1118 2727 1232 2768 sunt,
1265 2721 1459 2772 pluribus
1484 2721 1685 2759 cohorta-

58 2793 90 2831 ti
111 2798 273 2839 essent,
291 2793 420 2842 paulo
451 2798 550 2843 post
572 2793 709 2840 venit,
735 2792 962 2832 consilium
993 2793 1164 2831 illorum
1187 2793 1397 2843 sequitur,
1422 2797 1553 2843 atque
1585 2803 1685 2830 con-

105 2943 125 2963 a
172 2943 211 2980 in
230 2946 366 2988 supra
386 2953 494 2980 Qvers
