1908 3446
568 239 898 277 347.—C0L0N1A
925 239 970 276 27
998 239 1235 275 FEBRUARH
1266 238 1354 275 1560
1659 240 1727 276 533

148 346 472 392 expeteremus,
495 345 628 390 vtque
652 340 693 378 id
715 341 756 378 in
779 340 1143 379 deliberationem
1165 352 1444 390 poneremus.
1469 340 1618 378 Visum
1640 341 1771 389 igitur

147 416 211 450 est
234 411 490 462 quibusdam
513 410 615 448 uiris
638 412 849 449 consultis
872 416 915 449 et
936 411 1061 448 nobis
1084 410 1280 448 similiter
1315 410 1452 461 magis
1475 423 1529 449 ex
1551 423 1598 448 re
1621 411 1771 449 Socie-

144 484 243 520 tatis
265 482 374 529 fore,
400 483 434 520 si
455 483 641 532 pecunia
670 495 747 532 pro
780 482 1101 520 sustentatione
1132 486 1452 528 numeraretur,
1485 494 1570 532 quo
1603 482 1772 532 singula

142 567 219 604 pro
242 553 452 603 temporis
474 566 525 591 ac
546 553 631 591 loci
655 553 953 602 oportunitate
976 552 1217 602 comparari
1238 557 1434 602 possent.
1460 553 1683 603 Princeps,
1710 558 1770 591 et-

142 625 175 662 si
215 638 301 662 non
349 624 618 662 mediocrem
663 625 704 661 in
750 625 835 662 hoc
880 623 1287 662 incommoditatem
1328 624 1533 671 sentiret,
1583 625 1769 662 assensit

138 700 285 734 tamen
306 696 346 732 in
369 695 484 733 mille
506 708 665 733 aureos
682 695 1086 733 ffrancffordienses
1104 695 1193 746 (qui
1209 695 1303 733 fere
1325 701 1575 746 nongentos
1593 695 1768 733 daleros

140 767 407 816 constiuunt)
456 765 496 803 in
542 766 720 804 ciuitate
765 766 1010 804 treuerensi
1050 779 1191 804 annue
1236 764 1408 804 duobus
1450 765 1648 805 terminis
1692 780 1766 804 nu-

138 837 384 876 merandos.
423 838 770 888 Archipraesulis
807 838 1112 876 liberalitatem
1147 838 1438 876 vehementer
1469 836 1668 875 admirati
1697 851 1765 875 su-

137 923 244 957 mus,
269 910 455 948 maxime
479 922 574 948 cum
598 909 804 948 Treueris
826 910 958 961 longe
981 909 1159 947 minoris
1183 910 1238 947 ob
1261 922 1405 948 rerum
1428 910 1612 960 copiam,
1637 922 1764 959 quam

136 982 347 1021 Coloniae
373 981 576 1029 [ui]uatur
606 988 639 1018 ἢ.
665 980 843 1018 Addidit
864 986 1098 1031 praeterea
1119 993 1166 1019 se
1188 980 1344 1019 domos
1361 982 1432 1018 uel
1450 982 1763 1019 monasterium

134 1058 284 1091 nostro
307 1053 507 1090 instituto
532 1058 577 1090 et
598 1051 895 1102 prouehendis
918 1052 1074 1101 studijs
1105 1065 1233 1103 quam
1265 1052 1668 1091 commodissimum
1689 1051 1762 1090 de-

133 1125 415 1175 signaturum,
440 1129 572 1174 atque
597 1124 735 1161 omnis
764 1124 941 1174 generis
974 1123 1236 1174 supellectili
1266 1124 1403 1174 probe
1432 1124 1759 1170 instructurum,

132 1199 176 1232 ut
197 1207 327 1232 nemo
351 1193 506 1232 merito
531 1194 741 1244 conqueri
762 1201 928 1245 posset.
963 1196 1126 1233 Mauult
1157 1195 1270 1233 enim
1301 1194 1355 1244 (si
1386 1207 1440 1232 ex
1473 1200 1656 1232 externa
1687 1207 1761 1245 ge-

129 1266 370 1304 nerositate
394 1266 607 1317 praesulis
629 1266 817 1303 animum
840 1267 982 1304 metiri
1006 1267 1128 1316 licet)
1149 1267 1276 1305 nobis
1297 1267 1492 1305 nonnihil
1526 1279 1759 1317 superesse

128 1350 254 1388 quam
276 1338 505 1388 quicquam
528 1337 598 1375 vel
629 1336 671 1374 in
702 1336 877 1375 minimo
910 1337 1086 1385 deesse3
1117 1351 1201 1376 nec
1230 1330 1467 1389 quicquam*
1491 1337 1758 1388 desyderare

127 1410 243 1460 quod
266 1410 320 1447 sit
341 1409 383 1446 in
413 1407 719 1459 praeiuditium
742 1409 925 1447 instituti
954 1410 1106 1447 nostri.
1133 1410 1247 1459 Quin
1277 1410 1423 1460 potius
1445 1411 1679 1460 scripserat
1710 1424 1757 1449 se

126 1481 252 1518 nobis
274 1486 476 1529 tanquam
501 1480 796 1517 vniuersitatis
817 1481 1091 1530 prouisorem
1114 1480 1217 1518 dare
1238 1486 1506 1532 potesta-tem
1524 1482 1756 1533 magistros

126 1558 170 1590 et
209 1551 418 1589 doctores
459 1552 579 1589 iuxta
624 1551 877 1589 academiae
914 1552 1025 1590 illius
1075 1553 1440 1591 consuetudinem
1477 1553 1668 1601 creandi,
1712 1559 1755 1592 et

126 1623 302 1662 modum
324 1635 484 1673 pueros
506 1623 762 1661 instituendi
784 1624 908 1674 plane
931 1624 1058 1661 nobis
1080 1624 1328 1674 relinquere
1350 1625 1552 1664 liberum.

176 1706 212 1733 2.
272 1694 481 1745 Intelligit
512 1695 559 1732 R.
593 1695 641 1732 Ρ.
679 1695 728 1732 T.
766 1695 978 1743 praesulis
1012 1696 1125 1745 piam
1161 1696 1444 1734 affectionem
1476 1709 1528 1734 ac
1557 1696 1598 1734 in
1629 1697 1752 1734 resti-

122 1765 285 1805 tuenda
306 1765 449 1804 veteri
469 1765 685 1816 religione
705 1767 1029 1816 procliuitatem
1054 1772 1097 1805 et
1120 1772 1341 1806 conatum.
1365 1768 1526 1806 Audiat
1555 1781 1670 1807 nunc
1691 1770 1752 1807 vi-

122 1838 263 1876 cissim
291 1836 644 1875 honestissimam
674 1838 801 1882 nobis
831 1838 991 1888 alioqui
1022 1839 1136 1876 ultro
1169 1839 1443 1877 ambiendam
1473 1841 1748 1890 petitionem.

122 1909 314 1947 Ardebat
336 1909 564 1946 nobiscum
593 1909 798 1959 colloqui,
829 1909 908 1947 sed
929 1910 1042 1948 seria
1072 1909 1252 1961 negotia
1273 1911 1429 1961 quibus
1447 1911 1749 1963 destringeba-

119 1986 201 2026 tur,
225 1981 267 2018 in
288 1979 500 2030 principio
525 1992 811 2030 congressum
839 1981 1149 2019 excludebant.
1174 1982 1370 2020 Tandem
1402 1983 1555 2034 sopitis
1585 1985 1747 2034 aliquo-

118 2051 248 2090 modo
281 2051 543 2089 turbulentis
573 2051 831 2100 quibusdam
866 2053 1013 2099 rebus,
1050 2066 1131 2090 nos
1166 2065 1217 2091 ac
1253 2066 1437 2092 coenam
1474 2055 1625 2094 venire
1647 2056 1667 2080 b
1696 2069 1748 2094 ac

117 2136 292 2162 mensae
316 2135 420 2161 suae
442 2123 705 2161 accumbere
727 2123 923 2161 iubebat.
950 2123 1047 2172 „Qua
1066 2130 1259 2175 peracta,
1283 2125 1485 2175 priuatim
1516 2127 1744 2177 proposito

116 2195 244 2233 animi
264 2196 329 2233 sui
350 2195 477 2232 altius
499 2194 704 2245 repetito,
736 2195 941 2245 singulari
972 2208 1056 2245 qua
1087 2200 1153 2233 est
1183 2195 1415 2247 prudentia
1444 2210 1495 2236 ac
1523 2198 1741 2246 facundia,

114 2267 341 2305 nobiscum
364 2266 712 2316 colloquebatur,
736 2266 948 2316 profitens
968 2273 1120 2316 aperte
1143 2280 1270 2317 quam
1292 2269 1440 2307 mallet
1461 2282 1645 2321 gregem
1663 2269 1743 2309 sibi

115 2338 393 2376 commissum
415 2336 562 2391 potius
593 2336 908 2375 monitionibus
929 2337 1027 2388 pijs,
1051 2351 1179 2388 quam
1200 2340 1329 2377 armis
1350 2346 1425 2378 aut
1445 2340 1571 2379 minis
1592 2341 1647 2379 ad
1668 2356 1741 2381 ve-

112 2415 252 2448 terem
273 2409 404 2447 fidem
426 2408 657 2447 reductum
678 2409 743 2455 iri,
769 2420 820 2446 ac
841 2409 1077 2459 collapsam
1097 2423 1211 2460 pene
1233 2412 1501 2451 academiam
1525 2413 1579 2451 ad
1600 2414 1739 2464 pristi-

111 2494 212 2519 num
235 2485 393 2519 statum
413 2492 491 2530 per
512 2492 593 2518 nos
617 2487 634 2504 0
663 2485 928 2527 restaurare,
961 2493 1071 2531 quos
1103 2482 1354 2521 confidebat
1385 2484 1471 2522 suis
1501 2485 1618 2523 votis
1649 2497 1739 2523 res-

110 2564 340 2603 ponsuros,
364 2563 399 2588 s1
419 2563 497 2602 per
519 2551 566 2589 R.
591 2551 637 2590 Ρ.
662 2552 711 2589 Τ.
736 2550 1060 2589 destinarentur
1082 2557 1172 2591 tres
1202 2555 1399 2605 germani
1428 2568 1480 2594 ac
1507 2556 1738 2594 exercitati

111 2624 462 2669 concionatores,
486 2622 559 2672 qui
581 2622 828 2661 eruditione
861 2629 904 2661 et
925 2636 1094 2662 morum
1126 2624 1335 2664 comitate
1363 2639 1414 2664 ac
1435 2627 1504 2678 pia
1526 2628 1736 2666 ciuilitate

109 2695 314 2747 populum
335 2695 377 2732 in
408 2706 528 2732 suam
550 2694 813 2732 sententiam
842 2696 1099 2745 pertrahere
1129 2703 1325 2747 possent.
1360 2699 1531 2737 Deinde
1552 2698 1663 2737 duos
1693 2700 1734 2738 in

109 2767 335 2817 theologia
354 2765 647 2816 professores,
671 2778 855 2816 quorum
878 2766 1008 2804 etiam
1030 2767 1049 2791 d
1084 2781 1218 2819 opera
1240 2775 1284 2807 et
1305 2770 1488 2809 consilio
1519 2771 1561 2808 in
1592 2771 1734 2821 dispo-

109 2838 265 2876 sitione
287 2848 434 2874 rerum
456 2835 855 2875 ecclesiasticarum
885 2837 1117 2888 aliquando
1149 2846 1167 2865 e
1201 2840 1265 2878 vti
1296 2845 1461 2891 posset.
1497 2843 1733 2880 Praeterea

154 3003 172 3021 a
194 2993 461 3037 Consumpta
481 2991 647 3029 charta.
701 2993 766 3019 —b
799 2993 939 3030 venire
970 2998 1108 3040 supra
1138 3006 1248 3033 vers.
1302 3005 1365 3023 ——c
1385 3010 1458 3044 per
1487 3010 1558 3034 nos
1592 3003 1729 3043 supra

107 3065 215 3095 vers.
268 3050 334 3078 —d
354 3050 477 3088 etiam
496 3056 633 3098 supra
652 3063 763 3091 vers.
816 3060 882 3080 --θ
897 3053 1113 3101 aliquando
1132 3056 1179 3093 in
1198 3067 1337 3103 marg.
