1908 3446
168 174 237 211 766
650 174 866 209 L1'1·TERAE
893 172 1248 216 QUADmMESTREs

122 289 199 325 pus
221 275 351 314 modo
375 276 530 314 dictus.
556 277 594 313 ls
618 277 667 313 D.
694 274 972 312 Lambertum
994 272 1174 310 honoris
1206 283 1336 309 causa
1367 282 1421 308 ex
1446 268 1744 320 disputationi-

122 341 201 384 bus
222 347 276 385 ad
297 347 521 398 prandium
544 344 850 384 humanissime
874 357 1023 382 secum
1042 342 1237 381 deduxit.
1258 341 1459 379 Interfuit
1481 340 1611 378 etiam
1628 340 1745 378 Hun-

122 419 267 468 gariae
304 418 461 470 primas
499 425 541 456 et
576 416 930 467 archiepiscopus
971 414 1274 465 strigonensis,
1309 419 1353 451 et
1384 412 1595 450 Poloniae
1630 411 1747 461 regis

125 496 286 537 orator,
312 491 359 528 R.
392 491 441 528 D.
476 490 725 528 Cromerus.
761 486 954 526 Consilio
986 492 1236 523 nostrorum
1269 483 1445 522 Patrum
1479 495 1533 520 eo
1563 480 1633 519 die
1666 481 1747 531 pri-

124 575 238 599 mum
260 561 435 599 tandem
458 561 511 598 ad
534 560 727 610 publicas
744 558 875 595 hasce
894 556 1211 607 disputationes
1234 556 1396 593 Rector
1413 559 1565 592 noster
1583 566 1629 591 se
1648 564 1748 590 con-

122 632 219 670 tulit
241 631 362 683 quasi
380 637 575 677 coactus,
603 636 646 667 et
668 629 768 667 dum
787 641 886 666 suas
908 634 981 665 aut
998 627 1160 665 Christi
1177 627 1322 677 potius
1344 624 1562 663 interdum
1580 635 1747 661 summo

125 704 317 741 omnium
340 715 558 741 consensu
582 706 827 751 exponeret
850 700 1058 745 rationes,
1079 698 1234 736 defixis
1253 697 1443 735 omnium
1466 696 1507 733 in
1530 709 1628 733 eum
1648 706 1749 732 oeu-

124 775 189 822 lis,
214 774 397 813 arrectis
421 775 619 812 astabant
642 773 831 818 auribus,
856 771 1116 821 intentique,
1137 774 1183 807 ut
1206 768 1276 807 ille
1299 769 1357 806 ait
1381 774 1405 814 ¹,
1432 779 1508 805 ora
1525 765 1750 812 tenebant3

124 859 209 896 quo
232 846 410 892 factum,
436 847 530 883 Deo
555 845 660 890 laus,
686 843 845 880 eodem
868 848 1068 891 tempore
1091 840 1280 886 uidetur,
1305 844 1351 876 ut
1370 844 1414 877 et
1432 837 1658 887 utriusque
1676 835 1750 874 mi-

124 916 264 955 nimae
284 923 461 955 nostrae
479 915 715 953 Societatis
731 913 926 951 doctoris
945 912 1209 963 singularem
1226 910 1484 956 doctrinam,
1504 921 1601 946 cum
1619 907 1750 946 chris-

125 988 240 1026 tiana
261 988 445 1039 quadam
468 985 685 1025 modestia
714 989 845 1035 atque
877 983 1096 1035 grauitate
1128 981 1420 1027 coniunctam,
1450 978 1639 1031 primarij
1662 978 1751 1028 qui-

124 1073 207 1110 que
231 1072 282 1098 ac
303 1058 542 1097 doctissimi
567 1058 645 1095 uiri
673 1056 963 1107 suspicerent,
990 1059 1033 1092 et
1065 1052 1118 1091 ad
1149 1058 1288 1091 totam
1318 1051 1606 1097 Societatem,
1639 1060 1751 1100 quae

123 1132 233 1169 tales
249 1135 504 1181 procrearet
522 1129 699 1174 liberos,
718 1126 899 1164 mirifico
917 1125 1081 1163 affectu
1099 1136 1150 1162 ac
1166 1122 1419 1161 reuerentia
1436 1133 1541 1159 uere
1558 1119 1752 1158 christia-

123 1215 178 1240 na
198 1202 365 1240 animos
388 1204 716 1246 conuerterent,
742 1198 868 1248 eique
889 1196 1118 1234 dexteram
1136 1193 1276 1233 modis
1295 1193 1494 1232 omnibus
1511 1192 1553 1230 in
1576 1190 1750 1230 Christo

126 1273 312 1311 Domino
337 1273 606 1322 coniungere
628 1274 930 1320 peroptarent.

176 1356 214 1394 9.
274 1343 482 1382 Auditum
505 1348 572 1380 est
594 1341 708 1393 apud
729 1353 824 1387 nOS,
848 1339 979 1389 idque
1010 1350 1034 1375 a
1056 1337 1149 1375 uiro
1172 1335 1396 1387 fidedigno
1418 1336 1604 1373 relatum
1625 1335 1751 1374 intel-

125 1417 229 1467 ligo,
252 1422 352 1467 post
373 1414 698 1464 tyrnauiensem
721 1411 936 1462 synodum
959 1421 1117 1460 magno
1142 1420 1241 1446 esse
1269 1406 1311 1445 in
1332 1406 1492 1444 timore
1515 1406 1754 1446 Cassouiae

126 1488 390 1535 haereticos,
424 1485 541 1538 quod
572 1484 788 1523 audierint
822 1487 1000 1520 nostros
1031 1480 1240 1518 doctores
1270 1491 1358 1517 non
1389 1477 1755 1527 disputationibus

127 1559 258 1598 modo
281 1560 464 1610 publicis
495 1564 626 1608 atque
658 1554 960 1601 concionibus,
993 1554 1073 1592 sed
1103 1549 1274 1602 scriptis
1306 1550 1437 1589 etiam
1468 1550 1601 1597 libris,
1634 1561 1686 1587 ac
1713 1547 1756 1587 in

126 1632 267 1669 lucem
297 1630 469 1677 aeditis,
495 1629 726 1680 pestiferas
748 1626 1073 1665 haereticorum
1094 1625 1221 1662 huius
1250 1628 1429 1661 nostrae
1457 1621 1614 1660 aetatis
1634 1620 1756 1659 noui-

127 1708 242 1742 tates
268 1703 463 1741 breuiter
493 1702 818 1751 insequuturos.
844 1700 1040 1749 Pergunt
1070 1696 1209 1735 nostri
1240 1695 1449 1733 doctores
1479 1704 1603 1731 more
1624 1692 1754 1731 solito

128 1775 169 1812 in
190 1773 454 1812 lectionibus
474 1772 674 1824 publicis,
698 1784 805 1822 quas
832 1770 874 1808 in
901 1768 1189 1807 vniuersitate
1212 1766 1468 1804 doctissime
1488 1764 1610 1802 iuxta
1632 1768 1676 1801 et
1697 1762 1756 1800 di-

126 1844 415 1896 ligentissime
446 1843 723 1895 profitentur.
748 1840 873 1881 Vnde
902 1841 949 1878 fit
978 1840 1264 1890 plaerumque
1300 1840 1345 1874 ut
1380 1841 1631 1874 nostrorum
1667 1833 1757 1872 dili-

127 1917 320 1968 gentiam
353 1921 484 1966 atque
515 1914 758 1952 doctrinam
787 1912 1065 1962 professores
1093 1908 1266 1948 externi
1287 1909 1524 1954 intuentes,
1548 1906 1651 1944 nihil
1673 1918 1758 1943 ma-

129 1988 194 2039 gis
216 1986 373 2025 timere
403 1999 449 2024 se
481 1985 640 2033 dicant,
664 1997 791 2036 quarn
821 1996 877 2021 ne
908 1981 1139 2032 aliquando
1164 1981 1361 2030 regimen
1384 1978 1683 2016 vniuersitatis
1704 1977 1758 2015 ad

128 2064 325 2097 nostrum
348 2058 582 2108 collegium
604 2056 904 2094 transferatur.
930 2053 1019 2093 Sed
1041 2053 1096 2090 de
1117 2052 1183 2090 his
1205 2051 1309 2090 alias
1331 2050 1474 2097 latius,
1499 2060 1645 2100 spero.

186 2141 247 2168 10.
309 2131 528 2169 Caesarea
549 2128 754 2166 maiestas
781 2138 832 2164 ac
852 2125 976 2177 probi
1001 2137 1168 2171 omnes,
1193 2130 1280 2161 tam
1303 2121 1608 2167 ecclesiastici,
1632 2132 1759 2171 quam

130 2202 395 2249 saeculares,
419 2201 460 2238 in
482 2205 649 2238 tanturn
670 2199 765 2237 istis
790 2196 952 2236 nostris
974 2195 1210 2242 laboribus,
1235 2195 1330 2233 Deo
1362 2194 1469 2240 laus,
1493 2191 1757 2238 afficiuntur,

130 2279 177 2312 ut
196 2273 299 2311 nihil
321 2285 407 2311 non
431 2285 477 2310 se
508 2271 798 2322 praestituros
818 2270 862 2307 in
888 2269 1020 2307 rebus
1040 2267 1203 2306 nostris
1224 2265 1514 2317 polliceantur
1535 2276 1587 2301 ac
1608 2267 1759 2301 sancte

131 2346 385 2384 obseruent.
410 2345 519 2383 Cum
545 2348 725 2394 propter
757 2341 888 2380 calcis
918 2339 1203 2390 indigentiam
1226 2337 1473 2375 scholarum
1494 2333 1757 2380 aedificium,

129 2417 248 2468 quod
277 2428 415 2467 nuper
446 2415 555 2466 erigi
586 2420 791 2465 coeptum
824 2419 906 2460 est,
940 2410 1232 2450 differendum
1262 2414 1530 2460 putaremus,
1557 2411 1601 2444 et
1631 2417 1761 2444 causa

130 2488 349 2528 dilationis
376 2487 431 2525 ad
451 2498 579 2524 aures
601 2497 836 2524 caesareae
858 2483 1098 2523 maiestatis
1127 2494 1206 2532 per
1228 2492 1479 2532 supremum
1500 2477 1760 2516 mareschal-

131 2574 228 2600 cum
265 2564 383 2598 esset
417 2558 599 2609 perlata,
630 2557 731 2596 ilico
761 2556 988 2607 praefecto
1020 2554 1320 2593 aedificiorum
1354 2551 1408 2590 ad
1444 2563 1490 2589 se
1526 2547 1758 2595 accersito,

130 2632 254 2670 iussit
285 2636 332 2669 ut
360 2631 447 2668 hoc
479 2628 629 2667 ordine
661 2628 748 2666 suis
779 2627 1001 2678 dispositis
1031 2638 1103 2664 res
1132 2628 1306 2663 nostras
1349 2626 1537 2669 curaret,
1578 2621 1761 2672 primum

131 2702 351 2742 caesareis
367 2700 579 2749 aedificijs
596 2712 647 2737 ac
669 2698 980 2737 munitionibus
998 2696 1200 2743 ciuitatis,
1219 2700 1323 2747 post
1344 2693 1461 2745 regis
1483 2690 1762 2730 Maximiliani

130 2774 315 2826 palacio,
334 2772 532 2824 proxime
555 2783 662 2809 uero
680 2771 807 2808 nobis
828 2769 883 2807 de
906 2770 1025 2808 calce
1048 2767 1319 2819 prouideret,
1340 2761 1430 2804 turn
1454 2763 1644 2814 denique
1666 2762 1763 2800 reli-

130 2845 225 2897 quis
246 2843 511 2896 principibus
532 2855 583 2880 ac
603 2841 836 2888 nobilibus,
860 2839 933 2891 qui
949 2840 990 2878 in
1011 2840 1093 2877 hac
1114 2837 1344 2877 viennensi
1367 2836 1548 2875 ciuitate
1570 2845 1763 2872 commo-

179 2986 187 3004 ¹
242 2982 398 3027 Vena..
420 2979 621 3024 Aeneid.‚
641 2980 667 3016 1.
688 2978 738 3024 ΙΙ,
763 2979 792 3016 1.
