1908 3446
232 178 302 216 672
697 181 915 219 LITTERAE
941 182 1297 228 QUAmuMESTREs

929 391 1042 443 385

550 515 956 563 LUDOVICUS
990 516 1441 565 GERARDINUS

734 639 905 666 BIL10M0
934 629 948 665 l
977 639 1082 676 JuNII
1113 630 1202 667 1560
1230 632 1254 667 ¹.

181 729 212 765 1.
238 726 632 767 Sclzolasticoram
646 728 929 780 frequentia.
954 729 1236 770 Litterariae
1257 731 1615 772 exercitationes.
1656 734 1804 773 Bono-

257 806 362 832 rum
401 807 582 832 morum
622 794 849 834 cura—2.
889 795 1131 835 Societatis
1164 797 1331 835 notitia
1365 796 1670 849 diffunditur.
1708 799 1804 838 Col-

257 858 381 909 legia
413 873 440 897 a
470 859 651 899 civitate
682 861 996 900 mauriacensi
1023 865 1062 901 et
1089 863 1444 900 claromontana
1464 865 1804 914 expetuntur.—

254 923 293 962 3.
318 924 521 963 Admissi
542 925 587 963 in
619 924 903 966 Societatem.
938 927 1069 965 Nova
1104 929 1264 965 domus
1294 927 1499 967 celeriter
1529 930 1799 968 exstruitur.

255 988 666 1030 Sacramentorztm
680 991 904 1043 frequens
927 1005 1046 1031 usas.

232 1116 265 1143 1.
325 1108 353 1156 †
379 1106 468 1156 JhS.
495 1107 584 1144 Pax
606 1107 674 1144 Χ.ί
701 1112 786 1145 etc.
815 1105 1002 1153 [Scribit
1023 1120 1075 1145 ex
1097 1106 1411 1157 oboedientia]
1443 1108 1492 1146 T.
1527 1109 1573 1146 R.
1608 1108 1801 1146 Paterni-

175 1183 239 1215 tas
269 1189 324 1214 ex
352 1177 418 1215 his
448 1176 585 1215 literis
615 1177 891 1216 foeliciorem
922 1178 963 1216 in
987 1179 1095 1225 dies,
1120 1179 1216 1216 Deo
1241 1179 1342 1229 Opt.
1382 1179 1493 1217 Max.
1533 1183 1702 1227 autore,
1735 1192 1799 1217 16-

173 1261 266 1286 111111
288 1252 534 1286 nostrarum
566 1261 819 1287 successum
852 1256 1109 1300 cognoscat,
1143 1262 1286 1300 neque
1319 1250 1474 1288 minori
1506 1263 1609 1288 cura
1638 1262 1689 1288 ac
1710 1249 1799 1288 dili-

171 1320 321 1370 gentia
357 1332 408 1357 ea
444 1320 601 1367 omnia,
639 1333 748 1368 quae
785 1322 923 1358 nostri
960 1322 1150 1358 muneris
1171 1327 1285 1368 sunt,
1322 1321 1437 1358 tueri
1472 1333 1523 1359 ac
1556 1327 1796 1371 praestare,

170 1404 298 1442 quam
319 1392 372 1429 ab
394 1393 494 1429 hinc
516 1392 747 1429 triennium
769 1393 974 1431 inchoata
994 1393 1185 1431 fuerunt.
1212 1393 1309 1443 Qua
1330 1393 1371 1430 in
1393 1405 1439 1430 re
1461 1406 1548 1431 non
1570 1393 1799 1432 mediocri-

169 1470 236 1500 ter
256 1476 338 1502 nos
361 1464 559 1511 excitari,
582 1477 637 1502 ne
656 1464 796 1502 dicam
819 1465 981 1514 urgeri,
1005 1464 1191 1502 maxima
1213 1465 1576 1503 scholasticorum
1598 1465 1798 1516 frequen-

170 1535 227 1572 tia
249 1536 476 1582 sentimus3
508 1547 691 1586 quorum
714 1547 918 1573 numerus
941 1536 1026 1573 hoc
1047 1549 1159 1574 anno
1185 1548 1237 1574 eo
1262 1537 1416 1583 creuit,
1441 1542 1487 1574 ut
1514 1549 1601 1574 non
1622 1537 1797 1586 paucio·

169 1618 239 1643 res
262 1620 359 1644 esse
382 1607 531 1657 quinta
551 1606 594 1643 in
616 1606 771 1654 classe,
796 1619 923 1657 quam
954 1607 996 1644 in
1027 1608 1203 1658 reliquis
1224 1607 1414 1657 quinque
1445 1608 1632 1646 antehac
1663 1607 1795 1646 fuisse

169 1678 444 1728 exploratum
466 1679 718 1717 habeamus.
740 1679 802 1716 Ea
832 1679 946 1721 enim
978 1683 1045 1716 est
1069 1679 1260 1716 omnium
1282 1679 1583 1726 refertissima,
1606 1680 1648 1717 in
1670 1692 1795 1730 quam

169 1750 359 1788 omnium
390 1749 591 1788 classium
623 1750 875 1788 scholastici
906 1750 1144 1788 conuenire
1177 1750 1321 1788 solent
1353 1751 1528 1801 quoties
1559 1756 1632 1788 aut
1662 1751 1794 1788 lectio

167 1821 395 1860 doctrinae
418 1821 681 1859 christianae
708 1833 732 1857 a
763 1821 809 1859 P.
844 1822 1034 1859 Rectore
1065 1821 1350 1872 praelegitur,
1384 1827 1457 1859 aut
1490 1822 1628 1859 oratio
1662 1834 1685 1859 a
1713 1822 1794 1872 pri-

166 1893 311 1941 marijs
331 1891 534 1931 habenda
555 1898 637 1940 est,
657 1893 729 1943 qui
752 1891 942 1930 uicissim
958 1905 1045 1930 non
1062 1905 1213 1943 parum
1232 1894 1482 1931 inflammati
1503 1893 1590 1931 loci
1613 1894 1794 1931 celebri—

165 1970 254 2002 tate
286 1964 569 2003 declamitare
599 1964 758 2002 solent.
794 1966 904 2002 Dum
935 1965 1149 2011 nicolaea,
1182 1977 1261 2015 pro
1294 1977 1432 2012 more,
1457 1965 1655 2015 proxime
1680 1965 1792 2002 cele-

164 2037 341 2074 brarent
371 2042 398 2084 2,
435 2042 612 2087 praeter
650 2049 777 2087 quam
812 2037 930 2087 quod
965 2036 1138 2086 quidam
1175 2049 1327 2075 eorum
1362 2037 1474 2075 illius
1508 2037 1660 2075 laudes
1690 2038 1794 2075 satis

165 2109 295 2159 longa
326 2115 370 2147 et
393 2109 585 2159 eleganti
618 2109 817 2146 oratione
838 2114 1135 2159 prosequutus
1167 2109 1236 2155 sit3
1260 2121 1284 2146 a
1313 2114 1483 2158 septem
1505 2108 1601 2157 alijs
1631 2108 1792 2146 diuersi

164 2180 340 2230 generis
371 2179 562 2217 carmina
583 2180 767 2217 recitata
786 2179 912 2217 fuere
942 2191 1029 2216 non
1051 2180 1143 2217 sine
1166 2192 1323 2230 magna
1345 2179 1533 2217 omnium
1563 2180 1790 2230 uoluptate

162 2263 213 2289 ac
234 2251 457 2300 applausu,
488 2249 747 2300 interposita
777 2250 965 2288 musices
997 2250 1265 2300 repititione.
1290 2250 1413 2288 Aliae
1445 2250 1601 2289 solitae
1623 2251 1790 2288 schola-

162 2334 255 2359 rum
287 2321 631 2358 exercitationes
661 2332 749 2358 non
781 2321 1055 2368 omittuntur,
1087 2321 1129 2358 in
1164 2320 1400 2371 primisque
1423 2320 1548 2358 datur
1572 2333 1719 2371 opera,
1744 2328 1789 2358 ut

162 2397 206 2430 et
226 2390 269 2429 in
303 2392 439 2429 literis
472 2397 515 2429 et
545 2392 586 2429 in
617 2391 781 2442 pietate
804 2404 1064 2442 progressus
1086 2391 1205 2429 fiant.
1231 2391 1278 2429 In
1312 2404 1397 2442 quo
1430 2398 1665 2429 consuetas
1688 2404 1786 2430 con-

159 2463 376 2501 fessiones
396 2463 554 2514 primas
575 2467 745 2510 tenere,
771 2462 880 2512 quin
899 2463 919 2481 a
938 2475 1116 2513 prorsus
1138 2463 1426 2510 necessarias,
1460 2463 1603 2513 reipsa
1624 2475 1786 2514 cogno-

159 2535 318 2573 scimus
338 2534 373 2572 b.
406 2534 453 2571 In
483 2534 548 2572 his
579 2532 806 2572 audiendis
837 2533 1093 2583 confessarij
1126 2544 1148 2581 3
1181 2538 1466 2585 occupantur,
1490 2547 1675 2584 quorum
1699 2534 1784 2572 duo

203 2670 223 2690 a
272 2674 434 2711 etesse.
488 2671 553 2696 —b
574 2670 852 2716 cognossimus
870 2680 952 2707 ms.

204 2806 213 2825 ¹
266 2803 328 2841 Ex
346 2802 599 2849 autographo
617 2815 641 2840 a
660 2802 837 2840 Polaneo
856 2804 1082 2847 emendato,
1105 2804 1143 2839 in
1159 2804 1244 2840 eod.
1268 2803 1379 2840 Gall.
1406 2803 1470 2848 79,
1491 2803 1514 2840 2
1533 2803 1589 2848 ff„
1611 2815 1678 2839 nn.
1703 2803 1780 2848 119,

160 2865 237 2911 1203
257 2865 368 2912 prius
389 2863 455 2901 163
474 2863 585 2908 (315).

202 2925 215 2945 ²
264 2925 309 2962 In
329 2923 465 2961 multis
483 2924 581 2961 locis
599 2925 885 2962 celebrabatur
903 2925 966 2961 die
985 2937 1090 2961 nona
1110 2924 1211 2972 Maji
1229 2924 1441 2961 translatio
1460 2923 1534 2961 Sti.
1556 2924 1714 2961 Nicolai
1730 2924 1779 2960 de

157 2985 289 3033 Myra.
