1908 3446
501 149 786 187 Ala-PRAGA
812 151 831 187 4
860 149 1121 187 SEPTEMBRIS
1150 148 1240 186 1560
1568 148 1636 184 815

58 251 290 300 judeorum
313 252 443 290 etiam
466 254 700 303 praecipue
731 254 969 292 declarant.
1005 255 1129 300 Nam,
1157 258 1202 290 ut
1237 252 1292 290 de
1323 252 1426 289 solis
1456 251 1601 300 judeis
1624 251 1681 287 lo-

63 335 182 371 quar,
206 322 379 372 quando
403 324 609 361 sereniss.
635 324 837 375 principis
860 324 1063 362 mandato
1087 325 1220 362 libros
1243 335 1395 361 omnes
1424 323 1682 359 haebraicos

62 393 115 430 ad
136 406 215 431 nos
237 393 411 431 deferre
433 394 702 441 iuberentur,
727 409 812 445 quo
849 397 901 433 ab
925 396 1019 442 illis,
1044 395 1200 446 quibus
1222 398 1394 431 scatere
1417 392 1617 430 dicuntur
1641 394 1680 429 in

63 464 282 502 Christum
318 464 565 511 Dominum,
603 466 643 502 in
668 466 717 504 D.
755 467 979 516 Virginem
1017 471 1060 503 et
1095 466 1135 503 in
1172 463 1430 503 christianos
1466 464 1680 510 homines,

65 535 345 585 blasphemijs
366 535 436 573 hic
457 542 763 586 purgarentur3
783 536 904 585 judei
926 538 1154 587 plurimum
1176 536 1316 587 gauisi
1347 535 1516 585 sibique
1540 540 1683 585 gratu-

63 606 135 643 lati
159 611 272 652 sunt,
292 606 410 656 quod
432 607 527 644 libri
544 607 670 645 nobis
688 609 846 658 potius,
865 621 992 659 quam
1011 608 1105 657 alijs
1123 607 1369 658 corrigendi
1389 606 1682 644 traderentur.

63 675 185 714 Vnde
209 677 519 715 molestissime
549 679 741 715 tulerunt
772 679 889 728 quod
910 692 991 716 nos
1012 692 1035 716 a
1057 684 1178 717 tanto
1210 677 1534 729 purgandorum
1557 677 1684 715 libro-

61 761 154 786 rum
177 761 327 795 onere,
352 755 558 799 quantum
581 763 667 787 non
691 750 921 788 uidebatur
952 764 1081 801 posse
1115 749 1351 801 collegium
1382 754 1579 787 nostrum
1602 749 1683 787 iam

62 818 221 866 subire,
240 820 445 858 sereniss.
464 820 667 871 principis
685 834 904 859 consensu
922 829 939 846 ³
962 822 1307 860 liberauerimus.
1327 821 1493 859 Omitto
1511 821 1581 859 hic
1596 821 1686 870 plu-

61 889 268 928 rimorum
289 890 498 929 nobilium
521 892 783 930 hussitarum
806 893 1069 943 singularem
1092 905 1197 944 erga
1217 905 1298 931 nos
1319 892 1533 938 fauorem,
1557 903 1685 942 quem

62 962 255 1000 nonnulli
276 962 317 999 in
340 974 393 1000 eo
417 961 734 1010 demonstrant,
759 976 869 1013 quos
891 977 971 1002 nos
992 964 1045 1002 ad
1066 963 1245 1016 prandia
1266 965 1336 1002 uel
1354 963 1579 1001 familiaria
1600 963 1686 1000 col-

62 1032 208 1082 loquia
228 1045 535 1084 nonnunquam
558 1039 736 1081 uocent,
761 1034 830 1083 alij
855 1048 962 1073 uero
984 1036 1059 1085 (ex
1081 1035 1236 1086 quibus
1257 1035 1501 1085 primatem,
1534 1040 1581 1071 ut
1612 1046 1686 1071 uo-

63 1108 176 1150 cant,
202 1102 391 1142 ciuitatis
425 1105 652 1155 pragensis
687 1106 935 1143 nominasse
958 1107 1062 1144 satis
1092 1107 1217 1156 puto)
1240 1118 1286 1144 se
1308 1106 1428 1156 ipsos
1457 1105 1685 1154 omniaque

62 1186 140 1211 sua
159 1173 285 1212 nobis
306 1174 545 1212 liberaliter
569 1175 771 1223 offerant,
797 1182 841 1214 et
862 1189 973 1227 quae
994 1177 1184 1227 petimus
1205 1190 1283 1227 pro
1315 1189 1393 1215 sua
1412 1177 1619 1214 facultate
1642 1176 1686 1213 li-

62 1246 217 1283 benter
236 1250 477 1296 praestent.
502 1247 567 1286 De
591 1247 907 1286 catholicorum
929 1254 1075 1287 autem
1099 1261 1204 1300 erga
1224 1261 1303 1286 nos
1325 1248 1479 1286 fauore
1500 1247 1603 1285 nihil
1626 1253 1687 1285 at-

62 1315 170 1355 tinet
193 1317 402 1365 scribere,
427 1330 524 1356 cum
547 1320 590 1358 S.
615 1319 664 1358 C.
690 1319 746 1358 M.
772 1326 815 1357 et
837 1321 1042 1359 sereniss.
1067 1321 1305 1372 principem
1326 1326 1524 1358 nostrum
1545 1320 1610 1369 (ut
1632 1319 1686 1356 de

62 1388 157 1437 alijs
191 1389 381 1437 taceam)
416 1390 499 1427 iam
533 1403 620 1428 non
654 1390 851 1429 fautores
882 1397 1049 1430 tantum
1082 1393 1152 1430 uel
1183 1396 1407 1442 patronos,
1433 1391 1511 1429 sed
1540 1394 1687 1441 patres

63 1459 192 1498 etiam
215 1460 506 1511 experiamur.
531 1461 639 1499 Illud
662 1474 759 1499 cum
781 1462 901 1509 alias,
924 1466 1016 1500 tum
1038 1475 1176 1513 nuper
1196 1463 1428 1513 perspicue
1446 1461 1686 1500 declarauit

62 1531 267 1569 sereniss.
300 1531 518 1583 princepS‚
551 1533 724 1583 quando
756 1533 1025 1571 familiariter
1064 1539 1107 1571 et
1129 1533 1201 1572 diu
1225 1546 1321 1572 cum
1345 1534 1396 1571 R.
1428 1534 1474 1572 P.
1512 1534 1687 1571 Prouin-

63 1602 158 1640 ciali
194 1602 249 1640 de
285 1603 416 1641 rebus
450 1603 611 1641 nostris
648 1604 870 1642 conferret
898 1605 931 1652 b,
966 1610 1016 1659 et
1044 1617 1155 1656 quae
1187 1605 1433 1643 contulerat
1455 1611 1487 1651 0,
1519 1604 1611 1655 ipsa
1641 1616 1686 1641 re

61 1678 218 1723 postea
239 1673 258 1698 d
285 1673 519 1725 diligenter
548 1680 797 1725 exequutus
819 1683 853 1723 e;
871 1676 1077 1727 quodque
1097 1688 1194 1714 eum
1212 1675 1441 1726 postridie,
1461 1680 1686 1725 quantum·
1719 1694 1723 1698 .

62 1744 168 1782 libet
189 1745 457 1796 grauissimis
481 1751 719 1797 occupatus
740 1747 949 1798 negotijs,
985 1760 1061 1785 sua
1095 1752 1258 1798 sponte
1282 1752 1517 1786 reuocaret
1547 1745 1600 1784 ad
1622 1758 1685 1793 se,

65 1827 116 1853 ac
136 1815 388 1867 diligentius
425 1829 521 1855 cum
552 1817 645 1868 ipso
677 1817 731 1856 de
763 1818 894 1856 rebus
923 1818 1181 1869 quibusdam
1205 1818 1520 1856 secretioribus
1547 1817 1558 1841 f
1591 1830 1686 1868 per-

63 1892 287 1926 tractaret.

114 1969 152 2008 7.
211 1960 373 1997 Verum
395 1960 508 1998 inter
530 1961 641 1999 haec
663 1962 806 1999 omnia
835 1960 1069 2012 diligenter
1099 1962 1377 2000 nihilominus
1408 1967 1586 2000 nostrae
1623 1975 1686 2000 sa-

61 2029 160 2069 lutis
181 2029 459 2069 aduersarius
481 2031 705 2083 aduigilat,
724 2032 811 2070 imo
833 2038 1041 2083 quantum
1076 2038 1224 2084 potest
1246 2046 1323 2084 per
1346 2047 1449 2072 suos
1470 2041 1507 2081 eff,
1531 2034 1687 2084 quibus

61 2102 251 2140 abundat
275 2103 501 2149 Bohemia,
526 2103 754 2150 satellites,
779 2104 940 2142 Christi
962 2103 1058 2143 Dni.
1083 2117 1266 2155 regnum
1289 2105 1534 2144 disturbare
1555 2118 1607 2143 ac
1627 2105 1687 2143 di-

62 2174 258 2212 minuere
294 2174 468 2225 satagit.
495 2174 681 2224 Quidam
712 2176 826 2213 enim
858 2175 1189 2226 loquacissimus
1218 2177 1437 2226 parochus
1471 2178 1687 2215 bohemus

61 2244 175 2295 apud
196 2244 240 2283 S.
264 2245 502 2283 Henricum
524 2245 736 2296 gloriatur
759 2259 806 2284 se
828 2247 1002 2285 circiter
1026 2257 1102 2295 500
1123 2248 1366 2286 catholicos
1392 2249 1478 2286 hoc
1499 2261 1610 2286 anno
1633 2249 1686 2286 ab

63 2316 311 2354 orthodoxa
330 2317 546 2368 religione
569 2317 622 2355 ad
640 2318 908 2356 haereticam
926 2318 1152 2368 perfidiam
1172 2319 1418 2358 seduxisse.
1439 2320 1537 2358 Hoc
1558 2320 1592 2357 si
1614 2332 1687 2357 ue-

62 2401 155 2425 rum
179 2393 260 2435 est,
283 2388 402 2439 quod
424 2388 543 2426 Deus
565 2392 750 2435 auertat,
775 2394 898 2427 certe
920 2389 1046 2428 nobis
1067 2403 1154 2428 non
1173 2389 1350 2429 dolendi
1373 2390 1521 2438 modo,
1542 2390 1620 2430 sed
1643 2396 1686 2428 et

62 2464 214 2496 contra
234 2458 401 2496 nitendi
422 2460 636 2509 (quamuis
658 2460 874 2498 uoluntati
894 2460 1078 2499 facultas
1101 2462 1155 2499 sit
1176 2461 1330 2512 impar)
1351 2462 1540 2500 maxima
1565 2475 1687 2512 prae·

61 2530 191 2568 betur
213 2524 513 2581 occasio‚‘qu0
538 2535 580 2568 et
603 2536 751 2581 raptae
775 2531 935 2570 Christi
958 2545 1065 2570 oues
1083 2545 1162 2570 suo
1181 2534 1368 2571 Domino
1385 2533 1685 2580 restituantur,

62 2606 120 2648 et,
144 2614 254 2652 quae
276 2602 319 2640 in
339 2603 433 2652 ipso
457 2603 600 2641 adhuc
622 2603 724 2640 ouili
746 2602 927 2654 degunt,
952 2610 1290 2652 conseruentur3
1323 2611 1382 2652 et,
1407 2618 1517 2656 quae
1541 2606 1686 2644 multis

107 2775 126 2795 a
176 2775 329 2812 Praec.
350 2787 388 2812 v.
411 2778 456 2812 in
477 2786 616 2822 marg.
639 2776 733 2813 ead.
759 2787 911 2813 manu.
965 2779 1029 2803 —b
1069 2779 1249 2816 Videtur
1274 2779 1444 2816 emend.
1476 2791 1525 2816 ex
1551 2784 1685 2816 contu-

61 2835 167 2872 lerit.
221 2843 284 2861 —0
307 2835 495 2872 Obscure
525 2839 772 2872 exaratum.
828 2837 894 2862 —d
920 2843 1059 2883 postea
1091 2845 1230 2885 supra
1260 2850 1370 2876 vers.
1404 2839 1500 2876 ead.
1532 2851 1684 2885 manu,

60 2894 184 2931 delet.
205 2896 268 2932 sit.
322 2903 386 2920 —e
411 2895 599 2933 obscure
616 2900 863 2933 exaratum.
918 2897 974 2921 —f
1002 2897 1094 2944 Seq.
1116 2898 1198 2934 del.
1220 2909 1259 2936 v.
1280 2899 1396 2944 quod
1415 2898 1499 2943 legi
1524 2900 1684 2946 nequit.

63 2961 131 2987 —g
150 2954 262 2991 Zvv.
284 2960 426 3000 praec.
447 2960 584 3001 supra
604 2966 713 2992 vers.
