1908 3446
489 107 863 144 430.*P1„Aci‹;NJ·I.-x
899 108 939 144 16
965 106 1228 143 Sap-samnius
1259 103 1347 141 1560
1618 102 1687 138 «575

165 215 202 251 3.
264 204 474 242 Basilicae
495 205 882 251 cmistructionem,
918 210 963 242 vt
995 204 1097 241 alias
1129 200 1419 253 spcripsimus,
1453 206 1613 249 quanto
1639 200 1730 237 lieri

112 280 260 325 potest
282 275 426 313 studio
451 281 495 313 et
517 276 744 326 diligentia
764 276 1083 326 prosequimur3
1106 286 1217 325 quac
1236 273 1409 322 quidem
1432 284 1638 322 perquam
1663 285 1734 308 ve-

112 352 238 384 nusta
258 346 458 396 procedit
480 352 610 397 atque
635 348 828 397 elegans,
855 353 1008 397 estque
1032 345 1085 383 ad
1108 345 1295 383 ciuitatis
1330 343 1458 380 huius
1480 342 1731 392 capiendam

112 417 432 456 multitudinem
456 418 559 455 satis
582 419 735 468 ampla.
759 418 827 456 Ad
849 417 1224 468 quadragesimam
1247 427 1353 452 uero
1376 414 1565 451 futurum
1598 413 1734 450 credi-

112 501 220 534 mus,
244 493 291 525 vt
311 488 353 526 in
377 500 428 525 ea
448 501 571 526 sacra
593 490 888 536 celebrentur,
909 488 1234 537 concionesque
1265 485 1506 523 habeantur
1530 496 1625 522 cum
1651 496 1735 520 ma-

112 558 191 596 iori
226 559 372 609 populi
389 559 662 609 fraequentia
691 566 869 611 propter
900 560 983 598 loci
1015 557 1340 610 amplitudinem
1378 561 1421 593 et
1452 555 1736 593 commodita-

111 634 215 666 tem.
235 629 280 666 In
298 627 453 667 domus
471 630 601 668 etiam
623 631 823 670 aedificio
843 643 1030 681 semper,
1049 634 1254 679 quantum
1273 626 1390 673 licet,
1413 626 1733 677 progredimur,

113 699 155 736 id
177 699 363 738 maxime
387 706 654 751 spectantes,
679 708 725 739 vt
746 714 857 752 quae
880 701 1009 739 modo
1034 701 1293 745 conduntur,
1318 697 1581 736 constructis
1602 697 1733 747 prius,

112 783 223 821 quae
254 771 515 809 solidissima
551 778 673 810 erant
708 778 838 824 atque
874 772 1132 819 firmissima,
1170 774 1431 816 consonent3
1468 769 1601 806 satius
1638 780 1736 805 esse

112 842 412 881 existimantes
433 843 601 881 firmum
638 843 882 882 aedificium
904 844 1109 895 paulatim
1133 847 1355 889 extruere,
1387 852 1514 890 quam
1536 839 1736 877 instabile

112 926 209 951 cum
231 914 528 953 festinatione.
553 916 620 954 Fit
638 916 767 954 etiam
790 917 831 954 in
852 916 1059 966 impluuio
1079 916 1269 953 cisterna
1284 912 1513 965 quaedam,
1532 924 1644 962 quae
1662 911 1736 949 do-

112 986 394 1024 mesticorum
417 986 545 1025 saluti
568 987 648 1025 erit
672 986 1041 1034 commodissima3
1060 988 1179 1025 lente
1198 992 1343 1024 tamen
1363 984 1577 1036 pecuniae
1593 983 1738 1035 inopia

112 1057 152 1095 in
177 1070 228 1095 ea
244 1057 512 1108 proceditur.

166 1139 205 1177 4.
267 1129 490 1167 Prouisori
525 1130 589 1179 (ut
625 1131 804 1180 uocant)
839 1130 1114 1180 caeterisque
1152 1128 1345 1179 episcopi
1367 1127 1393 1175 ¹,
1417 1127 1487 1177 qui
1518 1127 1604 1164 huc
1632 1139 1736 1164 non·

113 1199 212 1237 dum
236 1198 430 1247 aduenit,
457 1201 715 1240 officialibus
737 1203 849 1253 grati
869 1202 1127 1252 acceptique
1150 1212 1314 1246 sumus3
1336 1211 1419 1237 nec
1440 1199 1579 1236 minus
1598 1198 1737 1235 eccle-

112 1271 200 1309 siae
223 1273 494 1322 proceribus.
529 1274 697 1312 Censor
728 1273 819 1323 ipse
852 1273 1178 1312 ecclesiasticus
1209 1272 1347 1309 Patris
1379 1270 1579 1308 Rectoris
1609 1281 1736 1306 suasu

115 1342 281 1390 effecit,
305 1348 351 1381 ut
372 1343 414 1380 in
435 1344 638 1394 primario
662 1345 824 1396 templo
847 1344 1064 1383 nonnullis
1094 1343 1218 1382 festis
1249 1342 1403 1380 diebus
1425 1341 1636 1379 maximae
1669 1353 1738 1378 ce-

114 1413 346 1460 lebritatis,
370 1414 526 1465 quibus
557 1415 795 1454 conciones
817 1416 968 1454 haberi
989 1428 1077 1453 non
1098 1415 1315 1459 solebant,
1340 1414 1598 1459 habeantur3
1621 1412 1739 1463 quod

113 1484 216 1523 licet
240 1486 457 1524 ecclesiae
481 1488 714 1537 optimates
744 1488 931 1526 moleste
965 1487 1121 1533 ferant,
1159 1498 1300 1537 aequo
1338 1491 1485 1524 tamen
1518 1484 1738 1535 patiuntur

113 1556 273 1603 animO,
298 1557 333 1595 si
353 1557 603 1596 huiusmodi
633 1558 787 1597 diebus
819 1560 949 1597 Pater
979 1559 1141 1596 Rector
1164 1558 1468 1603 concionetur3
1498 1555 1629 1606 idque
1659 1555 1737 1606 ipsi

115 1628 253 1678 palam
290 1627 496 1667 fatentur.
522 1630 736 1668 Primates
758 1631 889 1669 etiam
912 1630 1101 1668 ciuitatis
1123 1634 1221 1667 sunt
1244 1641 1349 1679 erga
1369 1640 1450 1666 nos
1470 1628 1584 1665 bene
1606 1626 1739 1664 affee-

114 1700 160 1747 1i‚
186 1700 481 1751 optimamque
503 1700 558 1739 de
575 1706 724 1740 nostra
741 1702 967 1740 Societate
987 1701 1236 1752 opinionem
1258 1700 1435 1746 habent,
1454 1711 1623 1749 nosque
1646 1710 1737 1736 sae-

117 1784 355 1822 penumero
379 1773 421 1809 in
443 1773 574 1811 rebus
596 1773 890 1824 spiritualibus
912 1773 1160 1819 consulunt3
1183 1772 1337 1823 quibus
1359 1785 1383 1810 a
1403 1770 1564 1809 nostris
1585 1770 1627 1808 in
1650 1782 1737 1807 om-

117 1843 243 1881 nibus
265 1842 468 1881 satisfieri
489 1844 618 1882 solet.
643 1844 853 1882 Dominus
874 1844 1057 1895 gratiam
1088 1844 1215 1882 nobis
1245 1843 1449 1894 dignetur
1480 1841 1667 1892 elargiri,
1691 1847 1738 1879 ut

115 1915 156 1952 in
176 1915 376 1953 omnibus
398 1915 714 1954 sanctissimam
737 1916 869 1966 ipsius
891 1917 1163 1955 voluntatem
1196 1923 1240 1954 et
1271 1927 1546 1967 cognoscere
1569 1921 1614 1952 et
1636 1925 1737 1952 exe-

114 1986 186 2036 qui
217 1987 456 2025 valeamus
489 1986 724 2025 Orationes
754 1999 805 2025 ac
834 1988 1047 2026 sacrificia
1077 1989 1124 2027 R.
1149 1989 1199 2027 T.
1225 1988 1663 2037 charissimorumque
1686 1986 1739 2023 is-

115 2057 199 2095 tius
223 2058 398 2108 collegij
424 2059 601 2096 Patrum
634 2070 686 2096 ac
705 2058 886 2097 fratrum
906 2060 1033 2097 nobis
1054 2059 1263 2110 impertiri
1294 2059 1514 2097 humiliter
1549 2057 1738 2108 postula-

118 2143 226 2167 mus.
252 2130 501 2167 Plazcntiae
536 2135 665 2168 sexto
702 2129 874 2169 decimo
911 2131 1114 2169 calendas
1149 2131 1355 2169 Octobris
1389 2143 1499 2168 anno
1528 2131 1638 2178 1560.
1674 2130 1738 2167 Ex

118 2200 429 2239 commissione
452 2201 593 2239 Patris
615 2201 830 2240 Rectoris.
864 2202 912 2240 R.
937 2203 986 2240 T.
1011 2203 1210 2240 minimus
1232 2204 1273 2240 in
1296 2203 1428 2242 Chro.
1459 2214 1628 2248 seruus,

1163 2307 1191 2355 †
1222 2305 1518 2342 FERDINANDUS
1548 2303 1575 2341 ².

195 2428 247 2466 In
267 2429 418 2467 eodem
431 2427 571 2479 folio.
596 2428 735 2479 Copia
754 2428 1083 2479 quadrimestris
1114 2430 1328 2480 epistolae
1361 2429 1535 2479 collegij
1567 2428 1736 2478 plazen-

116 2500 189 2538 tini
212 2499 373 2538 mensis
395 2499 668 2550 Septembris
689 2500 787 2550 annj
816 2502 929 2550 1560.

162 2669 171 2689 ¹
223 2668 369 2705 Petrus
389 2668 523 2705 Ponce
541 2667 590 2705 de
609 2667 725 2706 Leon
744 2673 785 2705 et
803 2668 1003 2707 Cordova.

161 2730 173 2748 ²
226 2728 331 2766 Vide
351 2741 388 2776 p.
409 2728 492 2774 403,
512 2733 649 2766 annot.
673 2729 706 2765 1.
