2095 3623
702 450 906 488 BREVIS
938 449 1175 489 NOTITIA

411 568 595 594 CODICUM
624 568 771 602 QUIBUS
802 568 842 594 IN
872 569 954 594 HOC
984 569 1194 594 VOLUMINE
1223 569 1289 595 USI
1320 569 1451 595 SUMUS

197 801 388 840 Codices
408 802 564 852 quibus
585 803 627 840 in
648 803 733 841 hoc
749 804 971 842 volumine
995 804 1060 841 usi
1078 818 1239 851 sumus,
1259 805 1391 844 iidem
1408 806 1503 845 fere
1521 813 1621 846 sunt
1639 820 1749 857 quos

115 874 158 912 in
179 874 465 925 praecedenti
482 874 570 913 vol.
594 875 729 925 Epist.
751 874 976 924 Quadrim.
1002 876 1320 925 usurpavimus,
1340 890 1539 929 quosque
1556 879 1753 918 breviter

116 945 362 996 descriptos
383 946 582 984 invenies
603 946 782 993 ibidem,
806 959 904 997 pag.
928 948 1005 996 967
1028 961 1120 999 sqq.

196 1019 434 1056 Praeterea
453 1016 519 1056 usi
540 1031 688 1055 sumus
710 1018 848 1056 tribus
870 1017 1111 1066 codicibus,
1136 1021 1207 1071 qui
1229 1027 1460 1059 servantur
1491 1023 1533 1060 in
1568 1023 1748 1062 archivo

116 1090 305 1128 civitatis
336 1089 603 1128 coloniensis
633 1089 930 1139 (Stadtarchiv
961 1091 1107 1140 Koln),
1143 1096 1186 1130 et
1216 1093 1276 1130 ita
1305 1098 1513 1132 notantur
1543 1093 1588 1133 J.
1622 1096 1679 1134 A.
1709 1095 1751 1143 93

114 1160 160 1200 J.
185 1162 243 1199 A.
267 1160 335 1209 203
355 1160 400 1200 J.
425 1161 467 1199 J.
493 1160 585 1200 723.
616 1162 806 1200 Primum
835 1162 1035 1200 codicem
1064 1162 1295 1214 descripsit
1323 1165 1497 1203 HANSEN
1523 1165 1566 1203 in
1595 1178 1748 1217 opere:

115 1232 385 1272 Rheinische
402 1233 546 1272 Aleten
565 1245 652 1271 zur
671 1232 934 1273 Gesclzichte
951 1235 1026 1273 des
1038 1234 1425 1283 Jesuitenordens,
1450 1249 1549 1288 pag.
1572 1238 1749 1286 XXVII,

114 1320 156 1345 n.
189 1305 210 1327 ³⁸
238 1306 328 1355 (11);
360 1306 544 1343 alterum
576 1305 777 1344 codicem
808 1305 1040 1357 descripsit
1074 1307 1191 1346 idem
1222 1313 1391 1356 auctor,
1424 1322 1524 1360 pag.
1548 1310 1745 1358 XXVIII,

114 1392 156 1416 n.
194 1377 214 1399 '³‘
249 1378 357 1427 (VI).
394 1377 569 1415 Tertius
605 1377 748 1416 codex
784 1376 849 1428 (J.
884 1376 929 1416 J.
968 1377 1071 1429 723)
1101 1380 1213 1418 hanc
1251 1380 1384 1418 habet
1425 1386 1654 1420 externam
1689 1382 1752 1420 in-

116 1444 414 1500 scriptionem:
442 1448 743 1499 «Ausw'artige
759 1449 973 1499 Jesuiten.
1000 1450 1206 1488 Berichte
1224 1464 1300 1489 aus
1321 1452 1625 1491 italianischen
1647 1454 1751 1493 Kol-

114 1521 302 1571 legien.»
328 1522 373 1558 In
395 1525 486 1558 tres
506 1525 654 1571 partes
677 1521 899 1559 dividitur:
924 1521 954 1559 I.
981 1522 1103 1560 Rom.
1133 1531 1374 1572 1553-15743
1398 1525 1450 1563 II.
1484 1526 1639 1576 tibrige
1668 1526 1750 1565 ita-

114 1591 216 1630 lien.
240 1592 414 1642 Kolleg.
445 1592 684 1640 1546-15723
708 1593 779 1630 III.
805 1592 981 1631 Sicilien
1003 1593 1089 1631 und
1111 1594 1341 1633 Sardinien
1367 1604 1607 1646 1547-1571.

196 1663 391 1702 Tandem
414 1664 479 1701 usi
501 1676 649 1701 sumus
671 1663 802 1701 etiam
823 1664 888 1701 his
911 1663 1152 1712 codicibus,
1177 1666 1249 1716 qui
1270 1672 1370 1704 sunt
1391 1679 1529 1718 penes
1551 1669 1749 1708 Societa-

115 1740 206 1774 tem
223 1738 340 1787 Jesu:

196 1806 312 1858 Epp.
336 1806 434 1847 NN.
460 1805 551 1845 103.
585 1807 795 1846 Continet
818 1806 1023 1858 epistolas
1046 1809 1095 1846 Β.
1120 1809 1276 1860 Ignatii
1297 1809 1352 1848 de
1374 1811 1604 1851 Azevedo.

196 1877 320 1918 Gall.
344 1877 409 1916 61.
434 1879 643 1927 (Monum.
670 1877 782 1916 Hist.
811 1879 1068 1929 1565-1604).
1094 1881 1140 1917 111
1161 1881 1309 1930 primis
1335 1882 1381 1920 ff.
1411 1883 1633 1921 invenitur
1661 1884 1750 1935 epi-

115 1951 229 1989 stola
249 1949 579 2000 quadrimestris
599 1949 654 1987 ad
676 1962 835 1988 annum
860 1958 959 1999 1559
979 1952 1218 2001 pertinens.

195 2021 359 2061 Germ.
384 2020 470 2060 187.
502 2021 711 2060 Continet
733 2022 941 2072 epistolas
972 2022 1315 2072 quadrimestres
1346 2025 1612 2065 Germaniae
1647 2027 1749 2066 anni

120 2103 232 2144 1559·

196 2164 329 2216 Hisp.
354 2164 422 2203 97.
446 2165 656 2203 Continet
675 2165 799 2215 epist.
821 2178 877 2203 ex
894 2165 1101 2215 Hispania
1119 2167 1299 2205 Romam
1321 2168 1473 2207 missas
1490 2181 1604 2208 anno
1627 2171 1744 2219 1560.

196 2237 330 2287 Hisp.
352 2235 424 2274 99.
450 2237 659 2276 Continet
681 2236 807 2286 epist.
833 2236 1067 2286 Hispaniae
1091 2238 1190 2275 anni
1216 2238 1330 2286 1562.

194 2302 318 2361 Hist.
338 2301 448 2341 Soc.
472 2301 537 2340 41.
562 2301 817 2351 (Societatis
840 2307 979 2340 status
1001 2308 1045 2340 et
1066 2316 1274 2342 numerus
1310 2305 1442 2355 1574).
1476 2307 1555 2344 Est
1586 2308 1749 2346 catalo-

116 2388 197 2427 gus
218 2363 450 2412 universae
473 2374 709 2412 Societatis
736 2379 836 2424 post
866 2374 1131 2412 electionem
1162 2376 1208 2413 P.
1244 2376 1456 2415 Everardi
1488 2378 1751 2418 Mercuriani

119 2446 418 2484 concinnatus.

195 2510 297 2550 Ital.
323 2510 410 2558 114,
435 2509 518 2557 115,
544 2509 618 2548 116
639 2511 865 2548 continent
889 2511 1095 2561 epistolas
1118 2512 1266 2550 Italiae
1289 2525 1386 2550 ann.
1416 2515 1656 2563 1559-1560.

196 2580 303 2620 Ital.
328 2580 413 2628 118,
439 2580 510 2618 119
528 2581 754 2619 continent
773 2581 899 2632 epist.
919 2582 1069 2619 Italiae
1089 2582 1141 2620 ad
1158 2595 1317 2621 annum
1339 2584 1434 2632 1561
1455 2585 1745 2634 pertinentes.

197 2653 310 2692 Lus.
333 2652 405 2692 64.
439 2653 647 2692 Continet
678 2653 887 2703 epistolas
917 2666 940 2691 e
972 2653 1193 2692 Lusitania
1222 2655 1404 2693 Romam
1436 2657 1590 2695 missas
1625 2659 1748 2697 annis

122 2733 359 2773 1570-1572.

197 2789 321 2828 Rom
341 2789 428 2828 781³
444 2820 452 2828 .
486 2791 563 2828 Est
585 2790 791 2828 collectio
812 2790 1054 2841 priscorum
1078 2791 1379 2842 catalogorum
1400 2793 1655 2842 provinciae
1678 2808 1749 2833 ro-

120 2874 271 2899 manae
294 2866 338 2899 et
359 2861 541 2900 tusciae.

199 2931 332 2972 Rom.
356 2931 448 2971 169.
472 2933 676 2984 Register
697 2933 965 2971 novitiorum
987 2945 1266 2972 romanorum
1292 2935 1533 2983 1556-1668.

199 3002 337 3042 Sard.
355 3002 395 3042 3.
419 3003 637 3042 Collectio
654 3004 896 3054 priscorum
914 3005 1217 3056 catalogorum
1232 3007 1487 3056 provinciae
1505 3007 1749 3048 Sardiniae.

199 3073 375 3112 Venet.
399 3072 470 3113 36.
492 3074 732 3126 Catalogus
752 3075 1007 3127 provinciae
1029 3076 1365 3127 Longobardiae
1387 3078 1486 3115 anni
1512 3088 1625 3127 1573.
