1908 3446
203 270 272 306 952
661 267 880 304 LITTERAE
911 267 1265 312 QUADmMEsmEs

156 371 233 409 nisi
266 373 526 410 haereticus.
562 372 753 409 Tandem
787 371 925 407 bonus
946 370 1017 406 ille
1050 370 1178 406 Pater
1209 369 1503 408 innocentiam
1540 383 1658 408 suam
1689 371 1774 409 hoc

156 444 339 481 maximo
370 448 628 493 argumento
653 441 847 479 defendit
876 453 926 478 ac
949 440 1244 487 conseruauit,
1268 442 1385 491 quod
1415 454 1565 480 secum
1591 442 1774 481 haberet

156 515 308 551 multas
340 514 549 564 imagines
582 519 845 558 sanctorum,
880 511 1043 549 rosaria
1075 516 1120 549 et
1151 517 1332 550 coetera
1362 512 1403 550 id
1438 525 1587 563 genus,
1620 513 1774 563 quibus

154 584 367 622 lutherani
388 598 474 622 non
497 585 728 622 admodum
755 583 923 621 onerari
947 583 1091 621 solent
1113 583 1153 620 in
1178 583 1391 621 obeundis
1411 584 1639 622 itineribus
1670 585 1771 624 suis.

154 658 266 695 Octo
290 662 433 694 tamen
462 655 554 693 dies
576 656 766 693 inclusus
798 655 853 703 ibj
878 653 1126 704 permansit,
1148 660 1221 692 aut
1251 654 1447 705 amplius,
1472 655 1642 694 illorum
1671 669 1774 707 poe-

154 740 228 764 nas
249 727 435 765 fortasse
466 727 641 766 luendo,
667 727 737 775 qui
759 739 845 763 non
872 726 931 763 ita
960 726 1096 763 multo
1118 730 1218 763 ante
1240 725 1402 763 ibidem
1424 726 1598 777 impune
1620 729 1774 765 tumul-

152 801 241 835 tum
282 798 597 835 excitauerant.
636 796 830 835 Tandem
872 795 1099 834 exordium
1139 809 1283 834 rerum
1322 802 1567 835 nostrarum
1608 798 1649 835 in
1689 798 1775 836 hoc

155 867 312 919 oppido
335 869 510 906 ductum
535 873 600 906 est
623 880 646 905 a
668 868 952 905 concionibus
975 867 1114 905 Patris
1131 868 1198 919 Jo.
1222 866 1445 917 Peletarij,
1470 869 1656 906 rectoris
1676 882 1774 907 nos-

154 939 223 988 trj,
247 940 317 989 qui
340 940 475 977 multo
499 945 597 977 ante
620 938 729 976 alios
759 939 1023 989 praemissus
1053 951 1078 976 a
1098 943 1141 976 te
1163 938 1319 984 fuerat,
1346 939 1606 977 Reuerende
1629 940 1773 978 Pater:

153 1011 250 1049 illae
273 1024 378 1049 uero
402 1011 639 1049 conciones
664 1009 805 1058 obuijs
828 1010 937 1048 ulnis
959 1016 1175 1060 exceptae
1198 1016 1297 1048 sunt
1318 1023 1343 1049 a
1362 1011 1523 1062 populo
1545 1012 1672 1062 plane
1694 1012 1775 1050 iam

152 1087 332 1120 nutante
355 1082 587 1133 multisque
613 1082 888 1133 opinionibus
910 1081 1119 1120 distracto
1142 1094 1194 1120 ac
1216 1088 1391 1120 uexato.
1412 1083 1512 1121 Non
1544 1083 1776 1121 defuerunt

153 1154 323 1191 interim
345 1154 415 1203 qui
438 1154 570 1191 diuini
593 1154 717 1192 verbi
739 1166 790 1191 ac
811 1153 1009 1192 veritatis
1031 1154 1276 1192 catholicae
1297 1154 1552 1205 integritate
1587 1155 1776 1205 permoti

154 1237 325 1262 errores
348 1224 660 1275 deposuerunt,
681 1225 959 1275 animumque
982 1225 1035 1263 ad
1066 1225 1182 1263 uitae
1213 1224 1399 1276 purioris
1432 1226 1577 1264 officia
1606 1227 1777 1265 adiece-

153 1301 264 1334 runt.
287 1297 397 1334 Hinc
421 1301 464 1334 et
487 1298 582 1334 Deo
613 1297 754 1335 honor
776 1304 808 1340 a,
835 1302 878 1334 et
901 1297 1230 1348 SocietatiJesu
1253 1298 1418 1348 gratiae
1441 1297 1638 1336 redditae
1661 1303 1774 1337 sunt.

154 1368 188 1405 Α
205 1368 451 1419 plaerisque
473 1368 646 1407 interim
669 1368 888 1408 uariorum
913 1368 1110 1407 ordinum
1141 1369 1365 1407 monachis
1392 1369 1534 1407 acrius
1563 1371 1777 1421 populari-

152 1441 231 1477 bus
249 1441 468 1478 erroribus
484 1441 707 1491 prouideri
724 1446 931 1491 coeptum
951 1446 1032 1479 est.
1054 1439 1339 1480 Collaudatus
1358 1441 1488 1479 etiam
1506 1442 1559 1480 ab
1579 1442 1778 1480 omnibus

904 1512 928 1559 ¹,
961 1512 1033 1563 qui
1066 1510 1109 1550 in
1139 1525 1258 1550 suam
1281 1511 1479 1551 diocesin
1508 1513 1528 1538 b
1564 1513 1778 1552 eiusmodi

154 1512 415 1562 amplissime
451 1516 603 1549 noster
635 1512 866 1563 episcopus

154 1583 376 1633 operarios
399 1583 674 1621 destinasset.
698 1584 862 1622 Omnes
884 1596 1084 1635 magnam
1106 1596 1227 1634 spem
1249 1583 1334 1622 iam
1355 1584 1456 1622 inde
1479 1589 1778 1636 conceperunt

151 1655 469 1704 propulsandae
491 1654 729 1693 haereseos
761 1668 815 1693 ex
846 1654 929 1693 ista
950 1655 1209 1706 Aquitaniae
1238 1660 1362 1706 parte
1386 1668 1519 1706 opera
1539 1657 1778 1707 laboreque

153 1725 387 1763 Societatis
404 1726 521 1776 Jesu.
545 1725 655 1764 Cum
677 1739 784 1764 uero
807 1726 876 1775 alij
902 1726 1033 1764 etiam
1055 1727 1209 1764 Patres
1229 1727 1512 1777 appulissent,
1536 1727 1579 1765 in
1600 1727 1778 1766 finitima

152 1796 248 1834 loca
270 1796 557 1839 uehementer
588 1797 728 1848 rogati
750 1798 937 1848 profecti
969 1802 1082 1843 sunt,
1116 1797 1189 1835 ubi
1218 1810 1376 1848 magno
1397 1798 1613 1837 bonorum
1634 1799 1778 1837 fructu

152 1879 203 1905 ac
224 1868 527 1906 consolatione
558 1869 835 1920 euangelium
858 1869 1210 1917 disseminarunt3
1235 1869 1376 1908 obiter
1393 1874 1539 1909 tamen
1570 1871 1612 1909 id
1633 1877 1777 1910 actum

154 1942 219 1976 est
242 1951 377 1989 usque
399 1939 453 1977 ad
474 1940 679 1978 calendas
700 1941 981 1980 nouembres.

205 2020 242 2048 2.
302 2011 410 2048 Tum
434 2011 547 2049 enim
578 2012 751 2050 scholas
772 2013 1020 2064 aperuimus
1050 2013 1314 2066 publiceque
1346 2016 1547 2065 exposita
1567 2020 1636 2054 est
1666 2015 1776 2053 ratio

153 2093 303 2119 eorum
338 2094 448 2132 quae
485 2083 695 2133 explicari
728 2085 1002 2135 proponique
1038 2085 1255 2134 iuuentutj
1293 2085 1529 2125 debebant.
1568 2085 1632 2125 Ac
1666 2099 1720 2124 ne
1754 2099 1779 2124 a

153 2153 343 2190 coeteris
364 2154 525 2192 nostris
548 2155 749 2206 collegijs
771 2156 1158 2207 degeneraremus,
1182 2155 1450 2195 assertiones
1471 2158 1778 2209 proposuimus

151 2222 489 2274 philosophicas,
514 2226 728 2264 oratorias
749 2232 879 2277 atque
904 2228 1050 2275 etiam,
1075 2229 1107 2266 si
1130 2229 1290 2279 placet,
1314 2230 1634 2280 grammaticas,
1655 2235 1776 2268 tanto

152 2293 316 2343 plaebis
342 2307 392 2333 ac
414 2296 532 2347 uulgi
555 2308 786 2345 concursu,
810 2303 856 2335 ut
878 2298 1031 2337 mirum
1055 2305 1188 2346 esset,
1212 2304 1333 2338 tanta
1353 2300 1626 2338 literatorum
1646 2300 1777 2338 admi-

153 2358 336 2413 ratione,
370 2372 416 2404 vt
448 2379 599 2406 eorum
630 2381 761 2407 nemo
794 2370 863 2407 uel
894 2370 1086 2408 uoluerit
1116 2371 1186 2408 uel
1217 2383 1349 2410 ausus
1376 2371 1507 2409 fuerit
1538 2371 1774 2423 disputare.

151 2435 300 2485 Itaque
331 2450 384 2475 ne
415 2439 599 2489 populus
637 2453 813 2491 operam
844 2455 964 2480 suam
984 2442 1248 2493 perdidisset
1271 2443 1593 2492 conueniendo,
1626 2443 1778 2482 habuit

155 2507 397 2546 orationem
432 2510 606 2548 latinam
645 2510 817 2562 quidam
852 2512 985 2551 frater
1019 2519 1186 2561 noster,
1226 2528 1314 2553 non
1353 2515 1648 2566 inelegantem
1690 2528 1776 2554 om-

152 2578 252 2615 nino
288 2592 430 2630 neque
464 2581 705 2630 indoctam,
743 2596 854 2633 quae
896 2585 1062 2624 maiore
1098 2586 1272 2624 silentio
1302 2591 1488 2637 excepta
1521 2592 1608 2634 est,
1650 2599 1775 2636 quam

152 2647 305 2687 fuisset
326 2650 606 2701 disputatum.
631 2654 821 2692 Ventum
844 2660 911 2693 est
931 2655 1143 2706 postridie
1162 2657 1255 2695 eius
1273 2656 1361 2695 diei
1380 2657 1434 2695 ad
1453 2657 1671 2696 lectiones
1694 2657 1777 2695 dis-

152 2719 324 2758 tributis
353 2721 472 2760 libris
506 2723 547 2761 in
579 2737 681 2762 suos
714 2725 906 2773 ordines3
934 2726 1147 2778 initioque
1178 2741 1298 2766 suam
1319 2727 1592 2767 dialecticam
1622 2729 1776 2779 magis-

152 2795 218 2827 ter
249 2791 464 2842 Rogerius
486 2795 678 2846 eleganti
701 2796 899 2836 oratione
928 2799 1113 2846 ornauit,
1145 2800 1424 2851 coeterisque
1445 2800 1531 2838 hoc
1562 2812 1671 2838 onus
1700 2799 1776 2838 ho-

198 2926 218 2946 a
267 2929 392 2966 honor
409 2934 547 2976 supra
565 2941 675 2968 vers.
732 2934 797 2959 —b
818 2932 1004 2971 Emend.
1026 2944 1078 2972 ex
1095 2933 1312 2973 dioecesin.

201 3075 210 3093 ¹
264 3073 470 3114 Robertus
488 3076 538 3113 de
557 3076 739 3115 Pelleve.
