1908 3446
242 183 288 219 94
703 183 920 220 LITTERAE
947 184 1302 229 QUADRIMESTRES

248 296 311 323 21.
373 286 504 324 Multa
524 287 594 325 hic
624 287 678 324 de
708 287 928 338 discipulis
959 286 1205 324 annotanda
1239 286 1398 329 forent,
1437 286 1508 334 qui
1545 286 1627 323 etsi
1662 296 1821 336 graues

195 361 372 407 propter
406 362 651 395 nostrarum
683 358 926 397 scholarum
958 356 1355 407 frequentationem
1386 355 1720 406 persecutiones
1750 368 1820 406 pa-

193 426 368 474 tiantur,
395 433 437 465 et
460 429 685 479 stipendiis
709 429 837 466 etiam
861 429 947 466 suis
968 427 1126 478 priuari
1156 426 1338 464 subinde
1371 430 1582 474 metuant,
1617 432 1820 465 constan-

193 502 259 535 ter
289 497 566 537 nihilominus
603 501 680 537 sub
702 506 851 538 nostra
873 498 1097 549 disciplina
1117 503 1419 548 perseuerant.
1455 498 1589 536 Multa
1611 498 1742 536 etiam
1763 496 1819 536 de

193 574 368 606 nostrae
391 570 626 608 Societatis
648 570 836 612 deuotis,
861 570 932 620 qui
954 570 1065 607 inter
1085 569 1318 619 opprobria
1341 573 1384 606 et
1406 569 1581 607 iniurias
1603 568 1819 620 quotidia-

192 652 267 678 nas
298 641 528 679 inmobiles
558 643 770 680 hactenus
800 642 841 679 in
873 647 1022 679 sancto
1054 641 1281 691 proposito
1314 646 1617 691 perseuerant.
1655 642 1818 680 Verum

192 711 301 749 haec
321 713 655 763 praecipuorum
676 713 770 751 fere
794 719 859 750 est
882 713 1067 762 capitum
1091 724 1270 749 summa.
1295 711 1421 749 Faxit
1450 712 1818 750 clementissimus

191 783 243 821 D.
262 784 403 833 JesuS‚
429 790 476 821 vt
496 784 537 821 in
554 784 636 821 hac
657 796 801 822 messe
823 783 1084 834 amplissima
1114 781 1337 829 meliores,
1362 782 1561 821 vtiliores
1584 788 1627 820 et
1648 782 1816 830 fidelio-

191 867 261 892 res
283 855 399 892 serui
419 856 707 902 inueniamurf.
729 856 800 906 qui
824 856 952 893 etiam
972 855 1271 905 operariorum
1292 866 1520 892 numerum
1541 854 1708 893 infinita
1727 855 1815 906 pie-

189 930 280 963 tate
316 939 392 964 sua
426 926 467 964 in
508 926 600 964 dies
636 927 921 977 multiplicare
958 926 1174 977 dignetur.
1218 925 1390 972 [Preces
1419 926 1625 976 postulat
1663 928 1703 965 et
1741 940 1816 965 va-

190 990 373 1041 ledicit.)
1538 996 1540 999 ’

270 1063 465 1102 Viennae
486 1065 704 1111 Austriae‚
733 1075 780 1113 14
799 1064 1037 1111 Februarii,
1061 1064 1137 1102 A.⁰
1163 1072 1277 1113 1559.

267 1134 329 1171 Ex
354 1134 662 1174 commissione
685 1136 731 1173 R.
757 1136 803 1173 Ρ.
828 1134 1013 1172 rectoris
1037 1134 1060 1173 ¹.
1086 1135 1135 1172 V.
1162 1136 1209 1172 R.
1234 1134 1346 1172 filius
1367 1133 1410 1171 in
1433 1134 1624 1181 Christo,

1118 1225 1419 1263 THEonomcns
1452 1225 1649 1262 CANISIUs
1680 1230 1707 1264 ².

269 1309 420 1347 Manet
441 1312 674 1362 integrum
697 1310 923 1362 sigillum.

266 1380 373 1418 Alia
394 1394 550 1420 manu.
576 1380 776 1420 Mandata
797 1394 821 1419 a
842 1381 1012 1432 Napoli,
1038 1387 1141 1427 etc.,
1167 1382 1345 1419 Loreto.

942 1577 1054 1628 243

591 1719 1017 1779 JOANNES
1073 1720 1394 1767 BRAVO

656 1860 874 1888 COMPLUTO
908 1850 953 1887 24
987 1861 1134 1888 MARTn
1174 1851 1264 1888 1559
1303 1852 1330 1889 ⁸.

178 1969 214 2007 1.
240 1969 304 2008 De
324 1969 556 2008 sociorum
577 1969 945 2009 valetudine-2.
972 1971 1036 2010 De
1065 1971 1354 2010 scholasticis
1388 1971 1808 2011 exercitationibus.

260 2034 395 2072 Multi
425 2033 694 2074 Societatem
724 2035 939 2087 ingressi,
974 2049 1170 2086 quoram
1195 2038 1352 2087 plures
1374 2036 1590 2087 discipuli
1610 2037 1659 2075 P.
1684 2037 1812 2076 Petri

258 2098 576 2140 Samma—3.
601 2101 666 2140 De
687 2101 922 2141 doctrinae
951 2102 1234 2141 christianae
1262 2101 1720 2153 explicatione—45.
1747 2103 1812 2142 De

260 2166 597 2217 confessionum
624 2166 908 2217 frequentia,
947 2169 986 2206 et
1022 2170 1072 2207 de
1109 2168 1217 2206 aliis
1253 2167 1525 2207 ministeriis
1560 2181 1676 2220 erga
1705 2171 1811 2219 pro-

258 2245 422 2272 ximos.
1537 2244 1540 2247 ⁴

236 2370 269 2397 1.
328 2361 356 2409 †
381 2359 470 2410 Jhs.
496 2358 596 2408 Muy
618 2358 726 2397 Rdo.
759 2359 830 2396 pp
850 2372 948 2399 nro.
973 2371 1027 2398 en
1055 2361 1166 2411 Xpo.
1193 2361 1281 2398 Pax
1317 2360 1493 2399 Christi.
1530 2359 1736 2412 [Brevem
1765 2373 1810 2398 se

178 2429 391 2478 futuram
412 2428 552 2478 dicia]
577 2429 642 2467 De
666 2429 787 2467 salud
808 2431 1007 2480 corporal
1025 2435 1216 2469 estamos
1235 2430 1366 2470 todos
1383 2432 1569 2479 buenos,
1589 2445 1615 2481 y
1632 2431 1697 2469 los
1719 2443 1804 2482 que

176 2502 259 2540 han
282 2500 434 2539 estado
458 2500 678 2538 enfermos
699 2506 824 2539 antes
845 2499 900 2538 de
921 2514 1072 2552 agora,
1095 2502 1180 2539 han
1203 2502 1296 2540 sido
1319 2515 1590 2553 muypocos,
1616 2516 1643 2553 y
1659 2501 1714 2541 de
1733 2515 1807 2540 en-

175 2571 454 2610 fermedades
476 2571 672 2609 liuianaS.

226 2653 264 2681 2.
323 2642 387 2680 En
409 2642 448 2680 el
472 2641 691 2680 exercicio
714 2641 769 2679 de
790 2643 856 2680 los
879 2641 1074 2680 estudios
1105 2655 1152 2680 se
1179 2644 1234 2680 ha
1254 2642 1495 2693 procedido
1519 2656 1603 2682 con
1625 2643 1807 2693 diligen-
1875 2679 1880 2684 .

221 2794 231 2813 ¹
283 2791 329 2829 P.
343 2791 523 2839 Joannes
543 2791 593 2828 de
614 2791 811 2828 Victoria.

217 2851 230 2871 ²
279 2849 388 2888 Vide
410 2850 509 2888 Litt.
530 2849 784 2897 Quadrim..
808 2848 863 2895 V,
883 2849 955 2888 869
971 2852 998 2887 ¹.

217 2911 230 2931 ⁸
280 2909 342 2947 Ex
359 2909 611 2957 autographo
628 2909 669 2946 in
688 2909 773 2946 cod.
795 2908 922 2956 Hz'sp.
945 2908 1013 2954 96,
1033 2909 1056 2945 2
1072 2908 1131 2954 ff.,
1152 2922 1219 2947 nn.
1238 2909 1321 2955 292,
1341 2910 1424 2958 293;
1445 2912 1559 2959 prius
1573 2911 1657 2950 552.
1681 2910 1805 2948 Plura

171 2983 221 3007 ex
237 2970 298 3008 his
315 2969 580 3007 inveniuntur
598 2969 719 3007 etiarn
738 2969 778 3006 in
797 2969 877 3007 alia
897 2968 1012 3016 epist.
1033 2968 1214 3017 ejusdem
1235 2971 1413 3008 auctoris
1432 2970 1474 3008 in
1493 2970 1566 3009 fol.
1585 2970 1667 3009 284.
