1908 3446
564 212 861 251 401.-OCAN1A
890 214 913 251 6
941 215 1132 253 Aucusn
1162 215 1252 252 1500
1595 217 1671 255 ⁴723

140 321 177 358 3.
238 313 353 351 Inter
385 314 674 353 scholasticos
696 316 908 355 habemus
938 318 1166 368 puerulum
1189 317 1421 367 quendam,
1455 323 1620 357 statura
1643 335 1715 371 pu-

87 383 241 430 sillum,
267 383 344 422 sed
380 386 571 423 coeteris
602 388 803 425 altiorem
836 395 879 426 et
912 390 1074 428 maiore
1107 390 1284 440 ingenio
1318 395 1361 426 et
1394 390 1638 429 eruditione
1673 400 1716 430 et

88 466 255 492 morum
284 455 554 506 integritate,
579 459 650 508 qui
682 464 827 497 tantos
849 460 955 498 fecit
976 460 1017 498 in
1052 461 1208 498 litteris
1230 474 1507 511 progressus,
1533 470 1717 512 quantos

87 525 158 562 uix
181 525 282 563 mihi
304 527 550 576 persuadeo
574 529 758 567 alterum
780 530 938 570 fecisse
963 536 1049 569 tam
1078 532 1202 570 breui
1223 532 1436 582 temporis
1468 533 1715 581 interuallo,

85 595 156 645 qui
177 609 264 634 non
285 597 430 647 plures
462 600 620 637 aetatis
643 614 779 639 annos
801 603 855 640 sit
877 602 1116 653 ingressus,
1141 603 1223 641 Hic
1255 603 1367 641 enim
1392 616 1490 641 cum
1521 606 1711 643 nondum

88 666 305 705 decimum
337 681 495 707 annum
523 671 719 720 quintum
750 673 964 724 tetigerit,
988 672 1071 711 iarn
1094 679 1214 712 tanta
1243 674 1475 724 prudentia
1503 681 1713 727 tantoque

84 737 236 776 iuditio
261 744 327 777 est
348 741 586 790 praeditus,
611 756 661 781 ac
684 744 717 781 si
741 750 859 782 esset
882 744 945 783 uir
962 744 1004 783 in
1029 746 1247 783 constanti
1268 750 1416 784 aetate
1435 747 1714 786 constitutus.

85 809 252 857 Quibus
277 813 543 851 ornamentis
564 818 744 852 naturae
781 821 826 853 et
856 816 1011 854 summi
1038 816 1280 855 conditoris
1305 829 1386 867 ope
1409 817 1597 865 adiutus,
1622 832 1715 869 spa-

82 881 142 918 tio
166 881 322 920 decem
345 884 556 922 mensium
588 899 674 923 non
705 887 846 925 solum
865 889 1192 938 grammaticam
1224 895 1268 927 et
1299 889 1489 940 linguam
1522 891 1712 937 latinam,

82 952 218 990 ueluti
241 953 275 991 si
297 953 453 992 decem
475 968 612 994 annos
634 957 675 994 in
698 970 750 995 ea
770 958 1062 1008 perdiscenda
1085 965 1129 998 et
1151 960 1403 998 exercenda
1426 961 1715 1012 consumpsis-

83 1029 166 1070 set,
201 1030 267 1062 est
298 1025 352 1063 ad
384 1040 575 1077 unguem
608 1035 922 1079 consequutus,
956 1044 1108 1069 uerum
1141 1032 1273 1069 etiam
1305 1033 1454 1070 miram
1475 1034 1623 1084 poesis
1645 1047 1716 1071 co-

81 1094 322 1145 gnitionem
346 1102 390 1134 et
411 1099 703 1148 componendi
721 1101 912 1139 carmina
928 1102 1132 1140 eximiam
1150 1102 1463 1142 dexteritatem
1483 1108 1527 1141 et
1543 1117 1714 1155 promp-

82 1167 314 1205 titudinem
338 1173 403 1206 est
444 1169 645 1220 adeptus;
669 1171 747 1209 sed
768 1172 838 1210 hic
866 1186 954 1211 non
977 1174 1189 1213 constitit.
1214 1176 1309 1213 Hac
1346 1175 1475 1213 etiam
1506 1177 1715 1227 temporis

82 1239 410 1290 intercapedine
433 1243 760 1292 grammaticam
787 1257 992 1295 graecam
1024 1246 1105 1284 sibi
1127 1246 1462 1297 diligentissime
1495 1259 1713 1298 compara—

82 1310 158 1348 uit.
197 1311 280 1348 Hic
315 1325 412 1350 cum
448 1313 542 1362 alijs
578 1315 721 1352 multis
762 1316 1035 1355 scholasticis
1056 1317 1098 1355 in
1130 1317 1403 1357 Societatem
1435 1318 1605 1357 admitti
1642 1332 1713 1357 ex-

83 1387 219 1432 optat3
244 1396 396 1421 uerum
419 1397 515 1423 cum
538 1386 684 1424 multis
704 1387 928 1438 ingressus
949 1389 991 1426 in
1028 1389 1300 1428 Societatem
1324 1390 1511 1428 difficilis
1534 1403 1713 1429 conces-

79 1465 128 1490 su
155 1453 371 1502 uideatur,
396 1456 514 1494 beati
544 1457 764 1496 Francisci
786 1463 830 1497 et
862 1459 1079 1498 Dominici
1100 1461 1386 1512 religionibus
1418 1474 1464 1499 se
1488 1461 1713 1500 deuouent

80 1530 124 1562 et
155 1526 415 1576 astringunt.
450 1528 667 1566 Proximis
689 1528 844 1567 diebus
875 1536 1045 1581 septem
1077 1532 1332 1571 scholastici
1352 1532 1406 1570 ad
1436 1533 1584 1570 harum
1618 1534 1712 1571 reli-

78 1596 255 1646 gionum
278 1596 476 1636 instituta
498 1600 714 1638 seruanda
735 1601 899 1651 Spiritu
920 1602 1083 1641 Sancto
1106 1603 1243 1642 afflati
1265 1604 1330 1653 (ut
1348 1604 1569 1642 coniicere
1592 1605 1712 1654 licet)

79 1668 383 1717 conuolarunt,
408 1676 453 1708 et
474 1675 651 1710 nostrae
684 1671 886 1723 religioni
908 1673 994 1711 duo
1027 1678 1126 1712 sunt
1148 1676 1304 1722 relicti,
1329 1676 1401 1726 qui
1434 1681 1477 1714 et
1501 1675 1707 1713 eruditio-

77 1751 132 1776 ne
155 1744 199 1777 et
221 1739 396 1777 uirtutis
418 1740 740 1791 significatione
763 1744 955 1794 reliquos
984 1747 1264 1796 superabant.

128 1821 166 1858 4.
229 1810 372 1848 Multis
412 1811 543 1850 rebus
582 1813 923 1863 praetermissiS‚
966 1816 1052 1855 hoc
1091 1831 1222 1855 unum
1267 1819 1709 1868 praetermittendum

76 1892 162 1917 non
185 1893 364 1929 censeo,
389 1883 542 1921 Patres
566 1889 610 1921 et
631 1884 788 1923 fratres
810 1886 853 1924 in
884 1887 970 1926 hoc
992 1887 1182 1939 collegio
1207 1888 1425 1940 degentes
1446 1890 1709 1940 quatuorde-

75 1951 156 1988 cim
194 1964 307 1999 esse,
346 1958 391 1990 et
427 1966 594 2001 omneS,
634 1967 730 1994 cum
762 1958 959 2008 corporis
992 1959 1199 1997 continua
1230 1960 1586 2008 mortificatione,
1620 1967 1709 1999 tum

74 2022 315 2062 animorum
346 2025 579 2064 sanctitate
601 2027 644 2064 in
673 2029 1026 2079 praepositorum
1058 2030 1314 2070 obedientia
1337 2037 1380 2069 et
1402 2032 1588 2070 instituti
1609 2046 1708 2071 nos-

20 2105 22 2108 *
74 2095 128 2132 tri
151 2096 432 2134 obseruantia
454 2098 516 2136 sic
548 2112 633 2137 uno
666 2099 839 2140 uinculo
863 2102 1089 2141 charitatis
1106 2105 1328 2152 astrictos,
1363 2111 1407 2143 et
1439 2118 1524 2143 uno
1557 2106 1708 2155 spiritu

74 2166 364 2206 inflammatos
396 2174 440 2207 et
471 2171 718 2209 concitatos
751 2172 805 2210 ad
837 2186 1022 2224 superos
1051 2176 1308 2215 anhelantes
1341 2177 1630 2225 contendere,
1663 2184 1707 2215 ut

73 2249 225 2276 eorum
248 2238 357 2278 odor
380 2246 424 2278 et
447 2243 696 2292 exemplum
715 2257 854 2294 usque
872 2257 1044 2296 quaque
1078 2246 1283 2286 diffusum
1314 2248 1444 2287 facile
1477 2249 1704 2287 sentiatur.

73 2309 297 2349 Hactenus
318 2311 577 2350 incoluimus
601 2313 792 2362 domum,
813 2309 924 2366 quae
949 2330 1036 2355 non
1058 2319 1163 2357 satis
1185 2324 1285 2370 apta
1306 2319 1360 2357 ad
1391 2319 1578 2358 instituti
1608 2334 1706 2358 nos-

72 2381 127 2418 tri
148 2395 327 2421 munera
350 2383 555 2421 obeunda
576 2384 822 2434 uidebatur,
848 2391 1002 2438 utpote
1033 2389 1344 2440 aliquantulum
1367 2397 1539 2430 remota
1560 2404 1583 2429 a
1606 2404 1706 2429 con-

72 2464 200 2490 cursu
230 2454 366 2492 totius
395 2454 559 2505 populi.
584 2456 712 2494 Nunc
743 2470 850 2496 uero
882 2459 935 2497 ad
958 2460 1063 2498 alias
1094 2461 1230 2499 aedes
1261 2462 1564 2512 amplissimas,
1590 2468 1634 2500 et
1665 2463 1705 2500 in

69 2524 514 2573 praestantissimoeet
536 2530 762 2580 aptissimo
794 2531 894 2569 loco
928 2533 1208 2581 constitutas,
1231 2533 1559 2573 inhabitandum
1582 2546 1705 2573 acce-

71 2593 226 2643 dimus3
259 2597 331 2635 ubi
361 2604 594 2651 postquam
624 2603 834 2652 templum
864 2602 998 2642 fuerit
1027 2610 1241 2653 erectum,
1266 2605 1319 2644 ad
1341 2606 1445 2644 illud
1470 2606 1608 2644 omnis
1630 2619 1705 2656 po·

69 2667 208 2717 pulus,
234 2669 370 2707 ueluti
390 2670 433 2709 in
455 2672 600 2710 medio
625 2673 771 2724 oppidi
793 2675 1000 2723 locatum,
1026 2677 1235 2717 confluet.
1274 2677 1516 2726 [Valedicz't
1537 2679 1577 2717 et
1603 2680 1704 2727 pre-

70 2750 138 2777 ces
163 2741 400 2792 postulat.]
435 2742 626 2782 Ocaniae
665 2750 823 2784 octauo
860 2746 955 2784 idus
986 2747 1189 2799 Augusti,
1223 2762 1335 2789 anno
1368 2763 1392 2788 a
1423 2749 1598 2789 Christo
1632 2762 1703 2787 na-

69 2812 115 2847 to
142 2811 255 2859 1560.
280 2812 399 2851 Tuus
420 2814 462 2851 in
484 2816 596 2854 Dno.
623 2829 791 2864 seruus,

1358 2896 1523 2933 GARciA
1555 2902 1580 2932 ¹.

121 3032 130 3052 ¹
184 3032 246 3069 Cf.
268 3033 369 3071 Litt.
389 3035 639 3082 Quadrim.,
663 3037 716 3080 V,
736 3037 819 3083 796,
841 3046 978 3078 annot.
1001 3040 1037 3078 2.
