1908 3446
555 223 872 262 culfi-»Amnius
898 224 914 260 1
944 222 1189 260 DECEMssms
1219 221 1305 258 1560
1624 219 1689 256 951

878 449 991 499 446

500 592 552 637 P.
593 591 975 638 EDMUNDUS
1017 590 1368 639 AUGERIUS

609 734 775 760 APAMIIS
803 725 816 759 1
850 734 1083 760 DECEMBRlS
1111 723 1201 759 1560
1228 724 1251 760 ¹.

119 844 148 882 l.
200 842 452 882 Tarditatis
495 843 740 882 excusatio.
781 843 979 895 Collegii
1023 843 1174 882 initia.
1222 842 1464 882 Sociorum
1512 829 1741 882 n'mnerus.

198 910 247 947 P.
272 908 510 948 Pelletarit
530 909 760 948 contiones
781 912 883 948 ante
909 908 1138 948 sociorum
1170 908 1526 948 adventum-2.
1558 907 1744 947 Sollem-

196 974 269 1013 πίε
315 975 582 1013 scholarum
633 974 956 1026 inauguratio.
1000 974 1280 1014 thtterariae
1328 973 1742 1013 exercitationes.—

197 1039 278 1079 3-5.
306 1041 393 1079 PP.
419 1040 658 1079 Pelletarii
678 1044 716 1081 et
737 1040 918 1092 Augeri
938 1040 1169 1079 contiones
1191 1042 1408 1080 adventus
1430 1042 1468 1079 et
1486 1041 1744 1091 quadrage-

196 1105 340 1145 simae
362 1108 558 1157 tempore
578 1106 802 1157 Apamiis,
840 1105 993 1154 Fuxii,
1040 1107 1241 1154 Tolosae,
1271 1119 1517 1156 earumque
1536 1105 1742 1157 fructus.

198 1171 240 1210 6.
265 1172 351 1211 Res
371 1171 655 1212 domesticae.

176 1309 209 1336 1.
269 1300 297 1346 †
328 1299 416 1336 Pax
440 1298 601 1337 Christi
624 1303 709 1336 etc.
743 1298 903 1336 Rerum
933 1303 1180 1335 nostrarum
1203 1297 1417 1336 rationem
1441 1297 1644 1345 reddere,
1670 1299 1745 1335 Pa·

119 1369 184 1401 ter
214 1362 490 1410 Reuerende,
516 1364 663 1415 coegit
685 1377 765 1402 nos
795 1364 978 1414 primum
1011 1363 1286 1401 consuetudo
1320 1364 1483 1402 ordinis
1517 1364 1671 1410 nostri,
1704 1364 1746 1402 id

118 1441 200 1482 est,
234 1435 486 1482 Societatis‚
519 1435 678 1473 deinde
712 1435 852 1485 pudor
887 1435 1134 1473 nonnullus
1170 1435 1369 1473 Pudebat
1404 1434 1518 1473 enim
1553 1435 1746 1473 coeteris

117 1520 284 1554 aurum,
316 1519 527 1557 gemmas,
561 1511 790 1557 argentum
822 1506 993 1557 aliaque
1016 1506 1057 1544 id
1087 1519 1227 1557 genus
1259 1512 1515 1545 ornamenta
1545 1506 1598 1544 ad
1628 1507 1746 1557 spiri-

118 1579 246 1617 tualis
277 1579 550 1618 tabernaculi
580 1579 931 1618 aedificationem
965 1579 1270 1625 afferentibus3
1301 1591 1381 1616 nos
1411 1592 1465 1617 ne
1496 1580 1636 1629 pelles
1658 1579 1746 1628 qui-

118 1651 218 1689 dem
247 1651 477 1689 uilissimas
507 1651 682 1689 afferre.
718 1652 826 1690 Sera
849 1651 1023 1689 omnino
1046 1664 1159 1689 nune
1183 1657 1249 1689 est
1278 1656 1429 1689 nostra
1461 1651 1641 1697 oblatio,
1673 1663 1747 1688 ne-

117 1735 202 1773 que
233 1723 579 1773 quadrimestris,
613 1723 691 1761 sed
719 1734 877 1770 annua3
911 1723 1135 1773 occupatis
1170 1728 1315 1761 tamen
1343 1735 1584 1770 amorraea,
1613 1723 1747 1773 gebu-

118 1806 309 1844 saeaque
330 1806 476 1845 pugna
498 1794 626 1832 eitius
656 1791 813 1831 adesse
845 1806 931 1831 non
962 1793 1099 1840 lieuit3
1132 1807 1229 1832 eum
1259 1787 1518 1844 praesertim
1550 1806 1604 1831 ex
1637 1793 1747 1831 eius—

117 1865 235 1902 modi
252 1865 444 1902 hostium
462 1865 612 1915 spolijs
631 1865 770 1902 omnis
786 1868 936 1903 nostra
957 1864 1051 1903 fere
1075 1864 1237 1903 oblatio
1260 1870 1449 1903 constet.
1483 1866 1633 1915 Itaque
1664 1865 1746 1902 his-

117 1936 272 1974 toriam
307 1936 453 1986 potius
488 1948 615 1985 quam
656 1935 885 1986 epistolam
920 1936 1163 1974 scribimus.
1190 1937 1490 1987 Collegiorum
1511 1935 1749 1975 Societatis

113 2008 218 2058 Jesu
238 2007 360 2045 initia
380 2007 524 2058 qualia
554 2007 639 2045 sint
661 2019 812 2045 omnes
835 2008 990 2054 sciunt,
1022 2007 1281 2058 praesertim
1303 2007 1377 2045 ubi
1407 2020 1477 2045 res
1508 2005 1650 2058 agitur
1677 2007 1748 2044 ad-

127 2091 282 2116 uersus
319 2091 397 2116 eos
432 2077 504 2128 qui
538 2090 562 2115 a
596 2077 682 2116 fide
717 2078 988 2116 aberrarunt.
1026 2079 1148 2117 Talia
1176 2079 1302 2116 huius
1336 2079 1474 2116 nostri
1509 2078 1750 2129 appamiani

119 2149 306 2198 aedificij
325 2149 609 2187 fundamenta
626 2149 739 2187 iacta
756 2155 866 2193 sunt:
883 2155 1187 2201 paupertatem
1210 2150 1432 2197 uidelicet,
1453 2149 1748 2188 tolerantiam-

118 2234 202 2273 que
226 2234 370 2259 rerum
392 2220 692 2267 aduersarum,
724 2234 812 2259 non
842 2221 935 2259 sine
957 2222 1078 2260 lucro
1100 2226 1253 2260 nostro
1274 2222 1417 2272 plane,
1441 2222 1512 2272 qui
1534 2221 1749 2259 intellexi·
1796 2222 1799 2224 ’

119 2306 212 2331 mus
232 2293 411 2331 tandem
432 2291 680 2342 aliquando,
703 2293 817 2331 bene
839 2291 1018 2331 viuendi
1037 2292 1226 2331 fructum
1250 2305 1348 2331 esse
1369 2293 1635 2344 patientiam.
1659 2293 1748 2331 Sex

117 2377 265 2402 sumus
291 2376 474 2402 numero
495 2364 634 2402 nostri
657 2363 834 2412 ordinis,
857 2376 1040 2415 quorum
1060 2378 1172 2402 vnus
1202 2364 1215 2384 ²
1236 2363 1337 2402 dum
1369 2365 1504 2403 Roma
1524 2364 1608 2402 huc
1629 2364 1750 2402 veni-

118 2440 200 2482 ret,
224 2436 266 2473 in
288 2447 512 2474 carcerem
535 2435 762 2473 coniectus
785 2441 852 2473 est
872 2433 985 2486 apud
1004 2437 1338 2483 Carcassonem,
1360 2436 1606 2474 Vaseoniae
1632 2435 1750 2486 oppi-

119 2506 235 2554 dum,
254 2507 340 2546 hoc
355 2507 532 2545 nornine
549 2506 667 2557 quod
684 2507 932 2546 haereticus
950 2512 1083 2555 esset,
1103 2507 1220 2558 quod
1236 2508 1507 2555 lutheranus,
1531 2507 1649 2558 quod
1667 2508 1749 2545 cal-

119 2579 331 2616 uinianus.
356 2577 470 2616 Fieri
492 2578 606 2616 enim
626 2590 756 2629 posse
778 2579 999 2629 negabant
1028 2579 1088 2617 illi
1110 2579 1391 2628 careassonij,
1414 2584 1462 2617 vt
1491 2579 1749 2630 Appamium

118 2650 217 2697 iret,
243 2662 475 2688 commune
495 2649 983 2701 pseudoprophetarum
1004 2651 1170 2701 asylum
1190 2651 1223 2697 ³,
1247 2649 1329 2689 nisi
1348 2650 1749 2702 pseudopropheta,

166 2787 186 2806 a
238 2787 330 2834 Seq.
352 2786 430 2823 iret
448 2785 576 2823 delet.

170 2920 178 2939 ¹
231 2917 294 2955 Ex
311 2917 567 2964 autographo
585 2917 625 2954 in
644 2917 729 2954 eod.
753 2916 845 2954 Gal.
866 2916 936 2959 53,
956 2916 1055 2962 2ff.,
1075 2930 1143 2955 nn.
1175 2917 1253 2962 193,
1285 2916 1365 2964 1943
1393 2917 1503 2964 prius
1538 2917 1604 2954 155
1632 2896 1747 2963 (293).

122 2978 251 3016 Aliud
270 2978 503 3024 exemplum
523 2977 563 3013 in
582 2975 625 3013 ff.
649 2976 728 3019 191,
754 2975 833 3023 192;
853 2977 964 3024 prius
985 2976 1064 3022 149,
1087 2977 1155 3015 150
1172 2977 1269 3022 (352,
1289 2977 1389 3023 353).

170 3038 183 3058 ²
232 3037 278 3075 P.
299 3036 447 3074 Petrus
466 3035 673 3074 Barrault.
696 3035 759 3074 Cf.
781 3036 937 3074 Laim'i
955 3037 1164 3082 Monum„
1182 3036 1258 3083 IV,
1277 3037 1344 3075 381
1362 3037 1403 3083 ¹⁸,
1423 3036 1504 3074 528.
