1908 3446
2 1498 7 1526 —>
3 1384 7 1426 -μ
0 1326 1 1329 Α

2 1969 9 2016 ...-

511 184 822 223 308.-ΡΑκ151ι5
847 183 870 220 5
897 182 1144 220 Novemssms
1173 179 1263 217 1559
1571 176 1642 214 373

68 271 191 344 tingit
213 289 443 342 aliquando
466 293 527 335 ut,
549 287 696 325 diuina
725 287 902 325 iuuante
934 284 1087 336 gratia,
1120 283 1343 321 retrahant
1373 280 1606 318 nonnullos
1636 278 1688 315 ab

68 363 291 404 mortifero
328 362 542 398 hereseos
573 370 749 409 sopore,
784 362 828 395 et
858 356 1113 395 saeuissima
1142 353 1255 392 illius
1286 351 1552 402 contagione
1586 350 1690 387 libe-

68 441 177 482 rent3
200 432 316 484 quod
337 430 575 469 nouissime
601 429 731 467 etiam
753 429 914 466 factum
935 433 1000 465 est
1023 428 1072 465 de
1096 427 1296 476 quadam
1314 426 1512 474 Persona
1544 428 1563 446 ³
1596 434 1689 471 gra-

70 507 240 546 uissime
271 505 352 542 hac
383 506 507 553 peste
539 500 769 539 laboranti.
806 499 937 549 Quod
969 511 1072 536 sane
1105 510 1159 535 eo
1191 495 1330 547 magis
1363 493 1651 533 estimandum
1673 493 1692 517 b

69 577 201 622 uenit,
239 577 279 614 et
315 574 577 625 promptius
612 571 982 617 desiderandum,
1020 582 1105 619 quo
1143 569 1279 607 rarius
1300 574 1317 592 ⁰
1353 555 1619 617 contingere
1654 567 1692 603 et

69 648 244 690 euenire
267 648 394 685 solet.
415 646 491 683 Est
515 645 629 683 enim
651 645 736 682 hoc
758 642 1143 694 flagitiosissimum
1162 653 1301 691 genus
1319 638 1542 677 hominum
1564 636 1691 674 ualde

67 718 270 772 peruicax
303 723 345 754 et
377 716 660 759 obstinatum3
689 714 903 765 siquidem
934 711 1051 759 nihil,
1084 712 1166 750 nisi
1196 710 1314 762 quod
1343 710 1445 761 ipsis
1476 708 1693 747 uideatur

70 793 147 830 aut
169 787 367 841 fecerint
389 787 423 834 d,
448 799 534 824 non
556 784 737 824 irrident
760 798 811 823 ac
831 785 1076 835 negligunt,
1098 795 1184 821 ειια
1207 782 1538 827 tantumnodo,
1562 792 1692 829 quae-

64 873 250 911 cumque
274 859 356 897 illa
377 858 483 905 sint,
508 859 632 897 recta
662 859 701 896 et
732 856 853 894 iusta
875 855 1204 900 existimante&
1227 853 1342 891 unde
1364 853 1427 899 fit,
1451 858 1498 890 ut
1519 851 1585 889 his
1607 849 1693 888 dia—

65 932 152 972 boli
176 931 373 969 obstricti
394 930 577 980 laqueis,
605 928 682 967 uix
702 941 917 978 linquam,
940 929 1019 965 aui
1036 940 1088 966 ne
1105 926 1186 965 mx
1204 925 1397 975 quidem,
1416 922 1589 962 nonnisi
1611 923 1692 960 sin-

69 1004 202 1056 gulari
224 1003 396 1041 diuinae
418 1000 632 1052 largitatis
656 1012 739 1050 ope
764 1005 807 1037 et
829 999 989 1037 auxilio
1009 997 1061 1036 ad
1081 1010 1127 1035 se
1146 996 1330 1035 redeant
1353 1001 1396 1034 et
1419 995 1690 1045 resipiscant.

71 1076 265 1128 Quedam
289 1075 419 1112 etiam
437 1074 551 1112 bona
568 1078 782 1117 matrona,
803 1083 913 1121 quae
942 1070 1138 1108 Patribus
1161 1068 1321 1107 nostris
1344 1066 1547 1106 confiteri
1563 1066 1691 1111 solet,

67 1152 185 1187 tanto
208 1151 330 1197 rapta
353 1150 417 1183 est
438 1145 616 1182 feruore
636 1149 679 1181 et
696 1143 791 1180 zelo
812 1142 999 1188 Domini,
1022 1146 1065 1179 et
1083 1139 1268 1191 proximi
1291 1139 1520 1185 charitate,
1540 1142 1586 1175 ut
1607 1149 1694 1175 non

70 1219 205 1258 uerita
226 1218 279 1256 sit
305 1218 532 1268 postremo
555 1227 603 1253 se
624 1215 666 1252 in
687 1213 945 1265 grauissima
967 1213 1097 1250 etiam
1129 1212 1282 1250 mortis
1311 1209 1601 1261 apertissima
1622 1220 1693 1259 pe-

68 1291 200 1330 ricula
222 1290 460 1338 conijcere,
485 1293 531 1325 ut
555 1286 813 1336 obsequium
836 1290 1081 1336 praestaret
1103 1285 1198 1322 Deo
1221 1284 1262 1321 in
1284 1281 1539 1321 accusandis
1569 1282 1694 1319 here-

69 1362 176 1401 ticis.
203 1364 399 1412 Longum
423 1363 541 1398 esset
565 1357 779 1396 eiusmodi
807 1357 889 1395 alia
910 1357 1140 1408 permulta,
1175 1368 1259 1406 que
1289 1354 1539 1406 singulatim
1570 1353 1692 1400 fiunt,

69 1445 300 1474 recensere
322 1433 450 1471 uelle.

121 1519 159 1556 4.
222 1504 352 1554 Quod
377 1511 395 1529 e
422 1516 530 1542 uero
562 1503 719 1541 attinet
746 1501 799 1540 ad
829 1500 1057 1551 negotium
1088 1499 1324 1538 Societatis
1354 1498 1395 1536 in
1425 1498 1511 1535 hoc
1540 1509 1694 1547 regno,

71 1582 355 1630 procurarunt
386 1574 704 1627 uigilantissimi
727 1576 879 1612 Patres
901 1571 1039 1611 nostri
1065 1577 1267 1621 tempore
1298 1570 1416 1621 pacis
1438 1582 1535 1607 cum
1556 1568 1696 1618 hispa-

71 1651 133 1690 nis
155 1649 340 1688 dominis
361 1661 412 1687 ac
442 1647 706 1699 principibus
738 1646 809 1696 qui
831 1646 917 1683 huc
947 1648 1263 1690 conuenerant,
1296 1648 1343 1680 ut
1372 1642 1414 1680 in
1446 1641 1660 1693 gratiam
1687 1640 1698 1663 f

72 1720 302 1761 Societatis
324 1733 475 1771 regem
494 1718 747 1766 Henricum,
771 1717 942 1756 foelicis
973 1716 1228 1762 memoriae,
1252 1715 1595 1764 alloquerentur,
1619 1712 1697 1750 sed

72 1793 294 1844 repentina
326 1804 423 1829 eum
456 1804 574 1829 mors
603 1790 720 1841 prius
754 1789 881 1827 nobis
913 1788 1085 1839 eripuit,
1117 1799 1244 1838 quam
1271 1785 1466 1836 potuerit
1495 1784 1696 1822 Societas

69 1864 152 1902 ulla
172 1876 225 1901 ex
247 1868 370 1913 parte
392 1862 524 1911 anjmi
546 1862 639 1899 eius
666 1859 1047 1898 mansuetudinem
1069 1860 1368 1910 pietatemque
1390 1856 1431 1894 in
1453 1868 1500 1894 se
1524 1855 1695 1906 experi-

71 1935 117 1973 ri.
143 1935 150 1953 ¹
175 1936 314 1985 Quam
333 1934 388 1972 ob
410 1945 501 1971 rem
524 1932 681 1970 nobilis
699 1931 899 1969 dominus
922 1932 1015 1980 Ruy
1034 1932 1215 1977 Gomes,
1243 1935 1286 1967 et
1304 1929 1391 1967 dux
1408 1928 1488 1967 ill.S
1510 1927 1697 1965 d'Arcos

74 2005 227 2044 eodem
247 2005 424 2043 nomine
446 2003 719 2043 hodiernum
735 2009 758 2035 g
779 2015 928 2053 regem
954 2002 1244 2045 Franciscum.
1269 2002 1450 2052 eiusque
1472 2006 1655 2039 matrem
1686 2000 1698 2018 ²

73 2090 122 2116 ac
136 2077 443 2127 Lotharingiae
466 2074 729 2113 cardinalem
749 2075 777 2121 ³,
797 2079 953 2124 postea
975 2078 1293 2117 conuenerunt,
1314 2086 1498 2124 quorum
1521 2072 1637 2111 uotis
1655 2077 1698 2109 et

74 2149 300 2198 desiderijs
317 2160 510 2186 annuere
524 2146 672 2199 facile
694 2147 713 2170 h
739 2147 819 2184 uisi
837 2150 947 2190 sunt,
966 2145 1001 2184 si
1017 2149 1165 2183 tamen
1186 2145 1228 2183 in
1250 2145 1365 2183 aliud
1386 2150 1560 2195 tempus
1582 2157 1697 2183 corn-

75 2221 241 2260 modius
270 2221 398 2259 huius
429 2220 493 2258 rei
515 2218 785 2258 decisionem
815 2220 855 2257 et
876 2217 1045 2257 exitum
1077 2218 1087 2242 i
1115 2217 1372 2264 tansferant3
1396 2223 1440 2255 et
1471 2215 1699 2255 cardinalis

78 2293 215 2332 dictus
235 2291 547 2355 pollicitustest
567 2291 648 2329 illis
673 2303 848 2329 omnem
873 2302 1051 2341 operam
1074 2302 1195 2327 suam
1225 2296 1268 2327 et
1288 2289 1488 2340 gratiam,
1514 2294 1558 2327 et
1589 2301 1636 2327 se
1657 2289 1699 2326 in

76 2370 261 2403 mentem
284 2365 401 2415 regis
423 2357 679 2402 memoriam
705 2368 749 2401 et
771 2362 1038 2400 desiderium
1056 2361 1292 2400 Societatis
1309 2361 1606 2409 reducturum,
1625 2373 1698 2399 ne-

76 2437 213 2488 gocijs
234 2435 513 2487 grauioribus
534 2435 659 2486 regni
679 2434 884 2485 peractiS.
910 2434 1004 2472 Nec
1025 2445 1103 2484 per
1130 2434 1211 2472 hos
1231 2438 1415 2481 tantum,
1440 2445 1593 2471 uerum
1622 2444 1700 2483 per

119 2573 139 2592 a
186 2585 276 2609 cum
306 2571 491 2619 quodam.
570 2571 635 2595 —b
670 2569 855 2606 Emend.
889 2580 940 2606 ex
967 2569 1290 2606 existimandum.
1367 2577 1433 2595 —0
1464 2569 1698 2606 succedere.

76 2634 140 2659 —d
159 2633 329 2679 placeat.
394 2638 459 2656 -θ
481 2630 616 2667 Prius
634 2630 778 2677 quoad.
843 2630 901 2654 ——f
926 2629 1288 2666 comendationem.
1353 2637 1423 2663 -g
1443 2629 1529 2666 eius
1556 2629 1696 2665 filium.

77 2693 140 2718 -h
159 2692 347 2729 libenter.
400 2691 458 2716 —i
485 2690 796 2737 expeditionem.

123 2825 132 2845 ¹
182 2823 268 2860 Pax
285 2823 392 2859 inter
410 2822 543 2869 gallos
562 2826 601 2858 et
619 2821 810 2867 hispanos
831 2821 928 2858 inita
959 2825 1046 2857 erat
1077 2821 1243 2858 ineunte
1275 2819 1411 2867 Aprili
1441 2821 1559 2868 hujus
1590 2821 1698 2858 anni.

77 2883 276 2921 Henricus
294 2894 391 2919 vero
409 2881 622 2927 secundus,
643 2893 729 2926 rex,
750 2880 846 2918 obiit
865 2881 929 2917 die
952 2880 995 2918 10
1007 2879 1119 2928 Julii.

123 2943 136 2963 ²
186 2941 410 2979 catharina
428 2941 477 2977 de
497 2940 682 2978 Medicis.

125 3003 138 3023 ⁸
187 3000 360 3039 Carolus
377 3001 427 3039 de
441 2998 585 3039 Guise.
