1908 3446
586 237 900 277 351.-PAR15115
924 238 947 275 6
973 234 1134 274 MARTH
1163 234 1253 273 1560
1608 230 1677 271 547

106 341 374 382 Cardinalis
394 342 733 394 Loffharingiae
745 340 1060 393 jllustrissimj
1084 340 1091 358 ¹
1122 339 1295 386 literas,
1321 351 1434 388 quas
1456 336 1592 375 Patri
1613 337 1726 374 Pon-

105 413 166 453 tio
196 414 478 464 scripturum
506 427 550 453 se
576 413 804 464 promisit,
842 415 886 451 vt
908 411 1138 462 dispositis
1159 408 1460 456 consiliariis,
1495 410 1533 448 et
1556 407 1729 446 abiecta

106 487 230 537 omns
265 484 667 537 tergiuersatione,
693 484 896 524 Societas
927 484 1107 522 tandem
1142 481 1190 520 in
1228 480 1434 520 Galliam
1468 479 1731 518 vniuersam

105 557 423 610 diffundatur.
462 557 719 608 Diplomatis
755 556 974 594 confectio
1016 560 1192 593 centum
1227 552 1540 604 quinquaginta
1574 550 1732 588 francis

105 628 278 666 addicta
312 633 421 675 erat3
462 628 539 665 sed
572 627 852 676 jllustrissimj
891 625 1130 666 Cardinalis
1166 624 1474 674 Lotharingiae
1497 622 1733 661 liberalitas

108 700 250 738 omnia
270 699 405 750 gratis
427 699 606 737 confieri
630 698 862 736 mandauit.
888 698 970 736 Hic
992 697 1149 748 dignus
1172 700 1253 742 est,
1284 697 1353 733 Pr.
1393 683 1571 744 optime,
1604 706 1734 744 quem

108 784 258 809 omnes
279 771 320 808 in
342 770 569 808 Societate
593 770 779 808 maxime
802 770 842 807 in
865 769 953 807 suis
975 768 1198 806 sacrificiis
1221 773 1264 804 et
1285 767 1488 816 precibus
1516 776 1735 803 commen-

108 842 254 881 datum
277 842 482 888 habeant,
507 848 597 879 tum
621 842 790 880 Galliae
813 841 948 879 totius
970 840 1161 886 nomine,
1186 851 1296 888 quae
1318 837 1450 876 hodie
1473 842 1540 875 est
1569 837 1611 874 in
1644 836 1736 874 eius

107 913 413 952 moderatione
445 913 704 960 constituta,
742 918 832 951 turn
869 913 999 950 etiam
1039 911 1299 957 Societatis,
1342 909 1410 958 cuj
1452 909 1571 946 fauet
1609 907 1737 959 pluri-

108 999 238 1024 mum.
263 984 395 1022 R.‘1⁸m
418 985 464 1022 P.
490 985 539 1022 T.
566 985 862 1031 obsecramus,
888 988 933 1021 vt
954 983 1073 1021 illum
1096 982 1270 1032 saepius
1289 981 1479 1019 omnium
1499 981 1675 1017 Patrum
1694 983 1738 1015 et

107 1056 287 1094 fratrum
310 1054 591 1094 commendet
614 1053 899 1093 orationibus.

161 1138 199 1176 4.
259 1128 325 1165 De
365 1126 554 1177 collegio
596 1126 825 1177 erigendo,
869 1123 1239 1163 constituendoue
1280 1136 1377 1161 cum
1418 1135 1540 1173 spem
1575 1125 1738 1171 augeat

110 1198 198 1236 R.di
229 1198 434 1236 antistitis
469 1197 785 1246 claromontanj
823 1198 834 1216 ²
864 1197 949 1234 huc
980 1209 1035 1234 ex
1066 1194 1281 1233 Aruernia
1302 1192 1623 1244 commigratio,
1648 1197 1738 1229 tum

112 1268 243 1308 etiam
263 1281 385 1320 spem
407 1269 593 1319 aliquam
615 1268 720 1306 dare
741 1281 829 1306 non
851 1267 1120 1305 mediocrem
1142 1265 1317 1304 videtur
1338 1264 1567 1315 negotium
1602 1275 1741 1313 nuper

112 1352 332 1379 exorsum.
357 1340 526 1378 Nobilis
547 1339 721 1390 quidam
744 1352 879 1390 eques
901 1337 1096 1384 rhodius,
1121 1338 1252 1375 homo
1274 1337 1317 1374 in
1337 1335 1476 1374 literis
1498 1334 1670 1386 graecis
1694 1338 1738 1372 et

112 1412 269 1459 latinis,
289 1412 486 1450 humanis
503 1424 555 1450 ac
571 1411 728 1449 diuinis
746 1410 995 1449 eruditione
1012 1422 1099 1447 non
1117 1409 1303 1460 vulgarj,
1323 1408 1481 1446 abhinc
1501 1406 1740 1458 quinquen-

111 1484 244 1531 nium,
287 1484 479 1522 Henrico
521 1482 878 1522 christianissimo
916 1493 1023 1531 rege
1065 1492 1332 1519 consuasore
1374 1484 1417 1517 et
1457 1479 1658 1525 authore,
1701 1477 1743 1514 in

114 1555 360 1594 Americam
379 1555 593 1593 instructo
624 1555 800 1605 nauigio
823 1555 1040 1605 peruenit,
1066 1559 1110 1592 et
1131 1559 1301 1604 partem
1322 1552 1434 1590 illius
1455 1551 1621 1589 insulae
1644 1550 1740 1600 plus

115 1626 315 1666 ducentis
342 1627 478 1666 leucis
505 1628 635 1665 latam
664 1628 912 1678 occupauit,
944 1632 1074 1677 atque
1103 1626 1222 1663 feros
1249 1625 1450 1662 homines
1473 1623 1628 1673 partim
1652 1621 1744 1660 offi-

115 1698 192 1737 ciis
212 1698 368 1749 partim
391 1696 521 1736 etiam
556 1698 684 1736 armis
707 1698 970 1749 subiugauit.
998 1697 1079 1735 Hic
1100 1697 1257 1734 abhinc
1278 1694 1416 1733 tribus
1447 1694 1669 1732 mensibus
1691 1693 1744 1730 ab

115 1770 321 1809 America
348 1782 555 1809 reuersus
585 1770 627 1808 in
657 1770 798 1808 aulam
828 1770 993 1821 regiam
1016 1768 1272 1813 diuerterat,
1306 1773 1351 1805 et
1384 1765 1439 1805 ad
1470 1764 1745 1805 Cardinalem

116 1842 277 1880 Ill.¹¹¹¹¹¹¹¹
307 1842 616 1893 Lotharingiae
639 1841 820 1888 adierat,
852 1846 900 1879 vt
932 1840 1187 1891 episcopum
1219 1845 1264 1877 et
1293 1839 1458 1889 aliquot
1490 1835 1747 1875 sacerdotes

116 1914 159 1951 in
189 1914 403 1952 serendae
432 1913 534 1963 fidej
567 1913 750 1965 gratiam
780 1912 1051 1963 impetraret.
1080 1911 1404 1963 Jllustrissimus
1436 1908 1667 1947 cardinalis
1699 1921 1744 1946 se

121 1998 176 2024 ex
198 1985 424 2024 Societate
447 1984 648 2023 daturum
668 1983 881 2035 promisit,
901 1996 985 2034 qua
1001 1996 1077 2034 spe
1095 1982 1267 2029 ductus,
1289 1987 1334 2019 et
1351 1993 1529 2019 suorum
1545 1979 1748 2030 negotio-

119 2070 213 2095 rum
235 2056 374 2108 gratia
395 2056 613 2095 Lutetiam
646 2056 768 2094 venit
801 2067 937 2105 eques
967 2055 1039 2093 ille
1071 2054 1245 2100 nobilis,
1280 2058 1325 2090 et
1356 2053 1586 2090 doctorem
1616 2062 1750 2101 quen-

120 2127 218 2166 dam
239 2128 535 2174 sorbonicum,
559 2127 810 2173 honestum,
829 2125 946 2176 pium
969 2131 1013 2164 et
1034 2125 1148 2163 bene
1170 2124 1224 2162 ad
1246 2124 1518 2163 Societatem
1540 2122 1749 2161 affectum

122 2198 176 2237 ad
196 2211 277 2237 nos
298 2198 474 2245 direxit3
494 2204 538 2236 et
559 2198 659 2248 quia
680 2198 734 2236 de
764 2197 878 2235 illius
907 2197 1065 2235 nobilis
1096 2197 1253 2234 itinere
1284 2195 1441 2233 librum
1472 2195 1555 2232 iam
1582 2193 1750 2245 pridem

123 2270 374 2309 confectum
409 2270 566 2321 gallico
602 2282 808 2308 sermone
838 2270 1049 2319 legeram,
1083 2268 1200 2306 Patri
1229 2266 1408 2317 placuit,
1441 2271 1489 2304 vt
1519 2265 1751 2304 doctorem

124 2341 303 2381 adirem.
330 2342 569 2380 Doctorem
600 2341 712 2379 adeo
745 2346 803 2388 et,
827 2353 939 2391 quae
970 2353 994 2378 a
1024 2341 1123 2378 Pre.
1156 2343 1308 2377 nostro
1342 2337 1440 2376 Η.ᾱο
1466 2337 1508 2375 in
1539 2336 1752 2375 mandatis

124 2407 354 2455 habebam,
377 2393 540 2446 refero.
572 2407 803 2445 Neminem
839 2419 937 2445 esse
971 2406 1042 2444 hic
1076 2406 1287 2444 nostrum
1316 2403 1388 2455 quj
1425 2404 1497 2441 illo
1533 2403 1754 2454 proficisci

125 2486 293 2530 posset,
316 2492 400 2518 nec
420 2480 462 2518 in
492 2479 745 2530 cuiusquam
775 2483 973 2516 nostrum
994 2481 1218 2528 potestate
1241 2476 1371 2513 situm
1394 2487 1508 2522 esse,
1532 2480 1581 2512 vt
1602 2473 1755 2523 aliquis

126 2556 323 2590 nostrum
351 2556 440 2589 tam
468 2551 601 2602 longe
633 2551 842 2597 mittatur,
875 2549 1013 2587 inscio
1043 2549 1179 2587 totius
1214 2547 1454 2586 Societatis
1483 2546 1752 2597 praeposito:

129 2621 406 2661 scribendum
428 2634 526 2660 esse
547 2621 674 2660 nobis
696 2622 876 2659 Romam
904 2620 1036 2671 prius,
1069 2632 1154 2659 nec
1180 2624 1329 2657 tamen
1361 2623 1484 2656 certo
1521 2621 1756 2667 expectan-

130 2693 210 2732 dos
239 2692 340 2731 inde
371 2693 539 2744 aliquos
570 2705 684 2740 esse,
716 2690 835 2743 quod
865 2691 1011 2729 multis
1041 2689 1234 2742 negotiis
1267 2694 1312 2727 et
1341 2688 1603 2727 necessariis
1639 2687 1757 2725 disti-

129 2777 309 2803 neamur
346 2776 514 2812 omnes;
547 2776 631 2803 nec
651 2764 826 2803 interim
858 2776 1059 2814 prorsum
1094 2760 1435 2812 desperandum3
1473 2766 1618 2798 tamen
1652 2759 1755 2796 nihil

129 2836 257 2875 nobis
279 2848 378 2874 esse
399 2836 571 2874 charius
592 2848 721 2886 quam
741 2835 951 2886 plurimos
969 2834 1102 2873 Chro.
1126 2832 1300 2881 lucrarj.
1325 2832 1402 2870 Ille
1422 2832 1535 2870 inter
1567 2843 1688 2881 spem
1711 2835 1755 2867 et

181 2993 191 3012 ¹
244 2991 420 3029 Carolus
438 2991 487 3027 de
506 2989 650 3028 Guisa.

181 3051 195 3070 ²
244 3049 478 3089 Guilelmus
492 3063 515 3086 a
534 3049 670 3086 Prato.
