1908 3446
571 244 936 283 353.—MONACH10
961 242 1008 279 22
1034 242 1193 278 MARTu
1223 240 1312 278 1560
1645 239 1714 276 553

134 349 423 395 Monachium‚
457 348 592 386 totius
624 347 835 384 Bauariae
865 343 1124 396 primariam,
1157 341 1349 380 aduentu
1371 340 1589 379 scribendi
1610 340 1761 378 faciam

133 421 315 467 initium,
338 420 418 457 fuit
440 420 474 457 is
497 430 648 456 mense
681 417 922 456 Nouembri
957 427 1069 453 anno
1103 414 1198 463 59.⁰
1224 412 1364 464 pridie
1397 410 1764 464 praesentationis

136 494 188 531 D.
211 492 416 543 Virginis3
439 504 522 529 nec
543 491 586 529 id
608 503 712 528 sane
735 494 921 535 temere3
943 500 1055 534 nam,
1079 492 1255 537 praeter
1277 498 1404 536 quam
1426 484 1544 535 quod
1566 484 1622 522 de
1643 495 1764 534 prae-

135 563 378 609 sentandis,
421 568 466 601 et
505 561 676 600 ardenti
718 561 930 598 charitate
974 556 1135 596 nostris
1176 556 1407 604 desiderijs
1453 560 1496 593 et
1537 554 1766 593 conatibus

137 635 262 673 S.¹1¹²²0
293 634 492 672 Trinitati
527 631 769 681 offerendjs
804 632 846 669 in
877 629 1139 670 Germaniae
1170 627 1428 678 praesertim
1451 627 1652 672 salutem,
1676 626 1769 675 ipsa

135 720 214 744 nos
236 705 338 744 festi
358 704 470 743 ratio
493 704 770 749 admoneret3
793 702 982 741 accessit
1013 701 1143 738 etiam
1174 698 1325 737 nescio
1357 710 1469 748 quae
1500 696 1555 735 de
1590 697 1767 748 pientis-

135 778 243 815 simo
266 775 548 815 beatissimae
572 774 720 813 Matris
741 772 986 825 patrocinio
1010 776 1226 821 concepta
1245 769 1421 815 fiducia,
1445 774 1492 806 ut
1513 768 1702 806 faustum
1725 772 1769 806 et

136 848 271 886 foelix
295 847 469 886 omnino
493 858 721 897 speremus
752 846 944 883 futurum
965 851 998 891 a,
1031 842 1148 894 quod
1175 842 1217 880 in
1248 840 1438 891 Uirginis
1473 838 1586 878 illius
1621 838 1769 876 matris

140 919 418 957 solemnitate
442 918 588 956 diuina
611 917 743 955 ordiri
763 930 843 954 nos
864 915 1004 953 voluit
1023 912 1315 965 prouidentia.
1340 910 1505 949 Aderat
1527 911 1598 948 hic
1619 910 1698 947 sub
1727 909 1769 947 id

138 990 350 1041 temporis
372 989 489 1028 R.d¹¹³
512 990 558 1027 P.
584 988 869 1026 Prouincialis
893 989 900 1007 ¹
925 999 1009 1024 una
1031 998 1127 1024 cum
1150 983 1336 1022 doctore
1359 983 1556 1033 Lanoyo,
1594 987 1769 1020 rectore

138 1061 486 1113 ingolstadiensi,
507 1060 579 1111 qui
596 1066 697 1098 ante
714 1059 896 1097 fratrum
912 1058 1150 1096 aduentum
1167 1056 1208 1094 in
1226 1054 1570 1093 habitationibus
1587 1053 1770 1103 alijsque

137 1133 191 1172 ad
227 1147 349 1171 usum
388 1132 690 1184 quotidianum
731 1129 995 1179 necessarijs
1033 1126 1343 1180 praeparandis
1383 1126 1456 1164 diu
1495 1126 1766 1176 multumque

140 1204 362 1253 sudarant;
384 1217 468 1243 nec
489 1209 636 1242 tamen
656 1203 830 1250 frustra,
854 1215 952 1240 nam
979 1201 1015 1239 si
1045 1199 1421 1245 commoditatem,
1458 1197 1772 1236 amoenitatem

139 1276 553 1328 amplitudinemque
576 1274 793 1326 designatj
815 1273 942 1312 nobis
964 1271 1050 1311 loci
1071 1276 1338 1323 spectemus,
1362 1283 1449 1308 non
1478 1269 1608 1308 facile
1642 1268 1772 1319 pluri-

141 1348 220 1386 mis
242 1348 372 1386 etiam
394 1347 489 1396 alijs
512 1346 643 1384 cedet
665 1345 881 1396 collegijs.
906 1344 1190 1382 Habitatores
1212 1341 1387 1392 quidem
1409 1341 1559 1379 habuit
1581 1340 1772 1390 aliquan-

139 1419 194 1458 do
225 1420 383 1458 fratres
413 1419 744 1470 augustinianos
766 1422 885 1455 totus
907 1417 977 1454 hic
998 1416 1136 1462 locus,
1161 1415 1233 1465 qui
1255 1414 1367 1452 ultra
1388 1412 1667 1464 septuaginta
1687 1425 1774 1450 non

140 1493 200 1530 ita
228 1491 398 1542 pridem
431 1491 503 1529 hic
537 1490 700 1528 uixisse
732 1488 950 1536 dicuntur3
987 1486 1066 1525 sed
1098 1492 1278 1538 propter
1312 1490 1561 1536 temporum
1591 1484 1773 1522 istorum

140 1563 353 1610 iniuriam,
380 1568 424 1600 et
444 1573 655 1613 praesens
677 1561 873 1599 seculum
894 1571 1083 1610 nequam
1105 1557 1177 1596 uix
1198 1555 1446 1608 paucissimj
1470 1555 1512 1593 in
1530 1556 1667 1593 altera
1684 1567 1774 1592 mo-

140 1633 318 1683 nasterij
343 1638 466 1684 parte
487 1645 602 1670 nunc
623 1631 780 1682 reliqui
801 1634 1053 1669 cernuntur.
1084 1630 1250 1667 Decem
1279 1626 1455 1678 quidem
1485 1631 1684 1664 nostrum
1716 1623 1774 1662 ui-

140 1719 268 1745 neam
297 1705 425 1744 istam
457 1704 691 1743 curandam
723 1707 1028 1753 susceperunt,
1062 1700 1141 1739 sed
1176 1704 1407 1738 crescente
1439 1698 1568 1736 isthic
1596 1703 1641 1736 et
1675 1695 1777 1735 alibi

146 1778 445 1829 operariorum
466 1788 667 1823 numero,
690 1787 779 1812 non
801 1773 1058 1824 ambigimus
1080 1772 1308 1810 denarium
1336 1771 1466 1809 istum
1495 1769 1673 1807 alterius
1704 1768 1777 1806 de-

142 1849 248 1898 narij
287 1847 543 1887 accessione
582 1845 843 1898 propediem
882 1843 1272 1895 multiplicandum3
1313 1854 1412 1880 narn
1451 1853 1596 1892 neque
1636 1840 1774 1887 locus,

146 1932 289 1972 neque
330 1923 527 1970 sumptus
565 1917 636 1956 hic
674 1917 850 1963 desunt3
891 1915 1207 1966 occupationes
1248 1913 1400 1960 etiam,
1439 1917 1482 1951 et
1522 1910 1698 1962 quidem
1736 1911 1779 1948 in

147 1997 297 2031 nostra
327 1990 554 2030 Societate
583 1988 856 2040 praecipuas,
879 2000 967 2025 non
988 1987 1058 2025 hic
1080 1985 1310 2030 defuturas
1328 1997 1382 2022 ex
1405 1983 1779 2034 consequentibus

147 2064 275 2103 facile
299 2062 382 2101 erit
403 2060 631 2112 colligere.

200 2145 238 2172 2.
308 2131 493 2172 Veniam
515 2144 628 2183 ergo
653 2132 711 2168 ad
729 2127 1062 2181 particularia,
1088 2129 1136 2165 ut
1156 2140 1208 2166 ex
1240 2126 1300 2178 ijs
1330 2125 1481 2178 dz'uinj
1512 2124 1712 2176 obsequij
1742 2126 1781 2164 et

148 2205 415 2244 animarum
436 2201 605 2242 salutis
624 2200 722 2252 (qui
735 2201 860 2240 solus
876 2198 1006 2238 nobis
1025 2197 1131 2246 finis
1142 2197 1408 2249 propositus
1424 2197 1504 2248 est)
1520 2199 1595 2247 spe
1612 2194 1780 2235 eximia

146 2277 376 2326 concepta,
409 2275 666 2325 complures
696 2274 755 2311 ad
785 2271 923 2311 huius
952 2270 1107 2310 vineae
1142 2270 1375 2309 culturam
1406 2270 1445 2308 et
1476 2267 1781 2320 defensionem

148 2350 309 2388 contra
331 2345 734 2402 exterminatorem
757 2346 937 2394 aprum,
970 2344 1009 2381 et
1039 2342 1413 2392 depraedatorem
1445 2339 1679 2378 diabolum
1711 2351 1781 2378 ac-

150 2421 405 2460 cendantur
426 2419 454 2457 ².
478 2417 561 2456 Vbi
582 2417 765 2467 primum
787 2415 873 2452 huc
899 2414 1125 2453 venissent
1151 2412 1290 2462 nostrj
1318 2412 1474 2463 partim
1505 2412 1656 2458 Roma,
1689 2423 1782 2461 par-

148 2492 225 2530 tim
255 2491 438 2536 Vienna,
476 2488 632 2540 partim
667 2485 936 2538 Ingolstadio
970 2484 1161 2533 euocatj‚
1199 2482 1475 2522 commodam
1510 2481 1685 2533 quidem
1722 2482 1784 2519 sic

150 2563 254 2601 satis
282 2562 325 2600 in
355 2560 556 2613 proprios
586 2572 689 2597 usus
718 2558 833 2606 nactj
871 2562 970 2595 sunt
1004 2556 1335 2602 habitationem3
1372 2554 1451 2593 sed
1481 2567 1614 2592 unum
1642 2554 1783 2592 solum

151 2623 263 2673 male
286 2646 363 2672 eos
385 2632 551 2679 habuit,
575 2629 693 2682 quod
715 2630 883 2668 scilicet
904 2628 1115 2678 temporis
1135 2626 1312 2678 aliquod
1346 2627 1555 2677 spacium,
1587 2624 1784 2676 quamuis

153 2705 390 2752 minimum,
422 2704 485 2743 eis
521 2703 786 2749 elaberetur,
819 2713 904 2752 quo
927 2699 1066 2738 solitis
1086 2700 1130 2737 in
1150 2699 1357 2737 auxilium
1377 2698 1674 2749 proximorum
1697 2709 1784 2734 non

201 2848 221 2868 a
272 2847 425 2884 Praec.
448 2857 489 2884 v.
510 2850 647 2892 supra
663 2855 772 2882 vers.

203 3004 213 3023 ¹
265 3001 312 3039 Β.
333 3001 481 3038 Petrus
501 2998 705 3037 Canisius.

203 3062 217 3082 ⁴²
268 3060 332 3099 Cf.
354 3060 420 3098 Ps.
442 3057 639 3103 LXXIX,
664 3058 717 3095 14.
