1908 3446
251 256 320 295 334
722 257 938 295 LITTERAE
973 259 1331 304 QUADfflMESTRES

206 361 465 400 munieanda
483 365 526 399 et
547 366 731 411 peccata
747 361 983 411 aperienda
1001 362 1258 401 accederent
1283 368 1316 408 a,
1340 361 1376 399 si
1393 362 1546 399 Patres
1565 359 1832 409 sufficerent3

208 432 285 470 sed
303 432 358 470 de
380 432 444 470 his
461 444 547 470 non
564 432 701 482 plura,
726 444 828 471 cum
845 432 985 483 plura
1001 431 1094 470 sint
1111 445 1249 482 quam
1265 431 1412 471 verbis
1428 431 1623 483 exprimi
1639 432 1828 482 possint.

260 513 296 550 3.
354 503 721 542 Protlzonotarius
762 503 834 554 qui
868 509 1047 542 nostrae
1077 503 1292 543 Societati
1322 503 1341 527 b
1384 503 1621 554 collegium
1658 504 1835 555 largitus

207 580 274 612 est
298 575 323 623 ¹,
349 581 393 613 et
410 574 610 613 Patribus
633 574 801 613 cunetis
818 575 860 612 in
878 576 1009 613 rebus
1026 574 1149 613 hilari
1165 575 1308 614 animo
1333 580 1376 612 et
1394 575 1516 613 vultu
1533 587 1580 613 se
1605 581 1834 626 patronum

208 646 440 684 sollicitum
462 652 478 670 0
498 647 671 697 prebet,
708 646 816 684 Viuit
848 659 899 685 ae
929 646 1064 693 valet3
1098 651 1142 684 et
1172 646 1359 684 maxime
1390 659 1470 684 nos
1502 659 1656 685 omnes
1678 646 1831 698 diligit3

207 718 380 769 tuisque
402 717 587 756 assiduis
609 716 629 742 ‘¹
650 717 881 768 praecibus
912 716 1094 768 supplici
1111 718 1254 756 animo
1277 730 1324 756 se
1342 718 1632 756 vehementer
1663 730 1837 756 comen-

207 787 294 827 dat.
320 788 444 828 Haec
477 790 583 827 sunt
617 788 775 838 (Pater
799 790 1044 828 admodum
1075 788 1335 838 reuerende)
1358 801 1471 838 quae
1503 788 1712 835 breviter,
1745 788 1837 840 (fa-

207 860 372 898 cultate
395 859 587 898 rectoris
607 858 774 910 nostri)
796 858 808 877 ²
831 858 913 898 tibi
932 858 1116 910 sc·ripsi;
1147 858 1435 910 praetermisi
1453 858 1607 911 igitur
1629 866 1645 884 θ
1669 860 1838 898 eonsul-

208 936 253 968 to
275 930 358 969 alia
378 930 525 978 multa,
563 943 648 981 que
679 930 912 969 scribenda
933 943 980 969 se
1004 930 1267 977 offerebant,
1304 943 1359 968 ne
1389 930 1484 981 plus
1517 931 1636 980 justo
1671 931 1839 982 longio-

208 1014 300 1040 rem
337 1002 603 1041 conficerem
634 1002 908 1053 aepistolam.
932 1003 1060 1040 Nune
1091 1002 1174 1040 hoe
1200 1015 1332 1040 unum
1354 1001 1588 1040 dicendum
1620 1008 1835 1053 superest,

208 1085 366 1124 nempe
400 1079 444 1111 te
480 1085 750 1125 magnopere
786 1086 928 1120 orare,
967 1082 1014 1111 vt
1044 1086 1125 1112 nos
1161 1074 1256 1111 Deo
1292 1073 1547 1123 frequenter
1583 1074 1834 1114 comendes.

210 1145 317 1183 Vale
342 1150 385 1182 et
406 1145 418 1169 f
441 1145 596 1184 valeas
617 1144 793 1183 vtinam
815 1145 1010 1183 multum
1037 1146 1210 1195 semper
1233 1145 1353 1195 apud
1375 1144 1534 1184 Deum.
1561 1145 1732 1184 Datum
1757 1145 1838 1184 Oe-

211 1216 360 1254 eaniae
397 1221 524 1255 sexto
560 1215 656 1255 idus
691 1216 962 1267 Septembris
998 1229 1110 1255 anno
1148 1229 1172 1254 a
1207 1215 1381 1255 Christo
1417 1221 1519 1255 nato
1555 1217 1655 1256 mill.
1691 1217 1835 1268 quing.

209 1286 442 1338 quinquag.
467 1300 600 1326 nono,

288 1357 494 1409 Indignus
515 1358 627 1397 filius
650 1364 694 1396 et
717 1371 871 1397 seruus
893 1363 993 1396 tuus
1015 1358 1056 1396 in
1080 1360 1195 1397 Dno.
1211 1388 1219 1404 ‚

1488 1484 1651 1522 GARSI'A
1682 1492 1709 1522 ³.

290 1608 481 1648 Polanci
500 1622 656 1648 manu.
684 1609 940 1648 Emendata.

290 1679 454 1732 sigilli
472 1679 735 1732 vestigium.

257 1904 275 1922 a
293 1895 505 1931 videantur
523 1894 740 1930 accessuri.
794 1894 860 1919 —b
884 1893 1066 1930 Emencl.
1089 1904 1139 1931 ex
1163 1894 1391 1931 societatis.
1446 1915 1490 1918 —
1508 1902 1557 1919 <ec
1583 1893 1762 1930 Emend.
1786 1904 1834 1930 ex

209 1955 424 1991 solicitum.
477 1954 544 1979 —d
567 1953 752 1991 Emend.
774 1964 824 1990 ex
842 1953 992 1990 asiduis
1045 1962 1108 1979 —e
1131 1959 1358 2000 praetereo.
1413 1954 1469 1979 Μ’
1500 1958 1574 1989 etc.

259 2158 267 2177 ¹
320 2155 551 2193 Ludovicus
570 2156 619 2193 de
641 2155 886 2203 Calatayud.

257 2218 270 2235 ²
320 2215 364 2253 P.
386 2216 566 2253 Didacus
585 2216 764 2253 Carrillo

257 2275 269 2294 ³
321 2274 385 2312 Cf.
412 2274 509 2311 Litt.
531 2275 784 2321 Quadrima,
804 2274 858 2318 V,
879 2275 960 2321 796,
981 2280 1116 2312 annot*
1139 2275 1173 2312 2.
