1908 3446
194 299 264 337 540
661 285 883 339 L1TTE‘RAE
911 302 1266 347 QUADmMESTREs

148 402 284 440 literis
305 403 359 441 ad
381 409 426 441 te
449 404 593 441 delata
623 404 722 451 sint,
758 405 918 454 placuit
949 405 1094 442 denuo
1130 404 1443 455 comprehendi
1479 412 1524 444 et
1557 407 1775 456 proximo-

147 486 238 511 rum
258 480 443 525 quatuor
466 476 678 513 mensium
701 476 929 526 epistolae,
949 489 1060 526 quae
1083 476 1253 514 fuerant
1276 477 1329 515 ad
1350 476 1393 514 id
1410 491 1546 528 usque
1565 478 1776 528 temporis

148 546 474 595 praetermissa,
500 547 718 597 coniungi.
744 547 832 586 Sed
855 560 950 585 cum
981 553 1158 598 propter
1186 553 1382 585 assuetas
1417 550 1694 587 vacationum
1715 550 1775 587 fe-

148 616 246 663 rias,
285 618 534 668 complures
569 618 723 667 studijs
758 631 931 669 quoque
968 618 1151 668 publicis
1181 619 1415 665 defuerint,
1446 626 1642 658 nostrum
1671 621 1775 659 item

149 687 383 738 collegium
404 688 694 737 frequentiam
715 689 830 727 illam
852 688 906 727 ad
929 694 1200 727 sacramenta
1220 690 1489 728 venientium
1512 691 1650 729 minus
1681 704 1775 729 sen-

148 758 227 796 tire
266 760 473 809 oportuit.
511 760 607 798 Nec
643 761 817 799 omnino
854 766 1000 798 tamen
1035 761 1204 799 interea
1240 768 1457 800 cessatum
1489 769 1570 810 est,
1604 764 1775 814 saepius

149 830 262 868 enim
285 832 539 869 confluxere
556 845 643 869 non
663 833 804 882 pauci,
826 838 871 870 ut
892 831 1109 871 interdum
1132 835 1410 872 sacerdotum
1432 835 1654 884 penuriam
1672 848 1774 886 que-

147 914 358 949 reremur,
383 915 493 953 quos
514 903 748 942 feriaturos
771 905 901 942 etiam
922 904 1251 943 arbitrabamur.
1278 906 1397 955 Quot
1427 911 1573 944 autem
1609 907 1774 945 exerci-

148 974 207 1011 tia
242 973 443 1012 meditari
483 976 767 1025 susceperint,
805 989 857 1014 ne
896 976 1066 1026 longior
1103 977 1181 1014 sim
1216 976 1357 1026 (fuere
1391 977 1503 1015 enirn
1537 979 1771 1028 permulti),

146 1057 273 1094 quam
296 1045 441 1092 decet,
466 1058 554 1084 non
574 1051 679 1096 puto
701 1047 902 1097 priuatim
922 1059 1019 1084 esse
1042 1047 1334 1086 scribendum.

201 1126 237 1154 2„
299 1117 625 1155 Praetermissis
646 1131 753 1156 vero
777 1118 886 1167 alijs,
910 1131 1053 1169 neque
1088 1119 1236 1168 paucis
1257 1131 1399 1169 neque
1423 1121 1771 1168 contemnendis,

146 1188 217 1237 qui
252 1192 356 1226 tunc
390 1189 431 1226 in
467 1189 739 1227 Societatem
774 1189 947 1227 admissi
984 1194 1097 1236 sunt,
1140 1190 1279 1227 solum
1315 1189 1370 1227 de
1411 1190 1580 1228 duobus
1615 1191 1769 1238 dicam,

146 1272 331 1309 quorum
354 1258 559 1297 videntur
581 1259 709 1298 dotes
732 1273 829 1298 esse
853 1261 956 1298 satis
986 1273 1124 1298 rarae.
1157 1260 1281 1297 Alter
1316 1266 1384 1299 est
1419 1273 1566 1299 sacrae
1603 1262 1772 1300 theolo-

146 1331 244 1381 giae
266 1329 438 1378 doctor,
465 1332 587 1369 cuius
609 1332 650 1369 in
671 1332 753 1370 hac
774 1331 1063 1382 complutensi
1084 1331 1321 1378 academia,
1346 1332 1419 1370 vbi
1441 1345 1494 1370 eo
1518 1333 1770 1383 magisterio

146 1402 332 1441 donatus
355 1408 422 1441 est
443 1404 700 1450 honorifice,
726 1409 770 1442 et
791 1403 954 1454 ingenij
979 1408 1022 1441 et
1044 1404 1265 1441 literarum
1289 1416 1454 1441 summa
1489 1416 1661 1454 semper
1685 1405 1771 1454 opi-

144 1474 215 1512 nio
238 1474 331 1513 fuit.
357 1474 488 1524 Quod
508 1475 710 1526 profecto
733 1481 823 1513 tum
846 1475 1186 1526 disputationum
1208 1476 1434 1513 admiratio
1459 1481 1502 1514 et
1524 1477 1768 1526 applausus,

144 1553 234 1584 tum
256 1547 297 1584 in
318 1548 631 1597 philosophicis
652 1545 914 1586 lectionibus
936 1559 987 1585 ac
1016 1547 1280 1598 theologicis
1314 1547 1519 1597 (utroque
1556 1546 1669 1586 enim
1705 1553 1771 1586 est

143 1618 397 1668 perfunctus
421 1619 620 1669 munere)
642 1618 889 1657 auditorum
911 1631 1149 1657 concursus
1172 1625 1217 1657 et
1246 1619 1492 1669 frequentia
1522 1619 1625 1657 satis
1656 1632 1770 1657 corn-

145 1690 456 1739 probauerunt.
495 1690 619 1728 Alter
653 1703 826 1741 quoque
862 1690 1017 1727 artium
1053 1689 1136 1727 iam
1168 1690 1389 1741 magister,
1426 1690 1770 1741 theologiaeque

144 1760 300 1798 doctor
323 1760 591 1811 designatus,
615 1762 873 1812 linguarum,
897 1761 938 1798 id
957 1767 1024 1799 est
1044 1761 1220 1808 latinae,
1245 1774 1432 1812 graecae
1456 1766 1499 1799 et
1520 1762 1767 1809 hebraicae,

143 1832 327 1870 habetur
350 1833 456 1870 mire
478 1833 659 1882 peritus,
685 1838 728 1870 et
749 1832 867 1883 quod
888 1833 1020 1883 pluris
1044 1837 1124 1879 est,
1149 1833 1189 1870 in
1212 1834 1345 1871 sacris
1375 1833 1512 1871 literis
1541 1833 1770 1883 plurimum

144 1904 427 1941 exercitatus.
464 1904 529 1940 Ita
549 1902 738 1953 denique
774 1903 1030 1954 grauissima
1051 1916 1251 1954 quaeque
1273 1903 1416 1942 studia
1436 1909 1664 1942 assecutus
1686 1909 1767 1952 est,

143 1978 187 2012 ut
209 1987 293 2025 qua
313 1975 354 2012 in
375 1980 497 2025 parte
518 1975 791 2025 potissimum
815 1975 974 2021 valea133
997 1987 1084 2012 non
1118 1974 1244 2013 facile
1282 1975 1336 2012 sit
1366 1974 1530 2013 dicere.
1555 1974 1769 2013 Eruditio-

143 2058 242 2083 nem
279 2047 392 2083 enim
427 2058 700 2096 nequaquam
733 2046 957 2096 vulgarem
978 2045 1155 2083 adiuuat
1176 2046 1387 2083 memoria
1406 2059 1518 2096 pene
1542 2046 1769 2084 incredibi-

141 2116 207 2164 lis,
231 2123 278 2155 vt
300 2117 673 2167 complutensibus
696 2117 910 2164 omnibus,
934 2117 1191 2168 quibuscum
1214 2121 1331 2155 esset
1354 2121 1554 2155 versatus
1581 2118 1769 2168 aliquan-

140 2194 247 2236 tum,
271 2190 509 2227 haberetur
529 2193 733 2239 tanquam
754 2189 955 2240 prodigio
980 2190 1004 2226 ¹.
1031 2189 1158 2227 Hunc
1191 2189 1233 2226 in
1264 2189 1482 2226 eborense
1518 2189 1766 2239 collegium,

141 2261 397 2312 theologiae
420 2261 684 2299 destinatum
719 2265 1070 2310 praeceptorem,
1109 2272 1258 2298 secum
1293 2260 1390 2298 tulit
1410 2273 1547 2310 nuper
1569 2261 1615 2298 Ρ.
1640 2261 1768 2298 Fran-

143 2333 284 2370 ciscus
304 2332 323 2350 a
343 2334 368 2369 ².
394 2332 463 2370 Ad
484 2344 630 2382 quem,
654 2345 751 2370 cum
774 2331 916 2370 adhuc
937 2331 1050 2382 apud
1070 2344 1151 2369 nos
1183 2336 1316 2377 esset,
1341 2331 1467 2368 huius
1496 2331 1670 2382 collegij
1703 2344 1767 2370 re-

187 2510 207 2529 a
260 2509 442 2546 Emend.
466 2520 515 2546 ex
535 2508 811 2546 Fransciscus.

190 2694 200 2713 ¹
252 2692 329 2730 Hic
348 2705 480 2729 sermo
501 2698 560 2729 est
579 2693 628 2729 de
648 2692 692 2729 P.
714 2692 843 2729 Paulo
862 2692 1027 2736 Ferret,
1047 2693 1256 2739 ingressus
1275 2694 1339 2730 die
1357 2693 1399 2730 21
1423 2693 1533 2740 Junii
1548 2694 1642 2730 anni
1664 2695 1764 2732 1559.

143 2752 207 2789 Cf.
242 2752 425 2796 CASTRO,
455 2752 654 2790 Historia
684 2762 763 2788 ms.
792 2752 864 2789 del
889 2753 1046 2798 colegio
1074 2753 1371 2798 complutense
1388 2753 1443 2790 de
1461 2754 1502 2789 la
1527 2753 1766 2800 Compam'a

142 2811 197 2849 de
207 2812 356 2858 sestis,
379 2812 404 2848 l.
425 2811 459 2855 9,
477 2825 510 2848 c.
531 2811 565 2856 9;
588 2811 811 2854 ALCAZAR,
832 2812 1222 2849 Chirona-Historia
1238 2813 1349 2849 dela
1370 2813 1608 2859 Conzpm‘zia
1628 2813 1683 2849 de
1693 2813 1764 2860 Je-

141 2872 218 2909 sus
236 2881 287 2908 en
307 2872 352 2908 la
370 2871 604 2909 Provincia
625 2870 679 2907 de
703 2870 870 2915 Toledo,
901 2877 926 2907 t.
956 2871 986 2917 I,
1020 2872 1172 2909 decada
1198 2871 1248 2916 II,
1276 2876 1354 2908 aflo
1380 2870 1452 2918 IX,
1481 2884 1513 2908 c.
1546 2872 1611 2916 1.⁰,
1640 2876 1660 2915 ἓ
1689 2872 1764 2910 lV.

143 2931 278 2975 Alius,
307 2931 357 2967 ad
387 2942 507 2978 quem
525 2934 647 2967 antea
664 2929 854 2975 refertur,
876 2936 951 2973 est,
971 2936 1014 2968 ut
1034 2931 1189 2968 eruitur
1208 2943 1258 2968 ex
1272 2931 1405 2968 citatis
1423 2930 1539 2976 AA.,
1560 2931 1606 2968 P.
1626 2931 1764 2968 Ferdi-

140 2990 297 3028 nandus
331 2989 380 3027 de
410 2989 528 3037 jaen,
564 2989 613 3026 de
647 3001 726 3035 quo
760 2989 841 3036 iam
875 2990 1013 3037 aliqua
1046 2990 1287 3028 notavimus.
1321 2989 1385 3028 Cf.
1437 3002 1572 3037 supra,
1608 3003 1645 3037 p.
1680 2989 1762 3036 272,

141 3053 276 3088 annot.
297 3048 330 3086 2.

188 3109 202 3129 ²
252 3106 357 3145 §.tus
375 3107 618 3145 Franciscus
636 3107 800 3155 Borgia.
