1908 3446
218 311 288 350 562
683 313 902 352 LITTERAE
929 313 1287 360 QUADRIMESTRES

172 417 236 454 sio
259 417 375 455 Patri
398 417 618 467 Baptistae
640 418 815 458 nomine
841 420 975 458 totius
998 419 1249 467 Societatis,
1274 432 1325 458 ac
1347 419 1506 458 deinde
1529 420 1657 459 Pater
1680 420 1796 459 idem

175 489 331 526 obtulit
366 488 587 526 fundatori
618 490 682 537 (ut
717 490 954 529 Societatis
976 503 1070 529 mos
1095 491 1179 541 est)
1202 504 1375 529 ceream
1398 490 1636 530 candelam.
1663 491 1802 540 Quam

173 559 245 597 ille
267 561 392 597 flexis
413 560 601 611 genibus
623 574 790 599 summa
812 574 907 599 cum
931 562 1183 600 reuerentia
1205 563 1412 612 suscepit.
1446 562 1597 600 Finitis
1629 563 1803 601 tandem

173 630 342 669 actibus
360 631 557 681 publicis,
573 632 659 682 qui,
679 638 725 670 ut
742 633 940 683 praedita
956 632 1046 682 [sic]
1067 637 1159 670 rata
1177 639 1339 680 essent,
1359 634 1706 684 requirebantur,
1720 634 1804 672 itur

173 701 226 739 ad
248 701 487 752 prandium.
514 703 644 752 Quod
667 704 899 754 religiosus
921 704 1005 741 iste
1026 704 1158 742 homo
1181 704 1388 755 religiose
1412 704 1647 743 admodum
1667 705 1804 743 homi—

172 774 299 812 nibus
319 781 553 825 parauerat
574 775 805 826 religiosis.
839 776 944 813 Tale
976 788 1163 826 namque
1194 776 1288 823 fuit,
1322 782 1367 814 ut
1403 777 1445 814 in
1481 789 1535 814 eo
1570 777 1802 827 pauperies

173 846 360 883 maxime
395 846 630 893 reluceret,
668 859 750 884 nec
785 852 933 884 tamen
968 846 1111 885 locum
1147 847 1335 898 aliquem
1374 847 1540 885 habere
1577 846 1802 884 videretur

176 922 367 967 egestas.
393 917 498 955 Post
516 917 770 967 prandium
791 930 1038 957 conuenere
1061 931 1212 957 omnes
1230 916 1472 957 Societatis
1490 918 1651 957 Patres
1667 918 1804 957 simul

174 1000 275 1026 cum
289 987 548 1039 fundatore
564 991 604 1028 et
621 988 809 1040 reliquis
825 989 1126 1028 secularibus.
1150 989 1381 1028 Oriuntur
1397 989 1642 1041 colloquia.
1664 989 1802 1038 Quae,

174 1059 256 1098 etsi
289 1072 381 1098 non
416 1060 600 1099 omnino
632 1061 865 1112 religiosa,
909 1076 961 1101 ne
992 1063 1101 1101 esset
1134 1061 1412 1109 indecoram,
1450 1062 1498 1100 in
1533 1061 1805 1114 religiosam

174 1133 338 1179 tamen,
358 1131 511 1182 potius
533 1145 670 1182 qaam
691 1133 739 1171 in
759 1135 1012 1173 secularem
1034 1133 1324 1173 declinabant
1355 1132 1661 1173 alacritatem.
1697 1135 1805 1172 Tan—

176 1202 275 1240 dem
296 1205 509 1254 vergente
531 1203 601 1243 die
622 1212 640 1230 a
661 1205 802 1256 quiuis
824 1206 864 1242 in
887 1205 1061 1256 propria
1082 1205 1283 1243 recessit.

226 1284 263 1320 3.
324 1275 554 1313 Dominica
580 1276 717 1326 prima
748 1277 964 1327 sequenti,
1003 1277 1258 1327 compositis
1290 1282 1528 1328 utcumque
1564 1277 1695 1315 rebus
1731 1277 1805 1315 do-

174 1346 368 1384 mesticis
404 1346 458 1384 ad
497 1361 621 1385 usum
657 1347 775 1386 vitae
814 1348 1091 1397 necessarijS,
1130 1349 1429 1386 conuertimur
1468 1348 1522 1386 ad
1560 1349 1799 1399 proximos.

174 1417 484 1456 Conuocamus
518 1420 725 1469 populum
757 1420 1081 1458 circumeuntes
1117 1421 1253 1459 calles
1278 1419 1312 1467 b,
1345 1420 1492 1471 pueris
1523 1421 1805 1471 congregatis

175 1493 220 1527 et
252 1488 403 1527 ordine
438 1495 561 1528 recto
596 1491 924 1541 praeeuntibus,
962 1504 1048 1529 uno
1084 1492 1257 1530 interim
1292 1491 1464 1529 illorum
1500 1492 1804 1529 tintinabulum

174 1562 389 1612 pulsante.
414 1563 691 1601 Reuertimur
713 1563 754 1601 in
783 1564 1019 1614 collegium
1046 1568 1260 1611 nostrum,
1292 1564 1363 1602 ubi
1396 1565 1524 1601 Pater
1555 1574 1701 1601 rector
1731 1576 1806 1614 po-

172 1634 319 1684 pulum
342 1635 562 1682 salutauit,
587 1640 632 1673 et
652 1635 898 1673 institutum
919 1641 1117 1674 nostrum
1139 1648 1191 1674 ac
1211 1636 1426 1674 aduentus
1459 1648 1633 1674 causam
1665 1635 1805 1673 breui-

175 1710 242 1742 ter
265 1706 483 1756 exposuit.
508 1706 645 1755 Cujus
667 1706 826 1745 deinde
848 1707 968 1745 iussu
990 1708 1120 1745 Pater
1142 1707 1249 1745 alius
1280 1707 1408 1755 hujus
1431 1706 1606 1757 collegij
1632 1707 1805 1744 concio-

174 1789 274 1814 nem
308 1777 428 1824 fecit,
465 1790 550 1828 qua
571 1778 817 1816 summatim
840 1784 884 1816 et
906 1778 1167 1829 compendio
1191 1778 1379 1828 quodam
1403 1782 1541 1816 totam
1563 1776 1805 1816 doctrinam

175 1848 452 1886 christianam
481 1850 750 1900 perstrinxit,
788 1850 966 1888 aliciens
1005 1850 1212 1901 populum
1252 1850 1306 1888 ad
1343 1850 1540 1888 eiusdem
1581 1850 1806 1888 doctrinae

175 1919 457 1970 desyderium
479 1921 603 1958 simul
627 1926 671 1959 et
693 1921 899 1960 studium.
934 1921 1065 1972 Quod
1099 1923 1142 1960 in
1176 1921 1359 1972 regione
1395 1922 1476 1960 hac
1513 1927 1580 1960 est
1614 1921 1806 1972 apprime

173 1993 486 2030 necessarium.
520 1992 741 2044 Deinceps
785 2006 893 2032 vero
917 1993 1097 2044 singulis
1118 1993 1212 2031 fere
1235 1993 1405 2040 diebus,
1431 1994 1561 2031 etiarn
1582 1993 1804 2044 profestis,

175 2063 338 2101 adeunt
357 2064 497 2102 nostri
516 2065 717 2115 proxima
743 2066 841 2104 loca
868 2065 1112 2103 doctrinam
1143 2064 1421 2104 christianam
1451 2077 1614 2115 pueros
1646 2064 1807 2103 docen-

174 2140 256 2182 teS,
283 2139 325 2174 et
346 2136 517 2175 festiuis
539 2137 694 2175 diebus
717 2137 948 2188 euangelia
971 2142 1246 2188 exponentes
1270 2138 1399 2175 etiam
1421 2136 1656 2175 maioribus
1686 2142 1803 2175 natu.

174 2208 221 2245 In
241 2207 327 2246 hoc
348 2209 510 2259 pariter
531 2210 896 2261 quadragesimali
920 2215 1119 2260 tempore
1141 2209 1329 2247 habetur
1360 2209 1402 2246 in
1431 2212 1583 2247 nostro
1616 2209 1805 2259 collegio

174 2279 229 2317 ad
249 2280 455 2330 populum
486 2282 641 2319 concio
672 2281 781 2320 feria
810 2287 965 2332 quarta
1001 2287 1044 2319 et
1080 2285 1219 2319 sexta.
1258 2281 1312 2318 Et
1347 2280 1542 2319 mirabile
1578 2285 1645 2318 est
1679 2293 1806 2331 quam

174 2355 343 2389 attente
378 2364 594 2402 pauperes
629 2353 864 2404 agricolae,
903 2353 1160 2404 postpositis
1191 2352 1397 2403 operibus
1430 2364 1484 2389 ex
1506 2351 1661 2403 quibus
1684 2351 1806 2389 victi-

175 2427 281 2470 tant,
306 2424 490 2462 verbum
513 2424 595 2462 Dei
616 2423 807 2464 audiant.
832 2424 899 2462 Fit
922 2425 1053 2462 etiam
1076 2437 1245 2462 sacrum
1267 2424 1309 2462 in
1330 2429 1482 2462 nostro
1509 2423 1698 2474 collegio
1725 2423 1806 2461 sin-

174 2494 286 2545 gulis
308 2494 464 2533 diebus
486 2509 654 2534 summo
677 2509 818 2534 mane.
845 2496 976 2545 Quod
1006 2495 1191 2534 subinde
1222 2495 1344 2534 audit
1376 2495 1514 2534 omnis
1548 2495 1640 2534 fere
1671 2506 1805 2545 popu-

173 2567 254 2604 lus.
279 2567 385 2605 Post
406 2566 523 2617 quod
544 2568 840 2618 unusquisque
862 2568 1077 2618 reliquum
1099 2568 1310 2618 temporis
1332 2568 1374 2605 in
1406 2567 1488 2605 Dei
1522 2567 1739 2605 honorem
1763 2567 1806 2602 et

174 2650 332 2689 magno
356 2651 452 2676 cum
473 2637 635 2689 gaudio
657 2639 920 2688 necessarijs
941 2639 1061 2678 vitae
1083 2639 1276 2690 negotiis
1297 2637 1525 2690 impendit.

224 2719 265 2757 4.
326 2710 487 2748 Curant
508 2710 646 2748 nostri
668 2711 869 2761 exemplo
893 2724 972 2749 suo
994 2711 1235 2761 parrochos
1255 2710 1467 2749 inducere
1490 2714 1537 2748 ut
1559 2708 1696 2747 uerbo
1721 2707 1803 2746 Dei

173 2783 347 2827 vacent,
372 2779 615 2819 doctrinam
632 2781 909 2820 christianam
926 2780 1123 2832 quotidie
1139 2782 1375 2829 inculcent,
1397 2786 1441 2819 et
1456 2780 1626 2819 festiuis
1649 2780 1803 2818 saltem

174 2851 343 2900 diebus,
382 2852 599 2903 euangelij
631 2865 807 2892 sensum
836 2854 998 2904 populo
1029 2858 1289 2905 proponant.
1312 2851 1448 2903 Quod
1478 2856 1524 2890 ut
1554 2857 1703 2903 agant,
1737 2863 1805 2889 ro-

174 2928 279 2974 gant
300 2931 317 2949 0
337 2925 490 2972 nostri,
519 2924 772 2973 admonent,
811 2925 1061 2973 obsecrant,
1096 2930 1140 2964 et
1165 2930 1396 2976 torpentes
1429 2923 1633 2963 modeste
1664 2923 1803 2962 incre-

223 3117 242 3135 ὃ
284 3109 358 3146 sub
377 3121 561 3157 vespera.
593 3110 657 3135 —b
680 3109 799 3147 vicos.
851 3118 916 3137 —0
944 3110 1036 3157 Seq.
1058 3114 1207 3157 rogant
1226 3109 1352 3148 delet.
