1908 3446
233 161 301 197 814
697 162 914 199 L1TTERAE
941 161 1297 207 QUADRIMESTRES

188 264 417 302 tumaciam
439 265 480 302 in
503 277 725 303 carcerem
749 264 1028 310 coniecisset,
1047 276 1131 302 nec
1151 265 1204 302 ab
1222 265 1316 313 alijs
1334 270 1485 315 posset
1505 265 1694 314 exorarj,
1718 269 1808 302 tan-

188 334 285 372 dein
309 337 534 386 respondit
558 349 603 374 se
625 337 740 374 nolle
764 336 949 373 liberare
981 348 1094 383 eum,
1118 336 1199 373 nisi
1220 349 1297 386 pro
1322 348 1374 373 eo
1405 336 1594 385 jesuitae
1623 337 1808 374 interce-

187 406 357 445 derent.
383 408 494 446 Hinc
516 409 651 445 nostri
676 408 806 445 etiam
827 420 905 457 pro
937 407 1030 456 alijs
1059 407 1230 445 duobus
1260 407 1494 445 liberandis
1517 412 1740 458 rogarunt,
1766 412 1809 445 et

187 477 356 516 liberati
393 485 504 518 sunt.
540 480 650 517 Hinc
680 479 853 530 quidam
884 480 1051 516 hussita
1082 478 1289 517 sacerdos
1313 492 1367 517 ex
1390 491 1567 517 carcere
1599 478 1808 516 hussitico

188 549 402 588 deductus
421 557 488 588 est
505 551 544 587 in
564 550 840 596 catholicum,
860 563 945 600 quo
967 555 1120 600 posset
1143 551 1359 588 ecclesiae
1379 549 1638 596 catholicae,
1658 555 1705 587 ut
1726 549 1810 587 fac-

187 626 276 657 tum
300 626 381 667 est,
406 621 693 669 reconciliarj.
719 621 765 657 In
787 633 872 670 quo
897 621 1027 658 etiam
1050 621 1267 659 catholico
1292 633 1468 659 carcere
1492 620 1614 658 multi
1651 621 1811 672 captiui

187 692 345 728 nostris
364 704 495 741 saepe
515 692 793 737 confitentur,
815 697 857 729 et
877 704 930 729 eo
944 691 1116 741 quando
1135 692 1331 739 ueniunt,
1347 697 1466 729 tanta
1485 691 1628 729 cordis
1647 691 1811 729 exulta-

187 762 305 800 tione
324 763 409 801 hoc
425 767 744 800 sacramentum
767 769 784 787 a
807 762 1060 813 suscipiunt,
1081 767 1127 800 ut
1145 775 1239 801 eam
1260 775 1347 800 non
1365 762 1511 801 uerbis
1528 766 1709 810 tantum,
1735 763 1812 800 sed

187 839 230 871 et
247 835 478 884 lachrymis
494 820 625 885 saepe
642 839 876 872 testentur.
895 834 1101 872 Similiter
1117 833 1159 871 in
1174 835 1338 885 templo
1354 839 1507 872 nostro
1524 834 1614 872 itali
1630 834 1695 881 81,
1715 847 1812 885 ger-

187 906 298 943 mani
319 916 383 953 33,
410 911 453 943 et
474 906 652 943 bohemi
674 906 723 943 28
744 905 830 943 hoc
851 903 1158 955 quadrimestri
1179 910 1380 955 tempore
1413 904 1605 943 confessi
1626 910 1740 952 sunt,
1767 911 1810 942 et

186 977 227 1013 in
248 977 499 1014 uniuersum
523 978 635 1014 ultra
661 986 733 1014 100
755 976 1146 1023 communicarunt,
1170 976 1367 1027 quamuis
1391 981 1517 1013 extra
1534 974 1813 1027 quadragesi-

187 1060 281 1085 mae
303 1053 476 1098 tempus
497 1047 694 1098 germani
716 1052 759 1085 et
782 1047 973 1094 bohemi,
998 1047 1318 1098 quantumlibet
1341 1047 1560 1094 catholici,
1594 1046 1812 1085 rarissime

187 1119 401 1165 confiteri,
434 1119 594 1157 nedum
626 1119 949 1156 communicare
981 1119 1167 1157 soleant.
1200 1119 1318 1156 Inter
1351 1131 1429 1156 eos
1459 1123 1606 1156 autem
1637 1118 1811 1169 quidam

186 1185 399 1223 bohemus
421 1185 541 1231 baro,
566 1185 668 1223 licet
691 1184 763 1222 uix
785 1184 890 1222 satis
912 1185 1162 1235 germanice
1192 1185 1463 1234 loqueretur,
1497 1184 1646 1222 maluit
1666 1189 1813 1222 tamen

187 1256 355 1294 cuidam
379 1268 433 1293 ex
455 1256 616 1294 nostris
638 1256 904 1306 germanice,
929 1268 1055 1306 quam
1078 1256 1188 1305 alijs,
1213 1255 1327 1306 apud
1348 1268 1458 1306 quos
1480 1255 1655 1306 agebat,
1678 1256 1814 1293 bohe-

187 1328 297 1365 mice
321 1327 535 1365 confiteri.
562 1327 714 1364 Mulier
747 1327 878 1365 etiam
900 1340 999 1374 una,
1023 1340 1133 1378 quae
1165 1339 1242 1377 per
1270 1327 1520 1374 triennium,
1557 1332 1601 1364 et
1630 1326 1695 1364 uir
1725 1327 1814 1377 qui-

187 1397 316 1449 d[am]
340 1398 373 1444 b,
398 1398 469 1448 qui
496 1398 542 1435 16
563 1398 684 1435 annis
705 1402 792 1435 tarn
825 1397 1165 1445 confessionem,
1199 1410 1327 1448 quarn
1354 1398 1707 1436 communionem
1740 1410 1814 1435 ne-

186 1470 430 1520 glexerant,
454 1469 567 1520 apud
588 1481 669 1507 nos
689 1468 866 1507 tandem
888 1470 947 1507 ita
966 1471 1296 1520 poenituerunt,
1321 1473 1366 1506 ut
1389 1474 1512 1507 certo
1533 1469 1814 1519 promiserint

187 1553 233 1578 se
252 1541 460 1591 deinceps
477 1540 629 1577 maiori
646 1540 811 1590 pietate
831 1546 875 1577 et
892 1546 1267 1579 sacramentorum
1284 1540 1573 1590 frequentiori
1590 1553 1670 1578 usu
1691 1552 1813 1578 recu-

187 1616 418 1662 peraturos
439 1610 556 1662 quod
586 1616 715 1649 antea
744 1615 832 1649 tam
868 1612 998 1662 longa
1030 1616 1074 1649 et
1108 1611 1350 1661 pernitiosa
1378 1611 1651 1662 negligentia
1671 1611 1814 1649 fuerat

186 1683 405 1721 amissum.
430 1683 610 1732 Insuper
631 1682 848 1720 bohemus
869 1696 979 1720 unus
1003 1688 1045 1720 et
1067 1680 1265 1733 germani
1286 1687 1377 1720 tres
1399 1681 1452 1720 ab
1473 1682 1699 1720 haeretica
1719 1693 1815 1732 per-

187 1755 287 1792 fidia
308 1753 361 1792 ad
384 1766 532 1791 ueram
553 1753 716 1791 Christi
732 1753 878 1800 fidem,
898 1754 992 1804 ipso
1016 1758 1304 1804 cooperante,
1337 1753 1508 1792 reducti
1544 1758 1657 1791 sunt.
1691 1753 1813 1791 Alius

189 1827 318 1863 etiarn
342 1838 495 1872 senex,
519 1825 591 1875 qui
611 1836 715 1874 prae
737 1825 868 1862 nimia
897 1830 1044 1863 aetate
1067 1825 1140 1863 uix
1162 1823 1333 1876 ingredi
1354 1830 1428 1862 aut
1451 1824 1603 1863 uidere
1633 1823 1814 1874 amplius

186 1897 343 1948 potuit,
370 1902 413 1934 et
445 1909 469 1934 a
489 1906 541 1943 30
562 1896 685 1934 annis
708 1897 938 1936 confessus
968 1910 1055 1935 non
1084 1897 1243 1944 fuerat,
1279 1901 1323 1934 et
1342 1908 1561 1947 nunquam
1582 1908 1659 1947 per
1681 1895 1814 1933 uitam

187 1974 324 2007 totam
348 1971 764 2017 communicauerat,
784 1970 867 2007 iam
889 1974 989 2020 post
1011 1968 1167 2006 multas
1189 1974 1440 2006 nostrorum
1463 1968 1640 2006 Patrum
1661 1980 1713 2006 ac
1734 1967 1814 2006 fra-

187 2047 298 2079 trum
315 2042 629 2081 instructiones
647 2048 691 2081 et
713 2049 729 2067 c
753 2041 1102 2088 exhortationes,
1122 2040 1383 2091 interposito
1402 2040 1663 2087 iuramento,
1682 2039 1813 2077 fidem

187 2117 231 2150 et
253 2113 606 2152 communionem
629 2114 889 2152 catholicam
917 2114 1144 2163 amplexus
1166 2117 1248 2151 est.
1274 2113 1320 2150 In
1343 2112 1516 2150 casibus
1547 2111 1677 2150 etiam
1713 2124 1813 2150 con-

188 2184 398 2222 scientiae
421 2191 508 2223 tam
529 2186 741 2233 hussitae,
765 2197 892 2236 quam
915 2183 1133 2231 catholici,
1157 2189 1336 2222 nostros
1357 2183 1613 2234 frequenter
1634 2183 1812 2230 adeunt,

187 2261 317 2306 atque
340 2256 533 2305 consilijs
556 2270 708 2295 eorum
730 2257 919 2294 libenter
951 2256 1251 2306 acquiescunt,
1285 2255 1386 2305 quin
1416 2254 1609 2306 ipsorum
1641 2259 1814 2293 contro-

188 2327 354 2364 uersias
375 2339 426 2365 ac
446 2327 546 2365 lites
567 2341 644 2378 per
674 2334 850 2366 nostros
882 2339 1013 2377 saepe
1047 2326 1250 2377 componi
1282 2324 1551 2372 desiderant3
1583 2324 1638 2363 de
1660 2323 1814 2376 quibus

188 2398 322 2436 multa
341 2397 517 2449 quidem
541 2399 742 2449 exempla
764 2398 854 2436 dari
883 2403 1081 2448 possent,
1104 2398 1185 2435 nisi
1208 2397 1311 2435 mihi
1333 2397 1556 2435 literarum
1586 2395 1814 2447 prolixitas

190 2474 308 2507 esset
330 2468 506 2506 uitanda
527 2468 561 2507 d.
587 2470 682 2507 Pari
705 2469 836 2507 modo
860 2481 962 2506 suos
985 2468 1120 2506 libros
1142 2468 1260 2518 prius
1281 2472 1460 2506 nostrae
1483 2479 1694 2506 censurae
1717 2468 1813 2505 sub-

187 2539 354 2590 ijciunt,
391 2553 518 2591 quarn
539 2541 582 2578 in
611 2541 755 2579 lucem
787 2540 962 2588 aedant,
988 2545 1031 2578 et
1052 2539 1157 2578 boni
1179 2541 1413 2578 consulunt
1444 2539 1617 2590 quando
1649 2539 1812 2577 dissua-

187 2612 315 2650 detur
336 2611 516 2659 aedstio,
541 2616 587 2649 ut
610 2612 812 2662 exempla
833 2611 884 2649 D.
910 2611 1154 2662 Praepositi
1184 2616 1228 2649 et
1260 2611 1315 2649 M.
1341 2611 1453 2650 Galli
1477 2613 1502 2658 ¹,
1534 2610 1745 2658 hussitae,
1770 2616 1814 2649 et

232 2737 251 2756 a
300 2736 412 2774 3vv.
431 2741 575 2783 praec.
597 2737 644 2772 in
662 2746 823 2782 marg.,·
838 2736 1035 2783 primum
1065 2738 1272 2779 auctoris,
1301 2735 1389 2772 duo
1417 2735 1508 2772 alia
1536 2734 1738 2778 Polanci,
1766 2738 1816 2772 ut

186 2797 374 2842 videtur,
395 2807 548 2834 manu.
605 2797 668 2821 —b
693 2796 959 2842 Consumpta
980 2796 1146 2833 charta.
1202 2802 1265 2821 „c
1286 2799 1326 2831 et
1344 2799 1483 2840 supra
1500 2805 1609 2831 vers.
1665 2795 1731 2820 —d
1754 2794 1816 2831 ui-

187 2862 298 2894 tanta
318 2866 398 2893 ms.

238 2978 245 2998 ¹
299 2976 406 3014 Vide
426 2987 561 3022 supra,
583 2988 618 3021 p.
639 2973 720 3011 303,
