1908 3446
173 204 243 241 696
638 203 856 241 LITTERAE
883 203 1238 250 QUADRIMESTRES

127 308 277 358 luogo,
302 308 488 347 hauesse
511 307 551 345 in
586 309 732 345 buona
752 313 876 358 parte
899 307 1097 358 mitigato
1121 309 1177 345 tal
1199 308 1293 345 loro
1316 306 1553 353 desideri03
1575 307 1602 344 il
1624 308 1749 357 quale

129 379 207 416 M.⁰
236 379 358 417 Lelio
392 382 413 417 e
447 391 550 417 cosa
582 383 703 417 certo
736 378 789 416 da
819 378 940 416 lodar
975 377 1001 415 il
1038 379 1124 417 S.re
1158 378 1185 415 il
1216 378 1381 416 vedere
1413 382 1573 428 quanto
1595 378 1752 415 habbia

130 450 232 488 dato
255 449 308 488 da
338 449 651 501 marauigliarsi
683 463 705 487 a
738 450 928 500 ogniuno
952 449 1251 487 incontinente
1275 450 1355 486 che
1378 448 1507 486 diede
1536 449 1687 499 saggio
1711 448 1753 486 di

130 534 206 560 sua
228 521 434 565 dottrffia,
468 536 553 560 non
578 523 671 559 solo
702 534 779 571 per
803 522 1033 559 dimostrar
1068 521 1124 569 luj
1158 521 1294 558 molto
1326 520 1470 557 buona
1501 520 1752 570 cognitione

132 593 175 630 di
196 606 331 644 greco
356 599 398 631 et
422 595 570 640 latino,
596 606 664 631 ma
685 593 824 631 ancho
847 605 923 643 per
956 605 1077 630 esser
1099 591 1140 629 di
1163 594 1254 630 cosi
1274 603 1386 641 poca
1422 593 1506 638 eta,
1544 592 1755 642 ch'apena

129 667 150 702 ἐ
174 665 327 716 giunto
350 677 372 701 a
406 676 452 714 19
472 659 584 703 anni.
610 664 688 702 Lui
710 665 883 714 dunque
911 663 1114 702 hauendo
1145 663 1453 701 incominciato
1476 663 1514 700 al
1544 663 1754 713 principio

130 735 172 774 di
199 736 443 786 quaresima
475 750 498 774 a
528 737 683 786 legger
719 736 759 773 in
790 735 951 781 studio,
984 735 1039 772 ha
1068 740 1355 785 perseuerato
1387 734 1511 771 insin’
1545 734 1652 771 hora
1674 746 1755 771 con

128 807 292 858 grande
314 806 622 846 sodisfattione
647 807 721 845 de'
743 806 838 856 suoj
863 806 1068 855 auditorj,
1093 806 1264 843 benche
1286 818 1362 855 per
1383 804 1527 842 alcuni
1548 804 1688 855 giornj
1713 805 1756 842 fu

130 879 298 916 forzato
330 891 354 916 a
389 879 614 917 tralasciar
646 879 673 916 il
704 879 885 929 leggere
910 877 1025 914 circa
1056 878 1093 914 13
1116 879 1232 914 meta
1254 876 1296 914 di
1317 875 1574 926 quaresima,
1598 876 1759 913 hauen-

129 949 230 988 dolo
254 962 383 1000 preso
404 962 488 987 vna
509 950 648 987 febre.
674 952 739 987 De
762 950 800 987 13
821 949 947 999 quale
970 949 1042 999 poi
1065 949 1145 986 che
1164 961 1240 999 per
1262 948 1402 998 gratia
1423 947 1465 984 di
1486 946 1567 985 Dio
1589 947 1633 985 fu
1656 947 1758 985 libe-

129 1033 193 1067 ro,
220 1021 394 1071 seguito
419 1033 495 1058 sue
517 1021 720 1059 lettione.
747 1022 806 1058 Le
829 1020 943 1069 quali
967 1032 1075 1058 sono
1099 1018 1213 1057 della
1234 1018 1455 1057 rhetorica
1476 1017 1758 1056 d’Aristotele

132 1105 266 1143 greca
297 1098 340 1130 et
372 1093 441 1131 del
476 1098 595 1131 sesto
628 1092 726 1130 dell’
750 1092 917 1130 Eneide
948 1091 1258 1130 incominciato
1282 1091 1352 1142 gia
1373 1090 1456 1129 due
1479 1091 1577 1140 annj
1601 1090 1670 1128 dal
1690 1088 1760 1128 Vi-

129 1177 307 1214 perano.
335 1165 402 1202 Ma
423 1165 569 1202 auanti
592 1164 1000 1202 ch'incominciasse
1024 1177 1047 1201 a
1068 1164 1268 1214 leggere,
1292 1164 1431 1202 recito
1467 1164 1583 1201 nello
1616 1161 1759 1200 studio

130 1249 215 1273 vna
238 1236 437 1274 oratione
460 1235 741 1274 dichiarando
765 1236 806 1273 in
830 1247 927 1273 essa
949 1247 1027 1273 suo
1051 1234 1221 1272 istituto
1252 1239 1295 1271 et
1327 1234 1562 1272 esortando
1585 1232 1761 1284 gl'audi-

128 1307 214 1344 tori
236 1307 429 1345 all‘esser
451 1306 539 1343 ne’i
563 1306 693 1355 studij
719 1304 921 1344 solleciti.

186 1389 223 1416 2.
284 1379 367 1416 Nel
391 1380 467 1416 S.t0
499 1377 655 1428 giorno
678 1376 733 1415 de
757 1379 796 1415 la
819 1379 1104 1423 Pentecoste,
1129 1377 1200 1414 nel
1222 1377 1349 1427 quale
1371 1375 1493 1427 quasi
1527 1381 1641 1414 tutta
1661 1387 1763 1425 que-

133 1452 199 1488 sta
221 1450 305 1488 cita
327 1450 451 1487 suole
475 1461 740 1488 concorrere
773 1461 797 1486 3
826 1449 866 1486 13
895 1451 1047 1486 nostra
1077 1448 1225 1486 chiesa
1251 1459 1329 1498 per
1352 1446 1656 1498 l’indulgentia
1676 1446 1763 1496 ple-

131 1522 251 1560 naria
273 1522 389 1560 ch'in
414 1522 472 1559 tal
495 1521 650 1572 giorno
674 1521 763 1568 v’e,
788 1521 1085 1558 s'attaccorno
1108 1532 1132 1557 3
1153 1520 1192 1557 13
1212 1523 1339 1570 porta
1356 1519 1470 1557 della
1491 1519 1640 1557 chiesa
1659 1518 1764 1556 mol-

130 1594 161 1631 ti
199 1593 315 1631 versi
347 1595 439 1632 cosi
470 1593 606 1643 greci,
641 1604 768 1630 come
799 1591 936 1640 latinj,
971 1592 1010 1628 la
1042 1591 1111 1629 0111
1142 1590 1324 1629 materia
1355 1602 1429 1628 era
1456 1590 1764 1628 conueneuole

133 1665 246 1714 alfia]
272 1665 291 1683 a
311 1665 425 1703 festa
449 1669 492 1702 et
513 1663 802 1714 indulgentia.
828 1665 897 1701 Ma
918 1669 983 1701 tra
1004 1662 1141 1700 l’altre
1164 1662 1207 1699 vi
1238 1661 1281 1699 fu
1303 1675 1387 1699 vna
1405 1673 1509 1699 cosa
1530 1661 1611 1699 che
1632 1673 1765 1712 parue

133 1749 219 1775 non
245 1750 343 1775 men
366 1736 630 1787 ingegniosa
646 1736 727 1774 che
744 1735 875 1782 bella3
895 1733 1172 1773 ch’hauendo
1191 1732 1372 1784 depinto
1391 1733 1476 1771 due
1495 1731 1639 1771 arbori
1656 1733 1767 1770 assai

135 1810 479 1859 galantemente,
504 1807 623 1845 l'una
644 1806 760 1844 delle
783 1806 897 1856 qualj
922 1805 957 1843 si
978 1805 1124 1856 fingea
1146 1817 1268 1843 esser
1290 1804 1406 1842 dello
1430 1804 1591 1855 Spirito
1614 1803 1764 1849 Santo,

134 1881 275 1919 l’altra
295 1880 365 1919 del
401 1879 514 1918 malo
551 1879 719 1929 spirito,
759 1878 969 1915 s'hauean
1008 1876 1220 1915 descritte
1255 1877 1296 1914 in
1331 1875 1450 1914 versi
1484 1875 1604 1926 greci
1641 1888 1769 1925 sopra

138 1964 239 1991 csse
261 1953 402 2003 l'opre
433 1957 478 1990 et
509 1951 630 1988 srutti
661 1949 914 1987 d’ambidue
946 1950 1057 1987 loro.
1091 1949 1145 1986 Et
1166 1953 1324 1998 questo
1355 1947 1468 1985 basti
1498 1950 1660 1997 quanto
1683 1958 1708 1984 a
1741 1946 1769 1984 li

135 2013 283 2073 studij.

186 2106 223 2143 3.
285 2096 316 2133 Il
339 2106 556 2133 concorso
575 2105 600 2131 a
617 2093 642 2131 li
663 2091 898 2131 santissimi
916 2091 1177 2129 sacramenti
1196 2092 1288 2129 cosi
1306 2090 1361 2128 de
1382 2091 1423 2128 13
1440 2089 1768 2138 confessi[one].

137 2178 264 2205 come
286 2166 341 2204 de
364 2166 403 2203 13
424 2164 733 2203 communione
758 2166 780 2202 e
801 2167 942 2208 tanto,
968 2162 1069 2200 ch‘il
1090 2162 1161 2212 piu
1184 2160 1239 2199 de
1261 2161 1300 2199 le
1323 2161 1444 2200 volte
1473 2161 1508 2199 si
1543 2159 1768 2198 rinchiude

134 2241 337 2277 l’entrata
368 2237 422 2276 de
454 2238 492 2275 13
524 2238 673 2275 chiesa
703 2249 781 2287 per
811 2236 851 2273 13
880 2234 1174 2281 moltitudine3
1205 2236 1260 2271 ne
1283 2233 1355 2272 v’e
1378 2234 1499 2284 quasi
1522 2246 1690 2272 veruno
1713 2233 1768 2271 de

138 2301 270 2361 quelli
293 2310 374 2347 che
399 2309 501 2359 ogni
521 2309 634 2346 festa
655 2309 696 2346 in
719 2313 868 2345 nostra
891 2307 1041 2345 chiesa
1061 2317 1287 2357 vengono,
1310 2305 1337 2343 11
1355 2305 1482 2356 quale
1502 2318 1589 2342 non
1613 2305 1645 2342 si
1668 2317 1770 2343 con-

137 2382 244 2421 fessi
267 2387 310 2419 et
334 2380 642 2418 communichi.
667 2379 751 2417 Nel
773 2384 922 2427 tempo
945 2377 987 2416 di
1018 2377 1189 2416 riceuer
1224 2376 1252 2414 il
1274 2364 1467 2428 giubileo
1490 2375 1694 2414 mandato
1717 2375 1771 2413 da

141 2466 219 2491 sua
239 2450 323 2491 S.‘²'³
345 2463 419 2489 era
440 2451 638 2500 calcatfa]
664 2452 705 2489 la
724 2454 875 2488 nostra
897 2449 1045 2486 chiesa
1066 2448 1120 2487 da
1140 2448 1180 2485 la
1199 2446 1478 2486 moltitudine
1500 2446 1555 2485 de
1577 2446 1616 2484 la
1635 2452 1769 2498 gente

139 2524 220 2563 che
242 2523 404 2562 veniua
433 2535 457 2560 a
487 2522 499 2560 i
531 2522 764 2560 santissimi
788 2519 1068 2572 sagramenti.
1093 2519 1160 2557 Ne
1183 2520 1222 2557 la
1243 2518 1370 2569 quale
1391 2518 1622 2556 habbiamo
1646 2523 1768 2557 certo

138 2608 269 2635 causa
298 2593 340 2632 di
371 2593 600 2644 ringratiar
632 2594 672 2631 la
703 2592 850 2630 diuina
871 2592 1006 2630 bonta
1028 2595 1072 2629 et
1093 2590 1348 2628 riconoscer
1369 2589 1410 2627 13
1430 2589 1576 2627 buona
1595 2589 1769 2627 inclina-

184 2752 203 2771 a
257 2751 523 2796 Consumpta
544 2749 697 2786 charta
716 2748 786 2785 hic
805 2750 844 2784 et
862 2746 982 2793 infra
1003 2748 1050 2783 in
1068 2746 1273 2783 extremis
1291 2743 1501 2781 versibus.

139 2912 243 2938 ueno
270 2901 369 2937 hora
395 2898 455 2936 ch'
482 2901 571 2935 esta
598 2911 697 2934 sano
717 2904 757 2935 et
775 2898 849 2935 che
868 2895 1041 2944 'procede
1060 2894 1168 2932 ‘assai
1187 2894 1290 2931 bene
1310 2898 1350 2930 et
1369 2892 1455 2930 eh’e
1474 2893 1599 2929 molto
1617 2894 1771 2932 deside-

137 2963 228 2997 roso
246 2959 285 2996 di
305 2957 650 2996 mortificatione».
673 2957 772 2995 Cod.
796 2957 878 2994 Sic.
900 2955 970 2998 59,
991 2967 1030 2993 n.
1050 2954 1140 2992 76v.
1164 2952 1229 2991 Cf.
1251 2952 1374 2990 etiam
1394 2952 1588 2989 Monam.
1610 2953 1768 3000 Ignat.‚

140 3021 219 3057 s'ek.
240 3018 311 3064 4³,
330 3017 382 3062 11,
401 3017 482 3057 788.

1879 153 1884 232 “....,
1873 18 1884 111 ‚ax
