1908 3446
401 188 910 226 309.—CAESARAUGUSTA
937 190 959 224 8
985 186 1234 224 NovEMBms
1264 186 1352 222 1559
1602 184 1668 220 377

29 284 39 331 t}
94 292 369 332 hebdomada
399 291 578 330 visitare
609 291 739 337 solet,
775 296 818 328 et
850 290 1007 328 vinctis
1038 289 1340 335 concionatur,
1365 293 1497 338 atque
1520 286 1641 324 multi
1665 299 1715 323 ex

94 366 172 403 illis
207 364 420 413 aliquibus
455 363 553 401 anni
588 363 900 401 festiuitatibus
935 360 1096 400 nostris
1133 361 1415 406 confitentum
1448 363 1578 409 atque
1612 359 1721 395 vltra

94 437 261 475 illorum
284 436 636 474 consolationem
659 436 804 485 (quam
830 447 883 472 ex
906 434 972 472 his
994 433 1225 471 maximam
1249 433 1472 483 suscipere
1495 444 1542 468 se
1576 434 1720 468 osten-

95 508 216 557 dunt)
238 507 403 545 fructus
424 518 511 544 non
533 506 716 557 quilibet
739 504 973 556 colligitur,
1000 512 1043 543 et
1062 505 1171 543 odor
1189 505 1402 542 maximus
1425 510 1442 528 a
1466 503 1717 541 excittatur.

95 579 236 618 Vincti
266 579 509 616 iuramenta
540 578 694 623 vitant,
728 582 858 628 atque
890 576 943 615 ad
974 578 1060 615 hoc
1089 578 1228 628 ipsum
1260 575 1472 614 sindicum
1503 573 1719 625 quendam

96 653 322 702 elegerunt
346 650 439 688 sibi.
466 651 563 688 Istis
585 663 608 688 a
630 651 791 688 nostris
814 649 978 688 rosaria
1000 649 1262 690 tribuuntur,
1288 653 1334 686 ut
1362 647 1463 685 huic
1493 645 1720 684 deuotioni

95 736 141 761 se
172 723 348 770 dedant,
385 722 536 772 eisque
560 722 791 773 aliquando
814 727 1066 760 nostrorum
1089 733 1224 772 opera
1246 720 1300 758 de
1322 718 1586 767 necessarijs
1608 719 1647 756 et
1668 716 1721 755 ad

96 795 254 833 victum
279 800 323 832 et
346 794 554 833 vestitum
578 795 693 832 solet
714 792 955 840 subueniri3
981 798 1024 831 et
1047 798 1092 831 vt
1114 792 1215 830 inde
1235 792 1361 830 citius
1384 795 1561 837 exeant,
1581 790 1723 840 aliqua

94 867 220 917 (quae
242 868 404 904 nostra
424 865 483 904 sit
501 867 537 915 b)
561 878 664 904 cura
685 865 881 904 adhiberi
904 878 981 916 per
1004 878 1085 903 nos
1107 865 1236 903 solet.

145 950 183 987 4.
244 938 472 989 Aliquibus
504 938 718 976 exercitia
749 938 988 988 spiritualia
1018 935 1120 974 data
1150 942 1264 974 sunt.
1297 936 1441 986 Atque
1475 948 1529 973 ex
1561 933 1720 977 multis,

95 1023 202 1059 quos
225 1010 344 1048 Deus
365 1009 418 1048 ad
440 1011 556 1048 hunc
577 1009 758 1048 viuendi
782 1009 959 1048 modum
991 1009 1185 1055 vocauit,
1220 1008 1305 1046 duo
1339 1007 1596 1046 sacerdotes
1627 1019 1722 1057 pro-

96 1082 222 1119 batae
249 1081 439 1128 virtutis,
464 1086 596 1131 atque
619 1082 730 1119 alter
753 1081 794 1119 in
818 1081 910 1118 iure
935 1079 1147 1119 canonico
1172 1080 1384 1126 eruditus,
1409 1078 1585 1117 admissi
1607 1084 1722 1118 sunt:

95 1153 309 1203 amboque
331 1158 430 1190 sunt
451 1152 505 1190 ad
528 1152 770 1191 audiendas
794 1153 1101 1191 confessiones
1123 1153 1227 1203 apti,
1261 1152 1460 1201 alterque
1492 1149 1723 1189 conciona-

97 1230 235 1262 torem
266 1229 369 1275 aget
392 1225 488 1275 plus
510 1238 638 1275 quam
661 1224 906 1263 meliorem.
932 1224 1053 1262 Alius
1077 1225 1131 1261 ab
1153 1223 1225 1262 his
1245 1224 1288 1261 in
1310 1223 1476 1261 artibus
1498 1223 1722 1273 magister,

97 1302 299 1347 receptus
331 1303 412 1344 est,
449 1297 657 1348 egregius
687 1297 859 1334 futurus
891 1296 1193 1340 concionator;
1226 1293 1304 1345 qni
1334 1297 1373 1333 et
1405 1307 1525 1333 nnnc
1558 1293 1604 1332 in
1642 1294 1725 1332 hoc

94 1369 313 1419 probatus
343 1371 419 1408 est.
454 1368 671 1407 Nondum
694 1370 845 1408 antem
862 1367 1077 1419 proprios
1100 1367 1298 1407 deseruit
1319 1368 1457 1413 lares,
1481 1368 1556 1405 sed
1579 1366 1723 1416 ipsum

98 1440 182 1480 cito
205 1442 447 1479 venturum
468 1442 765 1491 expectamus.
790 1440 932 1479 Alium
957 1440 1087 1478 etiam
1115 1440 1436 1490 praesbiterum
1461 1437 1725 1489 parturien-

98 1514 181 1551 tem
202 1520 219 1538 0
240 1513 472 1563 aspicimus
493 1513 604 1560 fore,
629 1513 748 1564 quod
769 1513 811 1551 in
833 1513 1022 1551 Domino
1045 1525 1286 1563 speramus,
1312 1515 1357 1549 ut
1384 1512 1478 1562 ipse
1501 1524 1597 1549 cum
1621 1509 1725 1548 duo-

97 1585 175 1622 bus
196 1590 269 1622 aut
291 1585 430 1623 tribus
452 1598 552 1623 curn
576 1597 629 1623 eo
660 1586 857 1623 venturis
888 1598 975 1623 non
1007 1583 1380 1623 contemnendum
1410 1583 1599 1621 fructum
1629 1595 1726 1633 pro-

98 1654 239 1694 ducat.

151 1737 186 1776 5.
247 1728 504 1779 Aliquorum
535 1727 838 1767 dissidentium
870 1730 1038 1766 animos
1069 1729 1188 1766 Deus
1220 1741 1307 1766 non
1336 1729 1474 1766 semel
1496 1739 1640 1777 neque
1662 1727 1727 1763 bis

101 1800 348 1850 composuit
385 1812 520 1851 opera
551 1800 691 1838 Patris
723 1800 926 1847 rectoris,
959 1799 1033 1850 qui
1066 1800 1160 1849 alijs
1193 1799 1415 1838 charitatis
1448 1797 1654 1850 operibus
1686 1802 1728 1835 et

56 1870 58 1872 ’
100 1871 293 1921 corporis
316 1875 359 1908 et
380 1871 550 1909 animae
581 1870 813 1909 intendere
836 1872 968 1917 solet3
991 1871 1109 1921 quod
1141 1877 1185 1909 et
1215 1870 1411 1909 nonnulli
1443 1883 1495 1908 ex
1529 1869 1729 1907 Patribus

99 1941 329 1992 aliquoties
358 1943 681 1993 praestiterunt.
714 1944 839 1982 Haec
868 1948 1016 1981 autem
1039 1949 1082 1981 et
1105 1943 1348 1994 aliquorum
1370 1942 1423 1980 ad
1454 1942 1594 1979 Deum
1628 1953 1729 1978 con-

98 2013 321 2052 uersiones
342 2027 477 2065 opera
498 2020 747 2052 nostrorum
770 2014 948 2066 longum
972 2020 1090 2052 esset
1110 2027 1188 2064 per
1210 2014 1380 2065 singula
1400 2025 1592 2052 narrare.

149 2085 188 2124 6.
248 2086 430 2124 Duobus
451 2091 552 2124 ante
575 2086 796 2124 mensibus
813 2089 984 2137 pariam
1006 2086 1026 2111 d
1047 2086 1187 2124 minus
1206 2085 1371 2124 accesit
1392 2084 1446 2122 ad
1467 2098 1548 2122 nos
1572 2097 1625 2122 ex
1648 2086 1728 2123 Va-

100 2157 232 2195 lentia
252 2158 300 2195 R.
314 2157 376 2182 ‘1¹¹⁵
399 2158 528 2195 Pater
551 2156 708 2196 doctor
726 2158 937 2208 Baptista,
962 2156 1241 2208 prouincialis
1260 2161 1285 2203 ¹,
1309 2155 1393 2194 iam
1411 2156 1484 2194 diu
1508 2155 1729 2194 desidera-

101 2233 182 2276 tus,
202 2229 271 2278 qui
290 2228 462 2267 viscera
482 2235 633 2267 nostra
651 2236 668 2254 e
684 2229 878 2267 aduentu
898 2242 976 2267 suo
999 2228 1160 2280 gaudio
1183 2228 1375 2279 perfudit
1392 2241 1478 2266 non
1501 2226 1728 2266 mediocri.

103 2300 288 2338 Domum
310 2300 738 2348 inuisit‚1visitatoris
761 2305 805 2339 et
836 2301 977 2338 Patris
1008 2314 1162 2338 munus
1194 2312 1424 2338 exercens.
1448 2300 1603 2338 Intima
1624 2298 1731 2337 filio-

101 2384 193 2410 rum
214 2371 487 2422 praecordia,
512 2375 558 2409 ut
585 2385 666 2411 nos
690 2377 734 2410 et
763 2371 951 2411 doceret
983 2377 1027 2410 et
1059 2371 1332 2410 confortaret
1366 2371 1408 2409 in
1439 2371 1626 2410 Domino
1660 2383 1731 2408 co-

102 2443 268 2493 gnouit,
293 2444 365 2481 vel
386 2456 464 2494 per
487 2444 793 2482 confessiones
815 2444 885 2481 vel
918 2456 995 2494 per
1026 2442 1196 2493 priuata
1227 2443 1460 2494 colloquia.
1485 2443 1731 2493 Aliquoties

102 2513 220 2562 foris,
257 2520 454 2566 rogatus,
490 2515 778 2554 concionatus
815 2520 882 2553 est
903 2515 945 2553 in
976 2514 1150 2566 templis
1180 2515 1308 2552 huius
1338 2514 1457 2553 vrbis
1485 2514 1732 2565 praecipuis

105 2585 266 2636 optimo
290 2586 514 2637 applausu.
539 2586 756 2624 Aedificio
778 2599 923 2625 nouae
954 2586 1173 2624 finiendae
1205 2586 1423 2624 ecclesiae
1446 2586 1643 2624 solicitus
1673 2586 1733 2624 in-

88 2656 256 2704 tendit,
282 2657 505 2708 multaque
528 2657 688 2696 direxit
709 2670 822 2708 quae
843 2658 977 2708 ipsius
999 2656 1175 2708 quidem
1194 2657 1444 2708 praesentia
1460 2656 1729 2708 indigebant.

148 2805 168 2825 a
217 2807 340 2844 etiam
359 2807 464 2854 apud
484 2807 597 2844 alios.
664 2808 729 2833 —b
751 2820 823 2844 nos
842 2808 998 2843 deceat.
1065 2813 1129 2832 -c
1150 2806 1188 2842 id
1207 2811 1434 2844 conantem.
1505 2807 1571 2831 —d
1599 2807 1731 2854 paulo.

105 2873 168 2891 -θ
188 2878 274 2903 nra.
296 2867 402 2904 add.
424 2867 519 2904 ead.
541 2877 694 2904 manu.

154 3011 162 3030 ¹
214 3010 258 3047 P.
276 3010 457 3057 Joannes
476 3009 661 3058 Baptista
680 3009 843 3047 Barma.
