1908 3446
216 238 281 276 186
677 238 896 275 LITTERAE
923 237 1281 283 QUADRIMESTRES

166 340 219 377 rit
240 350 331 388 350,
356 346 429 378 aut
452 341 582 379 etiam
604 341 766 391 plures,
792 340 875 379 hoc
897 338 1110 390 temporis
1132 336 1331 376 articulo
1354 346 1371 363 a
1392 344 1589 376 nostrum
1611 349 1786 388 gymna-

166 411 274 449 sium
295 411 590 461 frequentare.

217 491 254 528 3.
315 482 631 521 Haebdomade
663 483 748 529 illa,
773 495 883 533 quae
912 481 1279 520 resurrectionem
1303 480 1564 519 dominicam
1586 493 1784 531 praeces-

164 552 232 599 sit,
258 552 449 591 officium
472 554 767 600 tenebrarum,
792 559 837 591 ut
860 558 1034 599 uocant,
1069 565 1093 591 a
1124 553 1284 591 nostris
1307 552 1587 590 decantatum
1609 553 1781 601 multos,

166 623 296 661 etiam
318 624 494 671 inuitos,
529 624 582 662 ad
615 624 859 673 lachrymas
889 623 1165 674 prouocauit3
1197 636 1248 662 ac
1282 636 1369 661 non
1403 623 1529 674 pauci
1558 622 1785 674 primariae

163 693 401 732 nobilitatis
433 693 554 732 ciues
585 707 636 733 ac
667 695 799 732 etiarn
822 699 1094 732 mercatores
1117 692 1354 732 ianuenses
1375 694 1393 718 b
1415 693 1575 731 nostris
1597 693 1787 732 confessi

162 769 275 811 sunt,
295 764 569 815 redditaque,
590 770 636 803 ut
658 764 871 816 intelligo,
892 765 1062 803 illorum
1079 766 1256 802 hortatu
1279 763 1381 802 satis
1398 776 1555 815 magna
1575 764 1785 814 pecuniae

163 835 242 882 uis,
267 837 377 873 mala
398 835 483 873 fide
506 837 559 873 ab
580 836 675 885 alijs
706 840 807 874 ante
839 848 1087 886 possessae.
1121 836 1166 873 Si
1196 835 1396 886 plebeios
1431 839 1474 872 et
1503 835 1698 872 triuiales
1727 834 1786 873 in-

163 912 378 954 tueamur,
403 907 630 945 innumera
650 907 731 944 fuit
762 906 1011 954 multitudo,
1047 910 1089 944 et
1120 906 1291 945 illorum
1323 904 1519 944 maxime
1540 913 1571 953 ⁰,
1596 905 1667 956 qui
1687 911 1786 944 ante

163 979 410 1027 complures
431 990 568 1015 annos
590 991 678 1016 non
701 982 823 1016 erant
847 977 1052 1016 confessi.
1078 979 1192 1016 Voto
1219 978 1332 1015 enim
1354 976 1527 1028 quidam
1551 989 1604 1014 ex
1626 977 1785 1015 nostris

162 1049 466 1088 sacerdotibus
500 1062 601 1087 sese
639 1049 964 1088 obstrinxerant
998 1062 1086 1088 non
1122 1054 1372 1088 cessaturos
1412 1061 1459 1087 se
1501 1048 1785 1100 quoadusque

162 1121 457 1171 unusquisque
497 1121 667 1159 illorum
709 1121 826 1158 XXX
860 1121 1082 1158 hominum
1124 1119 1449 1159 contessionem
1492 1120 1785 1171 excepissent,

160 1193 331 1231 illorum
355 1191 582 1230 dumtaxat
604 1191 676 1242 qui
706 1205 730 1230 a
752 1193 940 1242 quinque
963 1192 1034 1229 uel
1057 1205 1135 1230 sex
1158 1192 1280 1230 annis
1301 1192 1414 1230 illam
1436 1191 1783 1231 intermisissent.

163 1263 293 1313 Quod
324 1264 462 1314 probe
494 1263 547 1301 ab
577 1262 674 1310 illis,
707 1263 794 1301 imo
826 1263 1025 1301 fortassis
1048 1263 1175 1314 triplo
1199 1262 1457 1313 praestitum
1480 1268 1561 1310 est,
1586 1263 1726 1301 missis
1746 1262 1786 1300 in

161 1336 246 1373 hoc
266 1335 349 1386 pijs
370 1334 629 1385 quibusdam
651 1334 770 1381 uiris,
797 1339 842 1372 ut
864 1339 1081 1385 quotquot
1103 1335 1276 1382 milites,
1295 1339 1464 1382 nautas,
1484 1334 1670 1373 rusticos
1693 1346 1786 1372 cae-

160 1413 370 1456 terosque
401 1406 650 1444 huiusmodi
685 1406 849 1444 farinae
884 1406 1085 1444 homines
1116 1405 1517 1456 deprehenderent,
1552 1405 1705 1444 sedulo
1735 1404 1787 1444 ad

161 1477 487 1516 confessionem
509 1477 626 1527 prius
648 1475 922 1524 adhortatos‚
946 1476 1001 1515 ad
1021 1490 1102 1516 nos
1123 1477 1433 1528 perducerent.

211 1561 251 1598 4.
311 1549 428 1587 Inter
451 1554 653 1587 caeteros
674 1554 764 1586 tres
786 1549 950 1600 reperti
971 1552 1070 1587 sunt
1091 1549 1174 1587 iam
1201 1548 1493 1599 prouectioris
1523 1549 1694 1597 aetatis,
1718 1561 1788 1600 qu}

159 1633 247 1659 non
269 1621 409 1659 solum
431 1633 649 1671 nunquam
680 1620 722 1657 in
745 1620 864 1659 omni
894 1624 1098 1660 anteacta
1127 1619 1217 1658 uita
1247 1620 1439 1658 confessi
1470 1624 1606 1668 erant,
1637 1633 1786 1659 uerum

161 1692 290 1731 etiam
313 1691 415 1742 quid
438 1698 558 1730 esset
580 1692 826 1742 symbolum
855 1693 1160 1742 apostolicum,
1190 1697 1428 1743 praecepta
1454 1691 1671 1743 decalogi,
1697 1705 1786 1731 ora-

159 1764 220 1801 tio
240 1762 472 1809 dominica,
492 1767 565 1801 aut
583 1762 786 1801 salutatio
805 1763 1004 1814 angelica
1020 1775 1198 1815 prorsus
1214 1762 1483 1814 ignorarent.
1505 1763 1622 1801 Erat
1643 1763 1663 1788 d
1683 1763 1787 1801 alius

159 1834 349 1886 quidam,
373 1833 439 1872 his
460 1834 594 1872 nihilo
627 1834 833 1881 sanctior,
866 1836 938 1886 qui
968 1847 1046 1885 per
1081 1845 1125 1882 13
1151 1833 1210 1886 [Β]
1233 1847 1386 1882 annos,
1411 1847 1509 1873 cum
1536 1835 1787 1886 frequenter

157 1905 330 1945 interim
367 1911 691 1945 sacrosanctam
722 1907 904 1957 synaxin
940 1907 1213 1958 sumpsisset,
1238 1920 1369 1944 unum
1391 1913 1538 1944 tamen
1558 1912 1786 1957 peccatum

160 1989 377 2027 nunquam
400 1977 622 2014 sacerdtti
642 1977 944 2027 patefecisset,
969 1977 1101 2028 idque
1122 1990 1209 2016 non
1226 1977 1497 2028 negligentia
1514 1981 1586 2015 aut
1609 1977 1787 2016 obliuio-

158 2060 228 2095 ne,
249 2046 327 2086 sed
345 2046 488 2086 studio
507 2047 743 2095 acciderat,
762 2048 859 2087 siue
876 2050 994 2098 quod
1006 2051 1241 2099 peccatum
1256 2048 1354 2095 hoc,
1375 2048 1506 2098 quale
1528 2049 1659 2098 quale
1672 2047 1782 2100 fuit,

159 2121 361 2158 nondum
384 2119 455 2158 illi
470 2119 672 2171 potuerit
694 2119 946 2171 displicere,
969 2119 1065 2159 siue
1081 2122 1201 2170 quod
1216 2120 1552 2159 uerecundnlns
1568 2133 1620 2159 ea
1641 2133 1693 2158 ne
1713 2132 1785 2158 no-

162 2190 339 2231 minare
360 2191 538 2241 quidem
555 2193 670 2242 prae
687 2193 862 2241 pudore
882 2190 1167 2235 sustinuerit,
1206 2204 1320 2241 quae
1346 2190 1508 2242 faeere
1536 2189 1670 2240 prius
1698 2203 1786 2229 non

159 2263 419 2302 erubuerat.
434 2263 545 2300 Fere
564 2266 711 2300 autem
728 2262 775 2300 fit
794 2266 839 2300 ut
857 2263 955 2300 mali
972 2262 1094 2312 furijs
1107 2275 1158 2300 ac
1171 2262 1546 2301 excarnificatrice
1565 2262 1785 2301 conscien-

162 2334 221 2372 tia
238 2334 474 2385 agitentur.
499 2334 650 2384 Itaque
673 2333 860 2372 daemon
882 2335 998 2372 hunc
1033 2333 1146 2372 adeo
1177 2339 1475 2372 transuersum
1508 2338 1675 2384 egerat,
1698 2337 1784 2371 tan-

162 2411 338 2456 tamque
372 2404 515 2442 animo
552 2404 909 2455 desperationem
945 2404 1243 2451 instillauerat,
1285 2409 1330 2442 ut
1362 2404 1583 2442 minimum
1613 2404 1784 2442 abesset

160 2476 290 2514 miser
312 2488 336 2514 a
357 2487 463 2514 uera
483 2474 663 2523 insania,
682 2480 956 2526 negaretque
973 2475 1059 2513 ulla
1079 2475 1150 2513 uel
1173 2474 1454 2513 confessione
1471 2475 1542 2513 uel
1562 2474 1784 2525 poeniten-

158 2548 219 2586 tia
240 2547 404 2586 crimen
426 2560 550 2585 suum
573 2547 739 2596 expiari
759 2558 908 2597 posse3
931 2546 974 2584 id
990 2545 1128 2585 maius
1150 2558 1250 2584 esse
1271 2545 1504 2593 affirmans,
1524 2558 1652 2596 quam
1672 2543 1784 2596 quod

160 2618 333 2657 ueniam
355 2618 566 2668 consequi
586 2622 930 2667 promereretur.
954 2617 1008 2654 Et
1029 2616 1226 2668 quamuis
1255 2616 1479 2655 literarum
1511 2616 1701 2654 omnium
1721 2615 1784 2654 ita

160 2688 278 2728 rudis
300 2694 435 2736 esset,
458 2690 508 2726 ut
528 2702 581 2727 ne
603 2689 753 2740 legere
783 2687 962 2738 quidem
986 2690 1148 2739 posset,
1172 2691 1240 2726 tot
1269 2693 1416 2726 tamen
1445 2687 1518 2726 ille
1549 2686 1784 2725 sententias

159 2759 317 2808 attulit,
343 2760 473 2798 etiam
497 2772 551 2798 ex
573 2759 744 2806 diuinis,
769 2763 815 2796 ut
837 2760 909 2797 ille
930 2758 1315 2810 interpretabatur,
1339 2758 1473 2807 libris,
1506 2769 1617 2810 quae
1647 2757 1702 2796 de
1723 2769 1782 2795 sa-

158 2833 249 2870 lute
270 2843 349 2869 sua
368 2836 514 2869 actum
538 2843 636 2869 esse
667 2830 881 2878 dicerent,
906 2834 952 2868 ut
982 2829 1335 2868 manifestissime
1365 2828 1550 2881 intelligi
1576 2827 1780 2879 potuerit,

203 2987 223 3007 ³
273 2991 361 3033 post
379 2985 547 3033 pascha.
605 2987 671 3011 —b
693 2985 863 3023 externi.
917 2992 980 3011 ..c
1006 2985 1105 3023 satis
1135 2997 1298 3033 magna.
1353 2984 1422 3011 -d
1454 2983 1551 3022 Fuit
1581 2983 1687 3020 inter
1715 2983 1781 3020 hos

159 3049 361 3085 inuentus.
