1908 3446
590 210 918 248 freq—Commii
943 210 966 246 5
996 210 1186 246 Aucusn
1217 207 1307 245 1560
1652 205 1717 241 711

895 352 1007 403 399

547 478 597 524 Ρ.
654 478 690 523 L
702 478 834 523 EON
845 479 882 522 A
895 475 1074 522 RDUS
1108 473 1372 521 KESSEL

648 600 826 627 commta
851 592 874 626 ὃ
902 599 1080 625 Aucusu
1110 587 1199 624 1560
1227 588 1250 623 ¹.

142 693 399 732 Domestica
431 692 673 742 disciplina
704 691 841 742 viget.
877 690 1119 730 Societatis
1154 687 1394 729 candidati
1429 686 1576 726 mulii.
1617 686 1768 726 Socio-

223 772 324 797 rum
345 760 384 797 et
402 757 712 797 convictorum
729 769 958 796 uumerus.
980 754 1258 795 Litterariae
1275 753 1634 793 exercitationes.
1659 753 1769 792 Con-

221 824 363 863 tiones
384 825 443 861 ad
459 824 693 873 populum.
722 823 784 862 De
804 824 927 861 stam
953 820 1230 861 Germaniae
1252 819 1445 870 afflicto.

195 935 222 978 †
264 932 353 969 Pax
375 930 552 968 Christi.
580 930 673 967 R.<¹e
696 931 735 967 in
772 931 846 967 X.‘'
881 931 946 967 Pr.
981 929 1124 977 Officij
1154 928 1292 976 nostrj
1326 940 1545 965 memores
1576 940 1628 965 ea
1657 939 1771 964 nunc

141 1002 382 1048 scribimus,
407 1013 517 1051 quae
539 1001 739 1052 proximo
760 1001 856 1052 Julij
882 1013 1033 1039 mense
1056 1001 1243 1038 decurso
1266 999 1337 1036 hic
1357 1005 1455 1037 acta
1477 1005 1589 1036 sunt.
1615 999 1666 1036 Et
1689 998 1770 1049 pri-

142 1088 257 1112 mum
281 1074 471 1111 omnium
492 1085 547 1109 ne
569 1073 620 1110 V.
647 1074 693 1110 R.
720 1073 767 1109 P.
793 1073 937 1110 multis
959 1085 1119 1119 morer,
1143 1084 1167 1108 a
1189 1071 1443 1109 domesticis
1466 1071 1619 1108 ducam
1645 1083 1770 1108 exor-

140 1146 272 1184 dium.
310 1145 466 1195 Neque
504 1149 571 1182 est
608 1157 716 1194 opus
739 1156 790 1181 ea
826 1157 993 1181 rursum
1027 1155 1373 1182 commemorare
1405 1155 1516 1192 quae
1538 1142 1771 1192 postremis

140 1215 194 1255 ad
216 1217 267 1254 V.
294 1217 340 1254 R.
366 1216 503 1253 literis
525 1215 790 1265 scripsimus,
815 1213 941 1252 nullis
978 1212 1190 1265 siquidem
1214 1214 1254 1251 in
1277 1214 1406 1252 rebus
1442 1213 1557 1250 facta
1589 1218 1656 1251 est
1688 1213 1771 1250 ulla

144 1289 342 1333 mutatio,
368 1286 446 1324 sed
469 1300 523 1324 eo
546 1299 631 1336 quo
656 1285 824 1336 singula
846 1291 946 1323 sunt
966 1284 1164 1323 instituta
1187 1283 1355 1330 ordine,
1380 1297 1505 1334 quam
1541 1297 1772 1335 possumus

142 1359 329 1398 maxime
366 1363 409 1395 et
445 1357 638 1406 uiuendj,
677 1362 721 1395 et
758 1356 945 1405 docendj
988 1357 1202 1394 rationem
1242 1357 1560 1407 persequimur.
1602 1355 1769 1407 Singulj

143 1430 358 1481 susceptis
383 1429 635 1467 muneribus
652 1441 704 1466 ac
721 1428 877 1477 officijs
896 1429 977 1466 rite
994 1428 1249 1479 {unguntum
1267 1428 1431 1478 regulis
1449 1440 1555 1466 uero
1574 1429 1770 1478 (quarum

140 1500 479 1552 explicationem
502 1499 801 1550 superioribus
830 1499 1092 1537 audiuerunt
1123 1499 1364 1548 mensibus)
1395 1511 1494 1536 sese
1527 1500 1770 1550 obsequen-

137 1578 205 1610 tes
227 1584 384 1623 magno
408 1571 552 1609 studio
578 1570 788 1608 exhibere
812 1569 1100 1608 contendunt.
1127 1571 1275 1608 Bonus
1296 1575 1442 1607 autem
1462 1570 1571 1607 odor
1594 1570 1769 1620 collegii

767 1642 786 1659 a
817 1641 977 1678 multos
1007 1639 1048 1678 in
1079 1640 1412 1679 admirationem
1442 1641 1589 1687 traxit,
1620 1646 1667 1678 ut
1687 1642 1772 1679 huc

138 1644 271 1694 longe
302 1644 480 1692 lateque
511 1642 646 1687 fusus,
680 1641 739 1678 ita

140 1727 239 1752 sese
262 1713 431 1764 plurimj
456 1712 751 1751 addiscendae
774 1712 951 1763 pietatis
983 1716 1027 1750 et
1057 1712 1280 1750 literarum
1312 1711 1456 1749 studio
1489 1712 1769 1750 contulerint.

138 1785 249 1823 Sunt
278 1784 475 1835 plerique
508 1783 818 1822 adolescentes
850 1782 1085 1821 mediocris
1116 1783 1290 1833 quidem
1328 1783 1545 1829 fortunae,
1582 1782 1771 1833 pulchris

138 1863 283 1895 tamen
304 1861 486 1895 naturae
509 1855 684 1894 dotibus
705 1854 914 1907 insignitj,
936 1855 1007 1906 quj
1031 1855 1086 1892 ad
1107 1855 1344 1894 Societatis
1361 1856 1606 1893 institutum
1628 1854 1770 1892 animo

138 1928 343 1980 propensi
361 1940 460 1965 esse
478 1927 697 1973 uidentur,
722 1927 763 1965 in
785 1926 941 1977 quibus
962 1933 1062 1964 sunt
1082 1927 1247 1976 nonullj
1272 1928 1491 1978 germanis
1514 1927 1597 1975 ortj
1621 1939 1771 1978 paren-

140 2000 269 2038 tibus.
295 2000 463 2037 Horum
486 2012 610 2045 unus,
634 1999 775 2036 forma
795 1999 983 2036 honesta
1005 2003 1049 2036 et
1070 1999 1254 2047 liberalj,
1285 2003 1539 2048 staturaque
1569 2011 1769 2049 procera,

140 2071 303 2122 optime
333 2070 386 2108 ad
420 2070 658 2110 Societatis
689 2070 938 2108 functiones
969 2069 1173 2116 affectus,
1206 2070 1292 2108 hoc
1317 2082 1431 2108 anno
1453 2069 1495 2107 in
1517 2069 1770 2120 magistrum

137 2142 293 2180 artium
327 2147 571 2193 promotus,
606 2141 821 2190 Societatj
858 2153 959 2179 sese
994 2141 1080 2179 hoc
1115 2141 1208 2191 ipso
1245 2154 1396 2179 mense
1433 2141 1711 2179 consecrauit
1742 2141 1768 2177 ².

183 2281 202 2300 a
251 2279 306 2316 ita
326 2284 464 2326 supra
484 2290 593 2316 vers.

187 2420 195 2439 ¹
250 2417 311 2455 Ex
329 2417 519 2464 originali
539 2417 578 2453 in
597 2417 682 2454 cod.
703 2416 843 2454 Germ.
865 2416 959 2459 142,
980 2415 1005 2453 f.
1030 2416 1109 2462 16&
1131 2417 1240 2463 prius
1259 2417 1325 2453 118
1341 2416 1437 2460 (104)
1471 2416 1665 2463 Magnam
1684 2418 1771 2465 ejus

139 2484 296 2526 partem
316 2477 440 2514 edidit
461 2476 649 2520 HAssssN,
670 2477 695 2512 l.
717 2489 767 2520 c.,
787 2476 858 2513 358
872 2496 888 2503 -
903 2476 985 2513 359.

185 2538 198 2557 ²
249 2536 429 2574 Michael
449 2536 665 2582 Schilling,
687 2542 729 2572 ut
749 2537 905 2573 eruitur
933 2549 982 2573 ex
1009 2536 1197 2582 catalogo
1225 2536 1387 2583 collegii
1415 2548 1505 2573 cum
1535 2536 1595 2573 his
1626 2536 1771 2573 litteris

139 2599 313 2635 Romam
343 2598 477 2634 misso.
507 2596 580 2633 Ait
612 2596 732 2633 enim:
767 2597 845 2632 «M.
878 2596 1057 2633 Michael
1077 2595 1359 2644 Schyllingius
1379 2596 1649 2640 Molhusinus,
1670 2596 1772 2634 Ger-

139 2671 282 2696 manus
302 2670 351 2694 ex
371 2657 520 2701 diocesi
540 2656 863 2702 Moguntinensi,
886 2657 958 2693 hoc
986 2669 1091 2692 anno
1118 2662 1325 2701 promotus
1353 2662 1425 2697 est.
1455 2656 1616 2693 biennio
1644 2657 1770 2694 nobis-

139 2731 228 2755 cum
245 2716 455 2763 habitauit3
476 2716 593 2753 huius
612 2717 859 2753 mentionem
881 2717 919 2753 in
939 2715 1068 2753 literis
1083 2716 1183 2753 meis
1201 2716 1292 2761 feci;
1313 2716 1363 2753 ad
1378 2716 1511 2752 omnia
1532 2716 1691 2753 videtur
1708 2729 1772 2754 ac-

139 2777 384 2818 commodus.
404 2777 508 2813 bene
528 2776 686 2813 dotatus
705 2776 974 2820 naturalibus,
996 2776 1191 2824 egregius
1210 2777 1370 2814 videtur
1389 2776 1546 2813 futurus
1565 2777 1771 2814 conciona-

139 2843 213 2879 tor,
235 2849 361 2873 annos
378 2836 502 2873 habet
519 2835 577 2880 20,
599 2835 728 2882 primo
743 2836 923 2883 Augusti
945 2835 1040 2873 fecit
1058 2840 1196 2874 votum
1211 2836 1469 2881 scholarium,
1486 2835 1656 2873 diversis
1672 2841 1771 2874 tem-

139 2897 301 2944 poribus
321 2896 524 2933 institerat
543 2896 680 2933 multis
700 2895 931 2942 lachrymis,
951 2900 992 2932 vt
1006 2895 1081 2933 hoc
1096 2896 1226 2943 ipsum
1242 2896 1279 2933 ei
1294 2896 1450 2938 liceret,
1467 2894 1538 2933 sed
1553 2901 1769 2943 antequam

141 2956 178 3004 ej
205 2955 437 2992 absolutum
462 2966 702 3002 responsum
719 2953 936 2999 dedissem,
956 2955 1035 2991 iam
1053 2954 1246 2992 fecerat».
1267 2954 1314 2992 In
1330 2955 1416 2992 cod.
1439 2954 1577 2992 Rhen.
1600 2953 1679 3000 inf.
1700 2954 1770 3000 37,

144 3015 170 3055 1.
189 3015 258 3052 9v.
280 3012 469 3057 HANSEN‚
490 3014 516 3051 1.
537 3026 587 3059 c.‚
607 3012 674 3051 361
694 3012 784 3059 (16).
