1908 3446
535 222 652 259 443„
679 226 862 263 Comma
894 234 1027 261 MENSE
1054 223 1239 261 OCTOBRI
1267 224 1311 268 (Ρ)
1341 223 1430 261 1560
1678 224 1748 261 939

169 325 377 364 tudinem.
397 329 488 377 jam
511 329 677 378 pridem
710 328 937 366 Treuerim
962 326 1309 377 commigrasset,
1333 325 1387 363 ad
1416 329 1589 375 tempus
1619 326 1791 376 aliquod

167 397 224 434 ibi
255 409 496 443 mansurus,
527 399 607 437 nisi
639 400 795 437 malum
826 399 910 436 hoc
940 397 1171 448 aliquando
1201 396 1500 435 recrudescat.
1536 397 1793 434 Desiderata

168 467 246 505 fuit
275 468 406 518 ipsius
437 483 460 507 a
492 471 618 508 Patre
653 470 912 508 Prouinciali
942 469 1192 519 praesentia
1226 474 1271 506 et
1306 480 1455 519 opera,
1493 467 1645 517 partim
1676 468 1792 519 quod

170 539 453 590 Moguntiam,
478 540 718 579 accersitus
740 553 765 579 a
787 540 884 579 R.d0
905 541 1228 591 archipraesule
1259 539 1534 590 moguntino,
1557 540 1794 589 profectio-

167 622 265 648 nem
287 610 473 648 adornet
498 612 523 657 ’ς
546 612 700 661 partim
723 612 840 662 quod
862 611 1045 649 Treueri
1073 612 1138 660 (ut
1168 615 1292 649 certo
1325 610 1633 661 cognouimus)
1664 612 1793 662 septi-

167 695 236 720 mo
261 682 386 719 huius
417 683 578 720 mensis
601 683 806 721 traditum
827 683 883 721 sit
913 695 997 721 vna
1027 696 1124 721 cum
1147 683 1342 721 clauibus
1371 681 1584 722 Societati
1615 688 1793 722 nostrae

143 754 418 805 collegium,
452 754 569 804 quod
600 756 670 793 Pr.
695 755 937 793 Goudanus
968 768 1105 806 Vsque
1128 755 1181 793 ad
1211 754 1398 793 reditum
1430 755 1476 792 P.
1510 752 1794 793 Prouincialis

167 825 373 864 traditum
397 827 681 866 custodisset.
706 829 760 866 Et
781 828 923 866 animo
946 832 1123 878 paratus
1144 825 1318 878 quidem
1350 826 1504 864 fuisset
1536 838 1589 865 eo
1624 826 1794 876 profici-

166 897 243 944 sci,
268 898 348 936 nisi
371 899 496 936 nobis
518 900 658 938 visum
680 900 835 938 fuisset
859 899 951 937 eius
970 899 1208 937 valetudini
1229 899 1315 937 hoc
1335 911 1422 936 non
1445 897 1670 949 expedire.
1696 899 1794 936 Fra-

166 972 279 1007 trum
312 970 629 1008 coloniensium
661 969 843 1021 quilibet
865 970 1099 1021 diligenter
1130 983 1206 1008 sua
1238 969 1327 1008 obit
1358 969 1515 1016 munia,
1548 969 1658 1007 alter
1688 968 1794 1006 alte-

166 1040 507 1079 rumcharitatis
540 1042 689 1091 offitijs
718 1054 926 1092 superare
949 1040 1189 1079 contendit.
1212 1042 1377 1080 Omnes
1406 1053 1493 1078 non
1514 1039 1667 1078 minori
1692 1051 1795 1077 cura

167 1113 508 1150 constitutiones
529 1113 766 1151 Societatis
790 1114 1042 1160 obseruant,
1065 1112 1209 1163 quoad
1232 1111 1325 1150 eius
1346 1113 1439 1150 fieri
1461 1115 1623 1163 potest.

220 1194 256 1221 2.
317 1182 564 1234 Discipulos
598 1189 915 1235 praeceptores
949 1184 991 1221 in
1030 1184 1091 1221 sui
1129 1182 1478 1231 admirationem,
1514 1196 1708 1223 amorem
1743 1197 1794 1222 ac

164 1253 467 1301 imitationem,
494 1254 587 1292 sine
608 1254 790 1305 negotio
813 1255 1085 1305 pertrahunt,
1109 1256 1168 1292 ita
1188 1260 1236 1293 vt
1262 1267 1349 1292 non
1370 1255 1495 1305 pauci
1519 1256 1649 1293 etiam
1671 1256 1792 1294 hisce

165 1325 319 1364 diebus
340 1338 418 1376 per
440 1326 693 1375 generalem
717 1325 1056 1371 confessionem,
1089 1325 1292 1364 abdicata
1311 1326 1441 1377 impia
1471 1327 1574 1372 vita,
1604 1340 1651 1364 se
1673 1331 1793 1365 totos

165 1398 338 1436 virtutis
360 1397 505 1436 studio
529 1397 830 1448 manciparint.
851 1397 916 1434 De
939 1398 1095 1448 quibus
1118 1403 1240 1436 certe
1262 1398 1465 1449 quoniam
1488 1398 1605 1436 miris
1627 1399 1793 1449 pollent

165 1468 355 1515 dotibus,
380 1482 466 1506 non
488 1468 729 1507 mediocria
750 1473 931 1515 tantum,
956 1469 1034 1507 sed
1056 1469 1243 1507 maxima
1265 1469 1479 1520 speranda
1499 1475 1599 1508 sunt
1619 1468 1793 1520 pietatis

165 1541 478 1579 emolumenta.
504 1540 722 1578 Numerus
745 1546 832 1578 tam
853 1541 1164 1587 intraneorum,
1188 1554 1316 1591 quam
1340 1548 1665 1588 extraneorum,
1689 1554 1792 1591 quo-

165 1612 269 1651 tidie
292 1612 611 1650 incrementum
634 1612 777 1650 sumit.
802 1613 911 1651 Nam
935 1618 979 1650 et
1000 1618 1175 1663 praeter
1196 1613 1319 1660 alios,
1339 1613 1381 1650 in
1401 1618 1597 1651 nostrum
1620 1612 1793 1651 conuic-

165 1691 254 1722 tum
275 1684 398 1722 asciti
421 1689 535 1730 sunt,
563 1684 720 1734 elapsis
747 1683 913 1734 aliquot
934 1684 1105 1731 diebus,
1143 1683 1229 1722 duo
1265 1683 1575 1722 adolescentes
1594 1684 1793 1723 nobilita-

165 1763 207 1795 te
230 1757 406 1807 generis
428 1752 546 1801 clari,
572 1761 617 1793 et
645 1755 731 1794 R.dJ'
757 1755 1092 1807 archipraesulis
1114 1756 1383 1794 treuerensis
1414 1756 1607 1807 cognati.
1633 1756 1792 1795 Acces-

163 1830 217 1867 sit
239 1829 346 1867 alius
368 1828 549 1879 insignis
571 1827 831 1866 adolescens
853 1832 896 1865 et
918 1840 1102 1879 magnae
1131 1829 1238 1878 spei,
1263 1842 1391 1880 quern
1414 1828 1532 1866 Rdus
1562 1829 1793 1880 episcopus

164 1901 401 1940 leodiensis
431 1900 444 1919 ²
466 1899 580 1951 apud
610 1912 691 1938 nos
712 1900 829 1938 alere
853 1900 1094 1947 constituit,
1119 1906 1164 1938 vt
1196 1900 1268 1938 vbi
1299 1901 1339 1938 in
1371 1900 1515 1939 studio
1537 1901 1792 1952 theologico

164 1985 341 2024 operam
363 1971 575 2023 posuerit,
601 1983 651 2009 ac
674 1983 846 2009 cursum
867 1971 1122 2018 absoluerit,
1149 1985 1227 2010 suo
1258 1973 1385 2024 gregi
1413 1972 1643 2024 aliquando
1671 1986 1792 2024 prae-

165 2057 263 2083 esse
285 2057 337 2083 ac
357 2043 570 2095 prodesse
591 2047 739 2094 queat.
764 2044 1050 2094 Progressum
1073 2057 1201 2094 quem
1227 2057 1378 2082 omnes
1409 2045 1450 2082 in
1480 2045 1654 2094 pietatis
1676 2057 1727 2083 ac
1748 2045 1793 2083 li-

163 2120 354 2154 terarum
375 2114 519 2153 studio
544 2114 722 2161 faciunt,
748 2119 792 2151 et
816 2114 1029 2152 exercitia
1051 2115 1331 2162 creberrima,
1360 2129 1447 2153 non
1470 2121 1538 2154 est
1558 2115 1792 2154 admodum

164 2199 325 2238 operae
346 2186 534 2237 pretium
556 2186 703 2224 multis
734 2185 948 2234 encomijs
970 2186 1212 2233 celebrare,
1245 2199 1343 2225 cum
1376 2199 1473 2225 eum
1504 2187 1631 2226 facile
1663 2194 1706 2226 et
1737 2201 1791 2226 ex

162 2257 415 2309 quotidiana
437 2257 750 2308 discipulorum
771 2257 1044 2304 accessione,
1070 2263 1114 2296 et
1136 2259 1291 2296 crebra
1313 2259 1590 2298 confessione
1613 2261 1792 2311 collige-

162 2342 209 2368 re
248 2330 445 2381 procliue
481 2327 548 2366 sit.
589 2327 719 2366 Aliud
759 2328 945 2367 referam
984 2328 1159 2368 silentio
1195 2329 1369 2368 minime
1405 2330 1790 2380 praetereundum.

165 2401 353 2451 Quidam
374 2400 582 2438 sacerdos
605 2399 761 2438 summi
782 2400 933 2450 templi
954 2400 1246 2447 traiectensis‚
1271 2400 1343 2451 qui
1359 2407 1535 2440 nostros
1556 2403 1641 2441 huc
1662 2407 1791 2453 atque

163 2473 265 2511 illuc
285 2472 621 2523 proficiscentes
644 2471 878 2510 admodum
898 2472 1090 2523 benigne
1112 2473 1302 2524 hospitio
1328 2474 1550 2524 suscipere
1572 2475 1703 2522 solet3
1726 2488 1792 2513 su-

164 2544 410 2596 perioribus
432 2543 600 2594 aliquot
622 2543 776 2581 diebus
797 2542 852 2581 ad
872 2556 953 2581 nos
974 2544 1151 2595 appulit,
1177 2550 1223 2582 vt
1246 2544 1459 2583 exercitia
1478 2544 1714 2584 Societatis
1735 2547 1792 2585 ta-

164 2621 301 2665 ceret.
327 2615 516 2660 Primam
538 2627 647 2658 vero
678 2613 1000 2654 hebdomadam
1023 2629 1120 2659 cum
1151 2620 1273 2660 tanto
1295 2616 1425 2654 animi
1445 2617 1621 2656 feruore
1653 2618 1794 2657 absol·

166 2687 240 2735 uit,
277 2694 326 2726 vt
359 2687 413 2726 ad
442 2685 678 2726 Societatis
706 2691 883 2725 nostrae
918 2686 1164 2726 institutum
1198 2700 1286 2726 non
1321 2687 1604 2727 mediocriter
1638 2702 1792 2728 accen-

164 2758 308 2798 datur.

208 2926 220 2947 ¹
271 2925 315 2964 P.
351 2925 619 2963 Provincialis
654 2924 889 2964 Everardus
925 2926 1210 2965 Mercurianus
1237 2927 1497 2966 confluentia
1533 2927 1790 2976 Moguntiam

162 2985 365 3033 profectus
384 2989 445 3022 est
463 2985 527 3022 die
550 2985 592 3022 13
614 2984 802 3023 Octobris
823 2985 1164 3032 1560.1bid.,.372

211 3045 224 3065 ²
275 3044 481 3082 Robertus
502 3044 552 3082 de
572 3043 733 3091 Bergis.
