1908 3446
472 187 857 226 257.—V1N0030NA
892 189 904 224 l
938 185 1044 234 MAJt
1076 186 1164 223 1559
1523 185 1587 221 177

18 293 220 342 ostendit,
244 305 379 345 seque
400 297 706 343 apparaturum
727 290 939 341 promisit.
964 289 1255 327 Desiderabat
1283 287 1460 338 quidem
1493 294 1637 325 recto-

17 380 106 406 rem
141 365 326 404 eundem
358 364 517 402 diutius
553 363 666 414 apud
702 375 748 401 se
785 361 1002 408 detinere,
1034 361 1113 399 sed
1135 373 1230 398 cum
1254 361 1326 397 ille
1348 359 1389 397 in
1412 360 1636 414 Boemiam

15 442 282 490 properaret,
306 436 531 486 pragensis
554 434 729 485 collegij
752 434 934 484 negotia
956 438 1199 479 curaturus,
1224 431 1427 469 dimissus
1451 435 1517 467 est
1548 436 1638 467 tan-

17 509 114 547 dem
136 508 283 546 oblato
304 507 488 557 primum
509 506 566 543 illi
600 510 644 543 et
674 517 802 543 curru
838 508 881 542 et
917 504 1094 542 uiatico.
1120 505 1250 541 Pater
1272 503 1435 540 uiatico
1461 506 1639 539 conten-

17 585 99 626 tus,
121 577 238 628 quod
258 578 445 615 honeste
462 588 669 614 recusare
691 588 778 614 non
799 576 956 626 potuit,
980 574 1193 612 Viennam
1216 573 1270 611 ad
1291 585 1372 611 nos
1395 571 1540 621 redijt,
1565 572 1639 608 ubi

19 662 113 689 cum
148 648 219 686 diu
253 659 431 691 manere
470 659 558 685 non
588 652 740 697 posset
769 646 802 693 a,
840 645 999 684 auditis
1029 648 1279 696 magnatum
1302 642 1573 694 quorundam
1597 648 1641 679 et

22 720 212 772 episcopi
228 719 444 770 trigestini
469 719 476 737 ¹
501 717 867 764 confessionibus,
886 724 986 767 post
1008 715 1197 754 triduum
1216 728 1343 754 curru
1360 714 1641 752 uelocissimo

0 793 198 842 ¹Pragam
218 790 434 840 peruenit.
459 790 618 840 Ingens
639 789 840 840 profecto
872 790 914 826 in
945 788 1169 839 Hungaria
1198 786 1325 825 nobis
1357 798 1457 823 sese
1488 785 1642 823 messis

21 862 164 909 offert,
195 860 312 911 quod
344 861 474 898 etiam
506 861 640 898 turcis
669 865 714 898 et
740 859 783 898 id
805 872 944 910 genus
965 859 1060 908 alijs
1083 858 1320 896 subuenire
1340 869 1473 907 posse
1495 855 1643 894 uidea-

19 946 124 972 mur.
148 933 384 971 Caeterum
405 932 447 969 in
468 932 534 969 his
555 932 718 983 regnis,
744 937 791 969 ut
812 931 1050 982 Hungaria,
1076 930 1272 976 Bo'emia,
1306 929 1504 975 Polonia,
1537 933 1645 978 quot

20 1006 253 1045 animarum
287 1003 403 1042 milia
436 1003 633 1054 quotidie
667 1008 868 1054 pereant,
904 1002 948 1041 id
979 1014 1064 1054 ego
1096 1001 1328 1051 lachrymis
1349 1001 1496 1051 potius
1517 1012 1644 1050 quam

22 1076 188 1127 scriptis
226 1075 580 1126 persequendum
615 1080 744 1125 puto,
785 1087 869 1113 nec
908 1075 1125 1112 minimam
1164 1073 1290 1110 huius
1330 1072 1428 1110 mali
1469 1083 1645 1109 causam

20 1147 199 1199 praebet
232 1147 412 1198 insignis
443 1146 723 1185 sacerdotum
744 1158 858 1196 pene
881 1147 1073 1184 omnium
1095 1145 1266 1183 inscitia
1289 1148 1331 1182 et
1352 1143 1647 1194 perditissima

21 1220 121 1258 uita.
145 1218 416 1269 Coniugatos
439 1218 553 1256 enim
576 1230 631 1255 ex
652 1218 717 1255 his
738 1218 990 1268 plerosque,
1023 1217 1131 1254 alios
1161 1216 1256 1253 fere
1292 1213 1644 1260 concubinarios,

22 1290 210 1342 perfidos
232 1295 378 1328 autem
399 1290 609 1340 plurimos
631 1287 798 1327 uideas.
824 1289 1036 1327 Dominus
1058 1300 1189 1326 ueros
1213 1298 1438 1338 operarios
1458 1287 1500 1324 in
1536 1298 1647 1323 mes-

24 1373 114 1400 sem
133 1361 247 1399 illam
269 1361 508 1412 copiosam,
534 1360 613 1398 sed
634 1360 762 1398 ualde
798 1359 1020 1398 desertam
1056 1360 1232 1397 mittere
1267 1357 1487 1409 dignetur,
1523 1369 1647 1407 prae-

3 1444 10 1453 ¹*
26 1433 171 1471 sertim
205 1444 302 1470 cum
336 1432 493 1483 uulgus
523 1432 762 1478 hominum,
801 1431 834 1469 si
870 1431 1027 1470 sinceri
1066 1436 1110 1469 et
1145 1430 1350 1469 catholici
1382 1428 1649 1467 accederent

4 1542 6 1551 ‚
25 1502 292 1551 sacerdotes,
315 1517 403 1542 non
424 1505 485 1542 ita
505 1503 681 1542 difficile
703 1503 875 1541 restitui
895 1515 1027 1553 posse
1049 1502 1267 1540 uideatur.
1291 1502 1381 1539 Iam
1398 1501 1468 1550 qui
1492 1500 1648 1550 strigo-

25 1575 182 1614 niensis
203 1575 519 1626 archiepiscopi
555 1574 860 1625 suffraganeus
891 1573 1064 1621 dicitur,
1104 1578 1170 1611 est
1193 1578 1236 1610 et
1257 1573 1276 1597 b
1297 1571 1391 1622 ipse
1415 1571 1649 1622 episcopus

26 1647 96 1698 qui
114 1654 132 1672 c
150 1647 253 1684 nihil
273 1659 361 1684 non
382 1646 661 1684 humanitatis
676 1646 838 1684 nostris
857 1646 1052 1692 exhibet,
1073 1657 1210 1695 seque
1227 1644 1362 1682 filium
1381 1655 1480 1681 esse
1499 1642 1648 1680 Socie-

28 1718 126 1757 tatis
145 1718 368 1769 gloriatur,
392 1718 492 1768 quia
513 1719 561 1755 R.
587 1719 633 1756 P.
658 1717 887 1756 Claudium
909 1719 936 1764 ²,
960 1717 1059 1768 piae
1081 1716 1338 1762 memoriae,
1369 1727 1493 1753 sacra
1521 1714 1650 1765 profi-

27 1794 190 1828 tentem
211 1789 375 1827 audiuit
396 1790 579 1827 Vienne.

78 1872 116 1910 9.
175 1861 488 1899 Serenissimus
522 1873 601 1898 rex
637 1861 953 1899 Maximilianus
985 1872 1038 1898 eo
1075 1872 1155 1897 nos
1191 1859 1345 1897 fauore
1380 1858 1652 1896 beneuolen-

16 1933 171 1985 ltiaque
193 1933 513 1983 complectitur,
532 1944 617 1982 qua
634 1944 842 1970 caesarea
858 1932 1062 1970 maiestas
1083 1935 1095 1955 ³
1119 1931 1250 1978 solet,
1270 1943 1399 1980 quem
1416 1930 1458 1967 in
1474 1929 1653 1980 pascha—

30 2000 136 2041 libus
156 2003 279 2041 festis
300 2004 347 2042 P.
370 2003 567 2041 Victoria
587 2003 652 2041 bis
674 2004 897 2050 conuenit,
932 2008 976 2040 et
1005 2002 1364 2040 humanissimum
1400 2006 1466 2039 est
1499 2012 1654 2051 exper-

31 2080 112 2122 tus,
150 2075 280 2113 etiam
314 2086 412 2112 cum
443 2074 498 2112 de
533 2075 665 2113 rebus
699 2073 844 2112 arduis
875 2078 1079 2112 moneret
1101 2074 1135 2111 d.
1160 2074 1293 2111 Suam
1313 2073 1441 2111 nobis
1476 2084 1654 2122 operam

31 2146 101 2184 ille
121 2153 139 2172 θ
159 2145 214 2184 ad
235 2146 378 2184 omnia
406 2146 619 2196 promisit.
653 2146 897 2196 Episcopus
930 2145 1187 2196 trigestinus
1222 2144 1377 2183 mirum
1408 2156 1536 2194 quam
1572 2143 1654 2180 sol-

33 2217 146 2256 licite
179 2218 353 2255 Patrem
389 2217 588 2255 consulat
624 2222 668 2255 et
701 2223 909 2268 sequatur
941 2217 1057 2255 circa
1091 2229 1163 2254 res
1194 2215 1501 2254 conscienciae
1533 2226 1653 2261 suae,

33 2288 228 2339 adeoque
249 2288 291 2326 in
319 2291 415 2326 tota
443 2289 660 2326 bonorum
682 2301 859 2326 suorum
888 2287 1265 2326 administratione
1293 2287 1319 2334 f,
1351 2285 1548 2337 quotidie
1570 2287 1656 2323 huc

79 2489 99 2510 ²²
144 2492 233 2528 Del.
266 2491 320 2527 in.
372 2491 439 2516 —b
461 2495 501 2527 et
524 2494 663 2535 supra
692 2500 802 2526 vers.
861 2498 922 2515 --Ὢ
941 2490 1009 2537 qui
1041 2495 1178 2537 supra
1204 2501 1315 2527 vers.
1381 2490 1448 2515 -d
1480 2489 1663 2528 Videtur

36 2551 156 2594 prius
172 2552 319 2597 script.
340 2555 587 2594 moneretur;
609 2550 692 2596 qui.
747 2557 809 2575 —e
833 2550 902 2586 ille
921 2555 1059 2597 supra
1077 2561 1188 2587 vers.
1244 2572 1258 2574 —
1290 2551 1302 2574 f
1328 2550 1413 2587 Del
1428 2550 1508 2587 uel.

30 2704 33 2727 ¹
81 2684 83 2688 Α
1077 2722 1099 2747 o

83 2760 94 2781 ¹
144 2760 346 2800 Antonius
363 2762 612 2809 (Pal-aguez)
630 2762 680 2799 de
700 2761 956 2808 Castillegio.
979 2760 1138 2805 EUBEL‚
1160 2760 1229 2805 III,
1249 2760 1333 2797 329.

83 2818 96 2838 ²
143 2819 186 2856 P.
206 2820 402 2859 Claudius
416 2821 531 2870 Jajus
550 2834 600 2858 ex
626 2821 765 2869 primis
791 2821 909 2858 sociis
937 2819 1012 2858 Sti.
1040 2819 1188 2866 Ignatii
1216 2819 1252 2864 (†
1273 2821 1439 2857 ineunte
1468 2820 1660 2866 Augusto

40 2877 141 2923 1552)
159 2880 403 2928 theologiam
420 2880 612 2918 Viennae
632 2882 765 2918 docuit
780 2894 872 2917 ann.
890 2880 998 2917 1551—
1012 2879 1118 2916 1552.
1141 2879 1203 2917 Cf.
1220 2879 1356 2926 Epist.
1372 2879 1465 2917 FP.
1484 2880 1660 2917 Broec...

41 2937 248 2984 Roderz'cz‘,
268 2940 339 2977 369
355 2951 457 2988 sqq.;
479 2940 691 2983 PoLANco‚
712 2941 879 2983 Chron„
898 2939 948 2983 ΙΙ,
968 2938 1039 2976 269
1056 2952 1157 2986 sqq„
1177 2939 1248 2976 565
1265 2952 1350 2986 sqq.

85 2996 99 3016 ³
147 2996 181 3034 F
183 2999 427 3037 erdinandus
446 3001 678 3048 imperator.

179 3082 341 3109 er‘mnan
361 3083 767 3117 Quaoa1mnsrans.—Tom.
790 3083 843 3108 VI.
1491 3086 1522 3106 12
