1908 3446
258 256 326 294 324
744 253 964 291 LnTERAE
989 252 1348 298 QUADRIMESTRES

213 359 309 397 dam
332 358 438 397 ciuis
472 364 646 395 nostros
668 356 939 395 relaxatione
978 355 1107 394 animi
1138 353 1423 405 corporisque
1455 351 1732 391 recreatione
1754 351 1832 390 hac

213 436 380 468 aestate
404 441 551 480 egere,
576 441 661 478 quo
683 429 846 466 factum
870 434 937 466 est
959 434 1005 466 ut
1025 439 1243 476 nunquam
1265 424 1483 477 quieuerit
1504 424 1576 462 ille
1599 423 1742 462 donec
1761 423 1835 460 ho-

213 507 339 538 nesto
362 514 413 539 ac
433 501 596 551 pietate
617 499 747 549 pleno
771 499 975 538 conuiuio
998 504 1249 536 nostrorum
1270 498 1512 548 permultos
1532 495 1575 533 in
1593 507 1670 533 suo
1693 506 1833 532 amoe-

213 571 389 609 nissimo
431 571 679 620 excepisset
726 570 876 618 horto,
919 570 1099 619 eiusque
1138 569 1157 586 a
1196 568 1365 619 copiam
1404 567 1600 606 fecisset.
1642 565 1843 603 Nouerat.

213 648 443 694 praeterea
474 654 528 679 ex
558 641 811 691 primatibus
843 641 1032 680 ciuitatis
1062 639 1236 690 quidam
1257 639 1365 677 alius
1400 651 1480 677 nos
1509 650 1659 689 parurn
1690 636 1732 674 in
1753 637 1836 674 col-.-

215 715 329 765 legio
361 714 448 752 uini
477 714 658 759 habere,
694 711 816 750 iussit
847 718 892 749 ut
926 712 1067 750 modis
1098 711 1299 749 omnibus
1328 723 1416 748 non
1444 722 1578 760 parua
1607 707 1695 746 uini
1716 708 1844 758 copia⁷

214 787 282 823 nol
304 786 338 823 is
378 784 702 823 obtruderetur.
747 784 887 822 Parua
921 782 1099 833 quidem
1138 783 1249 820 haec
1288 781 1569 827 uidebuntur,
1612 778 1691 817 sed
1729 791 1837 829 quae

215 862 459 907 promptum
481 860 627 893 tamen
660 860 703 892 et
724 854 991 893 beneuolum
1014 866 1167 892 eorum
1197 853 1239 890 in
1275 865 1354 890 nos
1385 853 1578 890 animum
1600 849 1835 888 declarent.

215 925 476 978 Amplissimi
497 938 604 964 uero
628 925 881 975 Hungariae
913 924 1147 971 antistites,
1172 936 1224 962 ac
1254 922 1394 962 totius
1421 923 1464 960 in
1497 921 1644 973 primis
1666 921 1838 971 Hunga-

215 1000 303 1037 riae
322 997 500 1049 primus
531 996 887 1047 archiepiscopus
918 994 1224 1047 strigoniensis
1257 1001 1283 1042 ¹,
1313 999 1480 1032 tantum
1502 992 1721 1032 Patribus
1744 1005 1839 1030 nos-

218 1070 298 1109 tris
319 1069 545 1108 doctrinae
578 1074 621 1106 et
651 1068 929 1106 authoritatis
950 1068 969 1092 b
991 1068 1187 1106 tribuunt
1209 1072 1253 1105 et
1283 1064 1613 1112 sanctimoniae,
1636 1068 1850 1115 quantum:

217 1143 357 1180 nullus
377 1149 394 1166 Ε
416 1141 497 1179 sibi
514 1152 720 1191 arrogare
744 1139 946 1187 auderet;
966 1139 1199 1177 conferunt
1216 1137 1272 1176 de
1289 1137 1421 1176 rebus
1439 1149 1567 1186 quam
1583 1135 1772 1187 plurimis
1792 1147 1840 1173 ac

218 1213 413 1251 maximis
445 1225 541 1250 curn
573 1212 635 1250 eis
665 1223 989 1261 nonnunquam,
1023 1222 1074 1248 ac
1096 1209 1151 1247 de
1186 1208 1313 1247 nobis
1345 1207 1546 1247 omnibus
1569 1207 1734 1258 optime
1755 1217 1840 1244 me-

221 1284 305 1322 reri
336 1283 622 1321 contendunt.
655 1281 926 1331 Eademque,
959 1285 1006 1318 ut
1035 1281 1078 1318 in
1099 1292 1266 1332 genere
1296 1281 1449 1330 loquar
1479 1278 1699 1329 (exempla
1729 1277 1850 1316 enim2

219 1356 273 1393 de
301 1354 479 1405 singulis
500 1354 543 1391 in
564 1351 755 1391 medium
785 1352 961 1399 afferre,
997 1356 1114 1390 esset
1144 1351 1360 1402 prolixum
1391 1349 1660 1400 admodum),
1692 1347 1842 1399 reliqui

222 1438 373 1464 omnes
409 1425 715 1463 ecclessiarum
750 1436 838 1461 non
872 1422 1179 1473 vngaricarum
1213 1420 1362 1469 modo,
1400 1420 1479 1459 sed
1513 1420 1692 1459 aliarum
1715 1419 1841 1457 etiam

223 1497 461 1547 praesules,
485 1494 614 1533 animi
634 1495 676 1532 in
704 1506 784 1532 nos
807 1499 905 1531 sunt
925 1492 1240 1544 propensione,
1264 1491 1396 1543 idque
1417 1504 1505 1530 non
1539 1491 1679 1529 solum
1700 1488 1841 1528 uerbis

222 1567 299 1606 sed
331 1567 456 1606 factis
485 1567 677 1617 planum
713 1565 898 1605 omnino
935 1578 988 1605 ac
1023 1563 1172 1604 literis
1204 1568 1416 1602 testatum
1451 1563 1714 1613 relinquunt.
1754 1561 1842 1601 Fla·
1891 1585 1896 1591 >

223 1639 363 1691 granti
383 1639 525 1677 animo
549 1638 772 1676 cuiusdam
796 1650 819 1675 e
854 1636 1014 1676 nostris
1036 1635 1237 1675 Patribus
1268 1634 1457 1673 reditum
1480 1647 1535 1673 ex
1556 1634 1769 1685 Augusta,
1802 1636 1844 1670 et
1894 1647 1897 1650 ·

221 1709 487 1748 desiderauit
517 1708 604 1756 diu,
643 1714 685 1746 et
722 1708 869 1758 paucis
904 1707 1062 1746 abhinc
1097 1707 1252 1746 diebus
1286 1705 1596 1744 humanissime
1630 1704 1651 1730 d
1673 1702 1844 1754 excepit
1896 1725 1897 1731 κ

220 1781 467 1832 strigoniae
489 1780 860 1830 archiepiscopus,
891 1791 988 1817 cum
1013 1778 1173 1817 eodem
1194 1777 1389 1829 pluribus
1411 1776 1467 1815 de
1497 1776 1628 1814 rebus
1656 1787 1744 1814 non
1763 1774 1844 1813 iam

223 1854 359 1892 semel
381 1853 580 1899 contulit,
604 1865 655 1890 ac
676 1856 721 1890 ut
742 1865 905 1890 nouum
927 1850 1159 1889 Tirnauiae
1192 1850 1428 1901 collegium
1463 1848 1625 1887 nostris
1653 1847 1852 1886 institua--

220 1930 289 1963 tur
310 1937 476 1962 summa
497 1922 782 1962 contentione
802 1923 968 1970 nititur3
991 1921 1248 1974 saepissime
1282 1925 1459 1960 nostros
1478 1920 1534 1959 ad
1554 1932 1602 1958 se
1623 1923 1771 1965 uocat;
1787 1918 1844 1957 inv

222 1996 369 2034 terfuit
391 1996 667 2046 germanicae
698 2006 1007 2045 nonnunquam
1028 1994 1080 2031 D.
1105 1993 1328 2031 Lamberti
1349 1991 1362 2010 ²
1384 1991 1603 2038 concioni,
1628 1989 1742 2028 curis
1762 2000 1845 2027 mae

228 2067 351 2105 ximis
372 2067 567 2117 quamuis
589 2065 780 2116 undique
803 2066 1120 2116 circunseptus.
1144 2064 1337 2114 Cupiunt
1357 2062 1530 2114 plurimi
1550 2074 1654 2100 suos
1673 2061 1716 2098 in
1750 2071 1845 2098 nos-A=
1889 2073 1894 2094 ε

224 2144 290 2176 tro
327 2138 547 2184 conuictu,
588 2138 622 2175 si
660 2136 833 2187 quando
868 2137 969 2175 hinc
1004 2149 1102 2175 cum
1139 2147 1320 2174 caesare
1356 2134 1426 2173 uel
1458 2134 1543 2172 alio
1578 2131 1845 2178 recedunt,.e

224 2209 573 2259 consanguineos
594 2208 858 2258 relinquere,
880 2220 1047 2258 eosque
1069 2208 1150 2246 sub
1171 2211 1322 2245 nostra
1334 2205 1499 2257 ferula
1520 2204 1531 2228 f
1550 2203 1634 2254 pijs
1655 2202 1851 2241 moribus-

225 2292 276 2317 ac
298 2279 471 2330 optimis
493 2291 651 2317 uacare
674 2278 849 2317 actibus
869 2286 906 2327 g,
930 2278 1061 2330 idque
1082 2291 1162 2329 pro
1185 2289 1346 2329 magno
1369 2288 1473 2316 sane
1495 2279 1700 2325 reputant
1720 2272 1754 2311 si
1775 2272 1845 2310 ob-
1890 2291 1896 2315 ξ

223 2351 362 2388 tinere
398 2355 573 2400 queant.
619 2349 813 2388 Tantam
834 2351 885 2388 de
918 2363 962 2389 se
996 2348 1147 2389 nostri
1182 2361 1338 2388 omnes
1370 2349 1491 2398 spem
1527 2346 1648 2396 apud
1683 2354 1843 2390 omne-⁹⁴2

224 2432 338 2469 qnae
358 2419 440 2458 Dei
464 2420 558 2470 Opt.
595 2420 733 2459 Max.i
758 2422 820 2459 est
843 2419 1037 2467 bonitas,
1058 2419 1289 2460 concitant
1312 2421 1445 2469 atque
1467 2418 1668 2462 tuentum·
1692 2427 1777 2465 qno
1790 2412 1854 2466 fii·
1890 2416 1895 2456 ἶ

227 2493 271 2529 nt
292 2491 471 2542 ipsemet
493 2492 511 2516 ¹¹
533 2492 750 2543 Vngariae
773 2491 912 2531 totius
933 2505 1095 2543 prorex
1116 2505 1243 2531 suurn
1268 2490 1455 2530 omnino
1476 2487 1679 2528 statuerit
1700 2486 1857 2533 filium„
1890 2505 1894 2519 ι

269 2694 289 2713 a
337 2693 377 2730 in
397 2698 613 2739 posterum.
679 2695 744 2719 -b
765 2700 924 2740 patrum
955 2700 1229 2733 nostrorum...
1265 2692 1515 2730 authoritati.
1581 2698 1645 2716 —0
1667 2688 1845 2737 Emeudi

225 2765 274 2790 ex
292 2752 359 2789 uix
379 2753 499 2788 ullus.
551 2753 618 2777 —d
639 2765 743 2789 eum.
798 2761 862 2779 —e
882 2766 988 2791 suos.
1043 2755 1101 2779 ——f
1127 2754 1391 2790 institutione.
1447 2758 1514 2783 -ἕ
1535 2749 1765 2796 disciplinis:

273 2813 290 2836 ¹¹
337 2811 443 2848 inter
462 2824 574 2858 quos.

276 2998 282 3016 ¹
337 2995 529 3033 Nicolaus
549 2995 717 3032 Olahus.

278 3056 290 3074 ²
340 3054 382 3091 P.
404 3054 648 3091 Lambertus
666 3054 795 3091 Auer.
