1908 3446
577 219 658 258 1146„
711 219 892 257 Amnius
921 220 934 256 1
964 219 1209 257 DECEMBRIS
1238 219 1327 257 1560
1643 217 1715 255 955

141 322 252 359 haec
272 322 480 370 nequitia,
506 328 712 371 quantum
736 322 775 359 in
806 321 932 360 nobis
963 323 1091 361 situm
1121 322 1217 368 fuit,
1249 321 1554 373 castigaretur,
1579 322 1759 368 ignomi-

139 393 296 443 niaque
327 393 637 443 augustissimo
670 399 945 432 sacramento
978 394 1092 432 facta
1112 401 1131 418 a
1163 394 1399 432 elueretur.
1435 395 1531 431 Hoc
1561 399 1759 444 tempore

138 463 298 502 nostris
320 464 485 514 aliquot
509 464 734 515 vtriusque
757 477 890 503 sexus
912 466 1112 504 homines
1141 470 1325 516 peccata
1353 477 1430 503 sua
1461 465 1543 502 ritu
1566 465 1759 503 christia-

137 546 290 572 norum
313 534 503 572 confessi
526 541 639 581 sunt,
664 535 831 586 fuitque
862 536 1044 587 amplior
1067 542 1110 574 et
1141 537 1277 574 maior
1308 537 1476 583 messis,
1510 549 1639 587 quam
1664 548 1759 585 spe-

136 606 220 644 rari
241 606 458 657 potuisset
480 608 591 644 inter
613 607 751 645 filices
775 613 818 645 et
840 606 956 646 lolia.
984 609 1082 646 Hoc
1107 621 1235 646 unum
1260 607 1414 645 saltem
1436 607 1506 645 hic
1527 608 1545 632 b
1569 607 1758 645 omnium

137 683 204 716 est
226 678 418 728 elogium
440 677 495 715 de
517 678 744 716 Societate
763 680 883 731 Jesu3
907 680 1000 718 eius
1029 692 1163 730 opera
1183 691 1233 717 ac
1262 679 1473 717 industria
1500 684 1598 730 post
1621 680 1759 717 Deum

137 743 359 792 Optimum
383 743 615 781 Maximum
639 749 942 782 conseruatam
966 744 1007 782 in
1028 745 1110 782 hac
1131 744 1312 796 regione
1335 745 1560 796 pietatem,
1595 749 1638 782 et
1659 745 1760 782 hae-

115 813 252 865 ·resin
272 826 360 851 non
380 826 531 864 parum
554 814 819 852 retardatam
840 828 891 854 ac
913 815 1182 853 debilitatam
1204 816 1353 854 fuisse.
1386 814 1563 853 Christo
1591 817 1695 866 Jesu
1717 815 1759 853 id

141 896 271 921 omne
293 890 523 934 acceptum
557 885 659 923 ferri
689 885 840 932 debet,
877 886 949 936 qui
983 886 1057 924 dat
1092 892 1135 924 et
1170 888 1286 925 velle
1309 894 1352 925 et
1374 887 1588 937 perficere
1613 887 1636 925 ¹.
1661 888 1760 925 Non

137 955 332 993 omittam
356 955 480 994 istius
503 957 651 1006 populi
672 957 784 1007 piam
816 957 1098 995 affectionem
1128 959 1345 1009 proditam
1375 957 1446 996 (lie
1477 971 1756 1009 parasceues,

135 1026 251 1073 dum,
276 1027 336 1064 uti
360 1027 423 1073 fit,
450 1027 593 1078 imago
627 1028 824 1066 crucifixi
846 1041 868 1066 a
892 1029 1205 1068 concionatore
1238 1030 1341 1068 satis
1376 1031 1567 1068 animato
1601 1030 1654 1068 ad
1684 1043 1759 1068 vo-

134 1097 325 1135 luntates
360 1099 684 1148 permouendas
722 1098 1050 1146 ostendere-tun
1081 1101 1134 1137 ab
1157 1100 1356 1138 omnibus
1384 1101 1669 1139 acclamatum
1693 1106 1760 1139 est

138 1170 250 1216 Deo,
276 1170 402 1220 eique
429 1177 445 1195 c
474 1170 527 1208 ad
565 1171 779 1221 lacrymas
815 1184 953 1222 vsque
983 1184 1060 1221 pro
1096 1173 1290 1222 peccatis
1324 1173 1412 1210 suis
1446 1173 1756 1223 supplicarunt.

137 1242 221 1279 Res
244 1246 311 1279 est
332 1241 509 1292 quidem
532 1241 551 1266 ‘¹
586 1242 777 1293 uulgaris
811 1242 853 1280 in
888 1241 1024 1289 Italia,
1061 1243 1175 1293 apud
1209 1256 1288 1281 nos
1319 1256 1426 1282 vero
1450 1251 1467 1269 e
1488 1243 1756 1296 prodigiosa.

136 1313 293 1351 Conati
315 1318 415 1351 sunt
431 1314 626 1351 nonrmlli
643 1313 746 1351 fidei
764 1314 1008 1352 catholicae
1025 1315 1192 1361 hostes,
1212 1328 1266 1353 ne
1284 1315 1517 1354 ueritatem
1540 1315 1756 1363 audirent,

135 1389 287 1422 contra
309 1385 584 1423 voluntatem
606 1398 657 1423 ac
673 1384 901 1435 imperium
924 1384 1134 1437 episcopi,
1155 1386 1285 1425 alium
1302 1400 1552 1438 surrogare,
1575 1389 1759 1426 occultis

133 1455 390 1506 quibusdam
413 1456 621 1505 consilijs,
646 1455 687 1494 in
708 1462 983 1508 suggestum,
1017 1457 1186 1496 reiecta
1215 1458 1442 1498 Societate
1477 1465 1643 1507 nostra,
1681 1459 1759 1498 sed

136 1526 352 1565 eiusmodi
375 1532 558 1565 conatus
579 1528 776 1578 perbelle
798 1528 919 1566 Deus
942 1529 1219 1579 omnipotens
1242 1529 1483 1581 dissipauit.

187 1608 226 1646 4.
289 1597 471 1635 Fuxium
496 1603 563 1636 est
586 1599 791 1649 oppidum
813 1598 866 1637 ad
888 1599 1007 1650 ipsos
1029 1604 1203 1638 montes
1226 1601 1452 1650 Pyreneos
1476 1601 1605 1639 situm
1633 1601 1759 1639 ditio-

134 1669 199 1706 nis
221 1681 505 1707 nauarrorum
527 1670 660 1721 regis.
685 1670 749 1708 Eo
771 1669 947 1720 quidam
979 1682 1002 1708 e
1033 1671 1195 1709 nostris
1226 1671 1238 1689 ²

1269 1685 1426 1723 magna
1458 1673 1562 1711 cleri
1585 1678 1629 1711 et
1651 1672 1759 1724 opti·

136 1745 297 1778 matum
319 1741 613 1779 consensione
635 1742 878 1779 accersitus
901 1747 982 1789 est,
1007 1746 1052 1780 ut
1074 1741 1291 1781 aduentus
1311 1742 1424 1782 sacri
1447 1749 1491 1782 et
1518 1745 1759 1796 quadrage-

135 1811 270 1849 simae
301 1811 422 1861 ferijs
453 1812 693 1850 conciones
722 1812 1003 1851 haberentur.
1042 1813 1089 1852 Id
1119 1814 1281 1852 factum
1313 1820 1379 1853 est
1411 1827 1462 1853 ea
1495 1815 1756 1866 frequentia,

139 1895 268 1933 quam
291 1896 509 1933 nunquam
532 1884 732 1922 uiderant
761 1884 875 1922 illius
905 1884 992 1923 loci
1026 1885 1240 1924 homines.
1278 1886 1468 1924 Auditae
1490 1894 1589 1925 sunt
1610 1888 1664 1925 ab
1687 1900 1759 1926 eo-

140 1954 239 1993 dem
262 1955 545 2005 plurimorum
569 1955 890 2004 confessiones3
912 1956 1107 2008 adempti
1140 1958 1389 2009 plaerisque
1420 1958 1627 1997 studiosis
1660 1959 1756 2009 librj

132 2026 345 2064 haeretici
367 2031 411 2064 et
442 2026 677 2075 combusti3
710 2026 764 2065 de
795 2027 886 2065 vita
907 2040 957 2066 ac
979 2028 1173 2066 moribus
1194 2029 1501 2068 nonnullorum
1531 2030 1574 2068 in
1604 2031 1758 2069 melius

133 2098 380 2136 consultum
403 2102 483 2137 est.
514 2098 632 2136 Inter
667 2099 856 2150 gemitus
891 2111 942 2138 ac
976 2099 1160 2151 suspiria
1190 2100 1261 2139 die
1291 2114 1556 2151 parasceues
1585 2102 1628 2140 in
1657 2115 1758 2141 con-

132 2168 260 2206 cione
283 2169 583 2208 caluinismum
601 2175 892 2221 coeterasque
913 2171 1124 2209 haereses
1145 2171 1409 2210 abiurarunt.
1435 2173 1502 2211 Ab
1523 2173 1758 2212 haereticis

131 2240 296 2291 aliquot
317 2240 430 2278 illius
451 2241 538 2279 loci
559 2241 692 2280 affixa
713 2246 812 2280 sunt
832 2243 992 2292 probra
1011 2242 1054 2281 in
1077 2244 1295 2282 ecclesiae
1327 2244 1510 2283 decreta
1529 2243 1757 2296 ipsumque

133 2312 512 2359 concionatorem,
546 2325 700 2350 verum
721 2314 869 2352 lumen
898 2313 1016 2355 fidei.
1041 2314 1085 2352 id
1107 2322 1176 2353 est
1209 2316 1370 2354 erroris
1393 2316 1599 2354 tenebras
1622 2318 1661 2355 ei
1684 2317 1760 2355 ob-

133 2384 236 2421 nixe
258 2383 585 2434 impraecando.
610 2384 890 2423 Satisfactum
921 2390 988 2424 est
1019 2386 1235 2424 eiusmodi
1265 2385 1493 2425 titionibus
1513 2387 1758 2438 fumiganti-

126 2456 226 2494 bus.
252 2456 384 2495 Ciues
406 2456 588 2494 abeunti
616 2456 732 2506 Patrj
755 2453 908 2496 nostro
930 2458 989 2496 illi
1016 2459 1151 2497 multa
1183 2459 1453 2506 obtulerunt,
1485 2465 1660 2510 praeter
1690 2473 1757 2498 su-

130 2527 351 2578 periorum
374 2508 623 2578 temporum
646 2528 1027 2577 consuetudinem,
1046 2535 1212 2577 vestes,
1234 2530 1382 2578 lintea,
1400 2531 1646 2581 pecuniam,
1671 2532 1758 2569 col-

131 2597 249 2649 legio
271 2596 462 2649 denique
486 2597 646 2637 locum.
671 2599 945 2650 Responsum
977 2606 1043 2638 est
1064 2600 1146 2639 illis
1176 2607 1373 2639 nostrum
1397 2614 1495 2640 esse
1530 2602 1757 2653 negotium

177 2753 197 2773 ἃ
246 2753 353 2791 facta
382 2759 519 2800 supra
551 2764 659 2792 vers.
714 2755 779 2780 -b
809 2755 872 2792 hic
902 2760 1040 2801 supra
1067 2767 1178 2794 vers.
1233 2764 1296 2784 —0
1328 2758 1447 2805 eique
1477 2763 1615 2806 supra
1645 2770 1757 2797 vers.

133 2813 199 2839 —d
219 2819 281 2851 est
299 2813 462 2861 quidem
480 2819 618 2860 supra
638 2824 748 2852 vers.
803 2822 868 2841 —e
890 2827 987 2852 vero
1005 2822 1144 2863 supra
1162 2828 1272 2855 vers,

168 2964 188 3000 .¹
220 2994 221 2998 ,
242 2963 307 3002 Cf.
328 2963 506 3011 Palma,
526 2963 577 3009 ΙΙ,
599 2964 655 3002 13.
986 3007 989 3010 ,

178 3023 192 3042 ²
240 3022 332 3071 Ipse
351 3023 548 3071 epistolae
567 3028 721 3061 auctor.
738 3023 847 3062 Vide
866 3036 1001 3072 supra,
1021 3038 1058 3072 p.
1075 3024 1157 3064 577.
