1908 3446
221 208 291 247 216
686 205 908 243 LITTERAE
935 204 1294 250 QUADmMEsTREs

175 311 300 349 sibus
318 312 351 358 a,
377 322 498 348 more
520 309 648 358 hujus
672 308 833 360 oppidi,
851 307 1085 358 generales
1107 304 1320 355 quaedam
1342 308 1642 355 proponuntur
1663 316 1797 342 asser-

177 382 336 428 tiones,
360 381 514 431 quibus
537 380 682 419 cuncti
704 379 773 428 alij
797 379 986 417 invicem
1022 377 1075 415 ad
1110 380 1303 414 nostram
1334 375 1528 414 scholam
1549 376 1794 425 inuitantur,
1854 393 1868 432 3.

177 466 262 504 quo
285 466 372 491 non
393 452 517 490 inviti
538 452 661 489 multi
682 450 921 489 doctissimi
944 462 992 487 se
1028 448 1258 486 conferunt
1295 446 1528 485 ediserturi
1548 452 1678 497 atque
1701 459 1799 486 eno-

179 524 320 562 daturi
341 524 475 561 inulta
495 523 537 561 in
560 523 750 560 omnium
772 521 1020 559 vtilitatem.
1056 520 1204 557 Habes
1236 531 1341 569 erga
1369 518 1590 569 proprium
1613 531 1798 557 commo·
1856 519 1857 524 ’
1886 522 1893 535 “

179 595 279 633 dum
302 600 345 632 et
367 596 385 619 b
408 607 570 640 curam,
594 593 745 643 accipe
767 591 899 630 modo
922 591 1072 642 quales
1095 602 1141 628 se
1164 588 1302 627 nostri
1329 592 1484 640 gerant
1505 589 1798 640 proximorum

179 666 420 705 commodis
442 665 750 703 inseruientes.

231 749 267 777 2.
328 740 396 776 Pr.
422 737 679 784 Santander‚
719 737 791 786 qui
824 748 962 786 nuper
997 735 1153 773 missus
1185 738 1252 771 est
1287 733 1370 771 alio
1397 731 1424 780 ¹,
1451 737 1494 770 et
1515 733 1567 771 D.
1592 732 1799 772 Ramirius
1855 726 1857 731 ’

179 810 263 849 hoc
282 821 406 861 sacro
442 807 657 846 aduentus
693 806 899 845 dominici
933 812 1135 857 tempore
1171 817 1304 855 saepe
1340 816 1485 843 sacras
1515 804 1569 842 ad
1597 805 1799 855 populum
1853 809 1856 820 “

180 881 410 920 contiones
431 881 642 927 habuere,
680 891 791 930 quae
827 891 930 917 sane
951 879 1105 929 plausu
1139 875 1392 927 laetitiaque
1426 874 1595 927 ingenti
1616 876 1800 927 excipie-

178 953 348 997 bantur,
372 964 459 989 non
495 949 587 989 sine
623 963 781 1001 magno
818 950 1056 988 animarum
1091 948 1248 986 fructu.
1291 947 1339 985 Id
1373 947 1550 999 quidem
1589 951 1801 987 testantur
1852 939 1894 987 ἔ.

179 1024 462 1071 audientium,
486 1027 578 1060 tum
599 1023 864 1072 lachrymae,
901 1027 992 1060 tum
1027 1022 1157 1060 etiam
1193 1020 1377 1061 crebrae
1413 1019 1728 1067 confessiones,
1761 1025 1803 1058 et

180 1094 355 1147 quidem
393 1094 615 1133 hominum
653 1094 746 1132 eius
779 1098 928 1141 notae,
966 1095 1037 1145 qui
1071 1107 1149 1145 pro
1187 1098 1401 1145 suggestu
1440 1091 1598 1144 signati
1635 1091 1804 1131 fuerant
1852 1105 1856 1119 ¹
1891 1098 1893 1138 s

179 1167 392 1218 impense;
414 1165 527 1203 inter
548 1178 658 1217 quos
678 1164 759 1203 fuit
780 1163 852 1214 qui
873 1164 1042 1203 diceret
1077 1178 1124 1203 se
1158 1177 1415 1216 persuasum
1436 1175 1550 1203 voce
1572 1163 1672 1202 uiua
1706 1175 1800 1202 con·

182 1236 394 1277 cionantis
416 1237 530 1275 uelle
565 1236 785 1275 inimicum
807 1236 920 1274 Vltro
951 1236 1127 1288 alloqui,
1152 1249 1420 1287 mensaeque
1441 1235 1553 1274 illius
1573 1235 1801 1284 interesse,

182 1322 279 1348 cum
308 1307 392 1346 iam
428 1308 500 1346 diu
534 1308 647 1346 inter
682 1308 800 1358 ipsos
837 1306 983 1346 odium
1018 1307 1272 1346 intestinum
1302 1312 1570 1346 uersaretur.
1606 1305 1675 1344 Ad
1704 1306 1804 1346 alias

183 1381 394 1420 ecclesias
429 1393 561 1430 saepe
596 1382 853 1418 acersuntur
889 1380 1058 1427 Patres,
1099 1379 1174 1417 vbi
1212 1379 1442 1430 aliquando
1484 1379 1802 1428 contionantur,

182 1453 298 1491 bona
330 1452 480 1503 populi
513 1456 637 1501 parte
673 1450 985 1498 conueniente3
1021 1450 1101 1489 sed
1136 1463 1233 1489 cum
1269 1456 1356 1489 tam
1390 1451 1514 1490 multi
1543 1451 1586 1489 in
1614 1456 1803 1490 nostram

185 1525 406 1562 confluant
429 1522 677 1570 ecclesiam,
700 1523 782 1560 iam
819 1523 1004 1573 amplam
1040 1526 1083 1560 et
1113 1535 1225 1574 quae
1255 1523 1417 1561 multos
1438 1523 1629 1574 vndique
1651 1523 1802 1575 capiat,

184 1608 272 1633 non
293 1607 480 1645 aequum
505 1600 522 1619 0
551 1597 733 1633 censent
763 1594 899 1644 ipsam
935 1593 1160 1633 deserere.
1198 1595 1267 1634 Pr.
1291 1595 1547 1634 Franciscus
1569 1595 1715 1642 etiam,
1737 1595 1806 1646 qui

184 1679 239 1704 ne
273 1665 317 1704 id
351 1665 541 1704 muneris
576 1664 749 1703 assidue
785 1669 994 1703 exerceat
1028 1665 1373 1716 aegritudinibus
1407 1666 1679 1716 prohibetur,
1712 1678 1804 1704 cum
1858 1686 1878 1705 2·

186 1749 309 1776 more
330 1738 453 1788 regio
476 1737 547 1775 hic
566 1737 722 1775 summi
750 1736 888 1775 nostri
916 1736 1193 1787 imperatoris
1214 1737 1226 1757 ²
1247 1736 1360 1775 iusta
1379 1737 1555 1785 fierent,
1578 1737 1694 1775 bona
1712 1749 1805 1788 pro·
1864 1755 1871 1761 ·

186 1820 335 1846 cerum
373 1813 497 1859 parte
533 1812 839 1855 concurrente,
878 1807 1129 1846 contionem
1164 1807 1315 1846 habuit
1353 1809 1460 1847 mira
1493 1808 1678 1860 quadam
1716 1812 1806 1847 arte
1857 1830 1865 1838 ··

185 1878 384 1917 laudibus
405 1879 522 1930 regis
542 1891 778 1929 aspersam,
802 1891 913 1929 quae
934 1879 977 1917 in
993 1879 1263 1918 audientium
1280 1879 1559 1918 commodum
1576 1879 1805 1931 detorque·
1864 1895 1868 1898 ·

185 1950 357 1989 bantur.
400 1949 675 2000 Quandoque
714 1949 828 2000 apud
866 1950 1084 2001 principes
1128 1955 1303 1989 nostros
1351 1950 1468 1989 idem
1515 1956 1723 2003 praestat,
1765 1955 1806 1990 et
1856 1955 1859 1960 ⁴

187 2022 323 2059 nostri
345 2021 414 2070 alij
439 2021 784 2068 contionatores‚
808 2020 1149 2060 assentientibus
1179 2034 1230 2060 ac
1264 2023 1390 2060 laetis
1422 2021 1701 2074 principibus.
1724 2021 1804 2073 Alij
1859 2019 1874 2070 ‚s

188 2105 294 2130 uero
336 2093 488 2130 Patres
526 2092 780 2142 frequenter
824 2093 1001 2143 vesperi
1038 2105 1090 2131 ac
1128 2105 1271 2141 mane,
1314 2093 1610 2132 conueniente
1647 2093 1804 2145 populo

187 2162 241 2200 ad
262 2175 385 2201 sacra
407 2162 566 2210 officia,
590 2175 701 2213 quae
731 2162 849 2202 domi
883 2163 1184 2211 decantantur,
1209 2177 1367 2216 magna
1387 2178 1485 2204 cum
1507 2165 1806 2204 consolatione

189 2235 379 2272 omnium
401 2235 686 2282 satisfaciunt,
709 2235 753 2273 in
774 2234 868 2273 dies
885 2240 1116 2274 crescente
1137 2235 1429 2275 multitudine.

239 2315 277 2353 3.
336 2305 433 2344 Nec
449 2310 595 2344 tamen
616 2306 788 2344 interim
811 2306 1113 2345 confessiones
1136 2307 1408 2356 omittuntur,
1431 2307 1533 2360 quin
1548 2309 1694 2359 potius
1711 2311 1806 2347 sunt
1858 2328 1862 2341 ε

188 2376 261 2427 qui
282 2376 336 2414 ad
357 2376 400 2414 id
420 2376 612 2414 numeris
634 2377 951 2428 capessendum
969 2377 1176 2416 destinati
1195 2379 1355 2417 nullam
1372 2379 1415 2417 in
1430 2379 1513 2417 hac
1533 2392 1580 2417 re
1601 2379 1806 2418 iacturam

186 2447 281 2486 fieri
320 2447 550 2499 patiantur.
588 2448 698 2486 Nam
733 2449 983 2488 scholastici
1017 2462 1115 2489 cum
1148 2451 1366 2489 nonnullis
1401 2451 1511 2501 alijs,
1552 2455 1666 2490 stata
1684 2451 1802 2499 hora,

188 2519 387 2569 cymbalo
410 2524 610 2567 sonante,
634 2519 751 2570 quod
772 2520 815 2558 in
834 2521 950 2559 hunc
970 2534 1094 2560 usum
1116 2520 1322 2572 aliquanti
1341 2520 1548 2573 ponderis
1575 2522 1804 2562 conflatum

233 2706 252 2726 a
302 2706 530 2754 aliquando.
583 2708 650 2733 —b
672 2712 711 2745 et
729 2712 867 2754 supra
886 2719 994 2747 vers.
1050 2717 1113 2735 —0
1132 2722 1278 2757 aequm
1299 2719 1379 2748 ms.

236 2893 243 2911 ¹
297 2890 530 2937 segoviam,
551 2891 601 2928 ad
620 2903 765 2929 munus
783 2893 951 2929 rectoris
969 2893 1063 2930 novi
1081 2893 1248 2941 collegii
1274 2894 1518 2932 obeundum.
1540 2894 1602 2933 Cf.
1623 2895 1806 2934 Sanctus
1855 2913 1863 2923 ι

191 2951 453 2988 Franciscus
471 2950 649 2997 Borgz'a,
671 2950 739 2996 III,
759 2951 840 2997 457,
862 2957 994 2990 annot.
1019 2953 1072 2992 10.

234 3011 247 3033 ²
298 3008 473 3049 Carolus
491 3009 546 3047 V.
