1908 3446
217 227 283 263 188
667 228 885 264 Li'r‘rERAE
911 229 1270 274 QUADffiMEs‘rREs

167 330 328 368 scholis
349 330 559 376 adiunxit,
585 336 896 381 expectaturus
919 331 1116 370 eiusdem
1148 332 1193 369 P.
1227 330 1505 381 prouincialis
1536 331 1785 376 aduentum,

169 407 215 438 ut
235 413 445 451 praesens
467 413 564 440 cum
586 407 823 452 praesente
845 415 898 441 ea
914 402 968 440 de
990 415 1037 440 re
1060 414 1193 453 agere
1212 403 1363 452 possit.

220 483 257 520 7.
317 473 459 511 Vnum
488 472 659 520 addam,
692 479 823 524 atque
857 474 916 512 ita
949 474 1050 512 huic
1084 485 1210 512 meae
1246 473 1459 524 epistolae
1495 473 1787 523 colophonem

168 544 398 594 imponam.
425 545 539 583 Ante
560 557 697 583 annos
717 558 805 583 non
826 545 887 583 ita
906 545 1066 583 multos
1088 549 1294 594 coeptum
1317 549 1409 582 erat
1426 544 1497 595 agi
1512 544 1554 581 in
1572 543 1788 594 frequenti

168 614 377 653 nobilium
400 616 584 654 concilio
608 614 663 653 de
683 629 801 654 nouo
834 614 1021 666 collegio
1053 614 1166 665 apud
1196 615 1461 666 Drepanum,
1493 627 1606 664 quae
1637 613 1787 652 ciuitas

170 692 237 724 est
256 699 344 724 non
365 686 576 737 postremi
597 686 710 737 apud
731 686 892 724 siculos
913 687 1113 733 nominis,
1139 685 1400 733 extruendo,
1427 691 1471 723 et
1496 685 1659 724 multae
1683 683 1788 735 opti-

169 762 332 795 matum
354 757 601 796 sententiae
624 770 676 795 eo
699 770 743 796 se
764 757 1043 804 inclinabant,
1067 762 1113 794 ut
1134 758 1218 795 iam
1244 769 1332 795 non
1362 756 1586 795 uideretur
1614 754 1787 794 difficile

171 831 419 880 impetratu,
443 830 561 879 quod
582 829 924 881 proponebatur.
944 828 1034 867 Sed
1056 833 1149 867 erat
1169 829 1282 867 inter
1300 832 1503 867 caeteros
1519 828 1592 879 qui
1611 826 1791 865 aliorum

172 899 379 951 suffragia
408 913 535 951 quam
565 900 913 952 pertinacissime
945 905 1233 951 oppugnaret,
1266 899 1383 950 quod
1402 912 1484 937 nos
1505 906 1523 924 a
1545 897 1793 936 adulatores

174 977 218 1011 et
240 973 412 1012 Ioannis
434 986 457 1010 a
478 974 617 1023 Vega,
641 973 711 1023 qui
733 977 838 1010 tunc
858 971 1068 1023 temporis
1099 970 1216 1023 regis
1246 971 1340 1020 [sic]
1374 982 1557 1009 munere
1587 969 1792 1020 fungeba-

173 1048 241 1081 tur
275 1049 299 1090 ¹,
333 1056 576 1093 corycaeos
608 1056 706 1081 esse
738 1042 922 1081 diceret.
960 1043 1112 1093 Itaque
1133 1042 1363 1093 persuasit.
1388 1043 1528 1080 Tanta
1548 1041 1663 1079 enim
1683 1040 1794 1092 apud

175 1115 486 1166 drepanenses,
511 1120 601 1152 tum
622 1115 836 1165 potentia,
860 1119 951 1152 tum
973 1113 1210 1152 autoritate
1236 1113 1427 1160 ualebat,
1460 1118 1507 1151 ut
1539 1113 1632 1151 eius
1662 1112 1793 1150 solius

174 1187 352 1225 arbitrio
384 1185 556 1236 quiduis
585 1185 713 1224 facile
743 1191 817 1223 aut
847 1185 1162 1224 decerneretur
1183 1189 1257 1223 aut
1277 1184 1576 1236 impediretur.
1601 1183 1794 1235 Contigit

174 1260 289 1297 hunc
308 1258 448 1309 ipsum
469 1257 618 1308 paucis
640 1257 798 1296 abhinc
827 1256 1049 1295 mensibus
1079 1256 1323 1294 Messanam
1353 1256 1521 1303 uenire,
1553 1255 1627 1293 ubi
1656 1254 1796 1293 adhuc

175 1331 280 1381 agit,
311 1330 384 1380 qui
412 1335 644 1380 postquam
675 1329 858 1367 uidisset
879 1341 991 1380 quae
1012 1328 1127 1379 apud
1147 1340 1227 1366 nos
1249 1333 1501 1379 agerentur,
1524 1330 1795 1378 quantusque

174 1402 339 1440 fructus
360 1400 414 1438 ad
434 1401 686 1438 uniuersum
707 1401 913 1451 populum
937 1413 991 1438 ex
1013 1400 1173 1438 nostris
1197 1399 1418 1438 exercitiis
1441 1404 1485 1437 et
1513 1398 1795 1437 concionibus

175 1477 467 1523 promanaret3
490 1471 606 1510 serio
630 1484 729 1509 eum
750 1471 966 1522 poenituit
986 1470 1220 1509 inconsulti
1241 1470 1425 1517 consilii;
1450 1475 1494 1508 et
1529 1482 1696 1508 summa
1725 1469 1797 1508 do-

176 1545 278 1582 loris
314 1544 634 1595 significatione
668 1543 932 1594 palinodiam
968 1542 1141 1590 cecinit,
1178 1542 1398 1594 pollicitus
1430 1543 1567 1594 prima
1597 1541 1699 1580 data
1728 1553 1797 1580 oc-

177 1617 353 1655 casione
377 1615 636 1653 effecturum
660 1627 723 1662 se,
748 1619 794 1652 ut
814 1615 954 1653 nostri
982 1615 1227 1665 intelligant
1257 1615 1376 1653 illum
1406 1614 1546 1664 ipsum
1576 1613 1649 1664 qui
1680 1613 1796 1664 prius

174 1686 447 1726 aedificando
470 1687 660 1738 collegio
679 1686 953 1725 obstaculum
970 1685 1169 1733 dederat,
1192 1692 1350 1737 postea
1366 1684 1646 1724 occasionem
1667 1689 1796 1735 atque

175 1760 343 1798 initium
365 1758 542 1797 dedisse
563 1758 590 1796 ².
617 1757 748 1806 Quod
768 1770 896 1809 quam
919 1771 974 1796 ex
995 1757 1125 1796 animi
1160 1758 1381 1796 sententia
1401 1756 1574 1804 dixerit,
1612 1757 1684 1794 uel
1716 1756 1800 1794 hoc

177 1835 437 1883 argumento
456 1842 555 1868 esse
576 1835 740 1881 potest,
759 1829 878 1881 quod
898 1830 1032 1868 filium
1054 1843 1179 1868 suum
1200 1830 1405 1881 Drepano
1423 1830 1509 1867 huc
1525 1826 1798 1866 euocandum

177 1902 493 1955 procurauerit,
517 1907 563 1939 ut
585 1914 609 1940 a
629 1902 805 1949 nostris,
830 1915 927 1940 cum
949 1901 1162 1948 doctrina,
1186 1907 1277 1939 tum
1299 1901 1492 1939 moribus
1513 1899 1798 1946 imbueretur;

179 1974 248 2014 cui
268 1976 303 2013 si
324 1975 444 2012 Deus
465 1974 653 2011 animum
674 1986 725 2012 ac
746 1974 878 2012 robur
901 1973 1076 2024 spiritus
1096 1973 1261 2012 addere
1283 1972 1503 2024 dignetur,
1528 1972 1571 2010 in
1592 1970 1708 2009 uotis
1727 1971 1799 2009 ha-

179 2049 254 2087 bet
271 2062 370 2087 eum
387 2048 592 2087 sodalitio
613 2051 765 2085 nostro
783 2045 1050 2084 adscribere.
1074 2045 1248 2093 [Preces
1258 2045 1463 2097 postulat
1478 2045 1519 2083 et
1538 2044 1639 2083 vale
1660 2042 1798 2092 dicit.]

259 2120 488 2158 Messanae
509 2119 660 2171 quinto
681 2130 820 2156 nonas
841 2117 975 2155 maias
1001 2126 1114 2166 1559.

260 2193 307 2230 R.
332 2193 379 2230 P.
403 2192 454 2230 T.
478 2190 681 2241 indignus
701 2189 744 2227 in
765 2188 941 2227 Christo
962 2188 1090 2235 filius,

929 2276 1136 2315 Ammms
1165 2277 1322 2324 FABER,
1354 2276 1586 2328 brugensis
1615 2281 1643 2314 ³.

259 2405 367 2444 Alia
395 2418 552 2443 manu.
589 2402 846 2441 Emendata.
887 2401 1116 2451 [Mandata]
1158 2402 1202 2440 in
1240 2402 1429 2452 Spagna,
1472 2401 1666 2448 Francia,
1709 2399 1802 2437 Ale-

182 2491 351 2529 magna,
375 2478 578 2523 Genoua,
604 2480 690 2514 ete.
714 2474 846 2522 Forli,
872 2480 957 2512 etc.
982 2472 1182 2521 Fiandra,
1207 2479 1294 2512 etc.

263 2548 428 2601 Sigizlz'
447 2546 707 2598 vestigium.

229 2711 249 2730 a
297 2709 440 2746 Praec
472 2719 511 2745 v.
535 2706 767 2753 difficilius
785 2705 835 2743 ob
855 2706 1118 2743 attramenti
1133 2705 1360 2742 maculam
1380 2705 1466 2750 legi
1479 2707 1630 2750 potest.

232 2869 241 2888 ¹
288 2865 467 2913 Joannes
485 2863 535 2900 de
555 2861 692 2908 vega,
713 2859 881 2897 Siciliae
898 2871 1047 2910 prorex
1066 2860 1118 2896 ab
1135 2871 1243 2896 anno
1265 2858 1355 2895 1547
1372 2859 1422 2895 ad
1442 2857 1543 2895 1556.

230 2927 244 2947 ²
295 2922 479 2971 Drepani
497 2920 717 2968 collegium
742 2919 834 2958 Soc.
858 2919 957 2967 Jesu
984 2931 1089 2956 anno
1118 2917 1209 2956 1580
1234 2918 1399 2955 tandem
1426 2916 1582 2954 institui
1607 2920 1804 2962 coeptum.

186 2986 254 3025 Cf.
280 2984 528 3026 AGUILERA,
547 2981 578 3024 I,
599 2994 694 3029 pag.
713 2980 794 3018 233.

233 3047 246 3066 ³
296 3043 423 3085 Vide,
444 3054 580 3090 supra,
602 3055 639 3090 p.
659 3042 694 3078 5.
