1908 3446
246 219 316 257 :280
709 223 930 263 LITTERAE
958 226 1315 273 QUADRJMESTRES

193 333 420 361 summam
441 332 459 349 a
481 325 666 375 aliquam
698 340 872 366 suarum
897 342 1025 379 opum
1048 330 1267 369 insumere
1288 333 1472 382 possint,
1498 340 1541 373 et
1571 335 1612 374 in
1648 337 1712 374 his
1735 337 1823 387 qui-

195 391 292 431 dam
317 394 506 434 omnium
529 397 900 448 locupletissimus
921 400 1095 451 rogauit
1118 403 1291 441 Patrem
1326 409 1372 441 vt
1394 403 1447 443 ad
1478 419 1525 444 se
1548 412 1752 457 tanquam
1782 409 1823 446 in

194 465 424 513 aerarium,
459 479 556 505 curn
580 480 688 518 opus
713 474 846 517 esset,
874 470 1061 518 veniret3
1086 473 1156 522 qui
1178 473 1369 523 quidem,
1395 488 1491 515 cum
1523 490 1593 516 res
1614 479 1821 528 postulat,

194 534 325 573 fidem
359 543 568 586 praestat.
607 539 840 578 Accedunt
870 554 957 579 non
987 555 1154 592 paucae
1185 544 1298 582 aeris
1333 546 1463 584 alieni
1503 549 1822 597 restitutiones,

193 618 304 655 quae
327 608 472 646 solent
495 620 593 646 esse
615 611 881 661 pauperibus
902 625 988 650 non
1010 626 1160 663 parum
1183 615 1328 663 Vtiles,
1354 630 1449 655 cum
1472 618 1696 669 ignoratur
1728 633 1822 670 per-

194 689 301 716 sona
323 680 390 716 cui
413 691 488 717 aes
522 680 626 719 illud
649 681 910 720 debebatur.
937 683 1068 732 Quod
1102 697 1207 724 vero
1231 688 1290 724 ad
1319 688 1626 729 restitutiones
1648 691 1822 738 attinet,

193 748 312 787 nulli
333 750 494 790 Patres
510 755 730 802 parcunt.
756 755 918 793 Verum
941 754 996 792 de
1018 756 1083 793 his
1103 757 1223 795 satis.

250 831 309 858 12.
372 822 521 860 Dicam
545 822 598 860 de
631 824 919 875 quorumdam
951 826 1173 866 hominum
1210 831 1518 870 conuersione.
1552 832 1695 883 Aliqui
1729 834 1748 857 b
1783 834 1823 871 in

191 891 338 941 primis
359 892 432 943 qui
454 906 602 944 parum
627 899 747 933 caste
766 896 990 945 viuebant,
1016 911 1114 937 sese
1138 899 1178 937 in
1202 901 1428 939 meliorem
1451 902 1621 953 frugem
1644 916 1823 955 recepe-

191 968 304 1010 runt,
329 963 441 1002 inter
462 978 573 1016 quos
595 965 769 1016 quidam
792 966 994 1019 religioni
1025 970 1225 1009 addictus
1258 977 1340 1019 est,
1372 973 1533 1011 deinde
1564 974 1633 1012 alii
1662 978 1823 1014 seruati

190 1037 303 1081 sunt,
335 1048 390 1073 ne
418 1042 674 1086 peccarent3
705 1043 938 1089 praeterea
967 1042 1161 1079 nonnulli
1191 1042 1361 1081 nobiles
1392 1045 1479 1094 qui,
1503 1050 1550 1083 vt
1577 1046 1669 1083 fieri
1693 1047 1820 1093 solet,

190 1105 421 1155 plurimum
443 1107 615 1156 honori,
637 1107 838 1160 dignitati
859 1123 909 1150 ac
932 1113 1128 1162 corporis
1151 1113 1284 1152 cultui
1305 1115 1570 1164 tribuebant,
1593 1118 1658 1155 his
1691 1119 1823 1156 omni-

190 1177 270 1214 bus
308 1178 547 1229 neglectiS,
592 1180 823 1220 exerciciis
863 1183 1156 1233 spiritualibus
1197 1185 1494 1238 virtutumque
1535 1189 1679 1227 studio
1721 1189 1823 1228 dant

192 1260 387 1298 operam,
412 1254 543 1301 atque
579 1251 665 1290 hoc
695 1256 898 1304 tempore
931 1255 1205 1304 potissimum
1240 1256 1413 1307 quidam
1450 1271 1504 1296 ex
1538 1261 1823 1299 nobilioribus

191 1319 317 1358 huius
339 1322 479 1372 regni,
504 1321 592 1360 dux
614 1323 782 1362 insulae
813 1325 1029 1364 maximae
1052 1327 1363 1378 Hesperidum,
1396 1342 1507 1380 quae
1539 1332 1671 1382 vulgo
1694 1332 1737 1370 S.
1756 1333 1822 1382 Ja-

190 1391 291 1429 cobi
312 1390 383 1430 del
406 1392 526 1431 Cabo
550 1392 696 1432 Verde
719 1407 744 1432 a
764 1394 960 1434 lusitanis
983 1395 1154 1444 dicitur,
1181 1410 1334 1437 omnes
1355 1400 1397 1438 in
1419 1414 1618 1452 magnam
1640 1402 1821 1441 admira-

190 1461 355 1500 tionem
377 1463 581 1503 traducit.
606 1465 776 1504 Relicto
797 1466 911 1504 enim
934 1468 1160 1516 comitatu,
1185 1482 1318 1520 saepe
1341 1472 1459 1509 solus
1494 1472 1548 1510 ad
1580 1486 1661 1511 nos
1683 1475 1819 1521 venit,

190 1533 280 1584 agit
301 1533 571 1573 familiariter
603 1548 700 1574 cum
730 1537 952 1585 fratribus,
989 1538 1267 1591 maximeque
1304 1543 1623 1582 consuetudine
1656 1550 1700 1583 et
1735 1546 1820 1584 col-

187 1604 336 1655 loquio
356 1605 556 1654 janitoris
584 1610 628 1645 et
659 1607 825 1646 aeditui
847 1608 1108 1657 delectatur,
1135 1618 1316 1662 exoptat
1338 1613 1524 1652 maxime
1547 1622 1698 1654 noster
1722 1629 1820 1655 esse

190 1687 371 1727 coquus,
405 1689 456 1715 ao
487 1676 638 1716 dicere
669 1691 803 1730 saepe
834 1680 949 1718 solet
978 1680 1059 1719 nisi
1094 1695 1280 1721 vxorem
1303 1683 1517 1732 duxisset,
1543 1699 1590 1723 se
1623 1692 1819 1726 nostrum

187 1747 283 1785 fore
305 1747 502 1796 fratrem3
520 1751 665 1799 porro
697 1750 849 1790 induit
874 1751 1074 1802 pallium
1114 1753 1284 1792 nostris
1312 1754 1474 1803 simile,
1500 1757 1680 1796 aedituo
1715 1772 1819 1798 vero

186 1817 298 1857 solet
332 1820 561 1859 ostendere
584 1822 877 1870 quantumin
912 1821 1005 1862 dies
1040 1827 1307 1872 macrescat,
1345 1828 1446 1864 erat
1481 1827 1599 1866 enim
1629 1828 1820 1881 pinguis

189 1892 409 1939 quantum
430 1894 502 1930 sat
523 1895 646 1933 esset.
673 1895 801 1933 Plura
823 1902 922 1934 sunt
944 1908 1057 1948 quae
1079 1896 1134 1935 de
1156 1897 1242 1936 hoc
1272 1897 1366 1936 viro
1389 1900 1554 1938 narrari
1583 1907 1765 1951 possent
1787 1909 1817 1948 0,

188 1960 267 1998 sed
287 1974 343 2000 ne
364 1962 543 2002 nimium
581 1972 752 2004 crescat
775 1966 974 2017 epistola,
999 1973 1176 2006 transeo
1200 1967 1253 2006 ad
1286 1982 1337 2007 ea
1358 1983 1469 2020 quae
1492 1971 1547 2009 de
1578 1973 1728 2023 templi
1753 1986 1817 2011 or-

187 2037 290 2070 natu
312 2032 501 2072 dicenda
522 2042 635 2074 sunt.

246 2114 305 2151 13.
366 2105 477 2144 Cum
508 2113 705 2158 sumptus
740 2109 812 2159 qui
842 2109 883 2148 in
919 2115 1069 2149 vestes
1092 2125 1237 2151 sacras
1260 2117 1304 2151 et
1334 2114 1417 2152 alia
1440 2120 1696 2153 ornamenta
1725 2115 1819 2153 fieri

188 2175 346 2223 solent,
372 2177 444 2215 vix
480 2178 566 2217 hoc
589 2179 825 2231 collegium
849 2182 1101 2230 sustineret,
1127 2183 1366 2222 commouit
1389 2185 1629 2236 aliquorum
1652 2185 1818 2225 animos

188 2247 321 2294 Deus,
346 2247 419 2298 qui
448 2250 638 2299 egestati
668 2256 847 2290 nostrae
879 2254 1181 2293 subuenirent.
1215 2255 1355 2294 Datae
1386 2255 1517 2306 igitur
1547 2262 1646 2294 sunt
1676 2270 1817 2296 sacer-

187 2316 359 2355 dotales
395 2324 546 2358 vestes
570 2326 614 2358 et
636 2321 720 2360 alia
750 2335 863 2373 quae
899 2323 953 2362 ad
985 2323 1132 2363 altaris
1164 2327 1328 2364 cultum
1364 2331 1579 2376 spectant,
1611 2327 1671 2366 ita
1701 2334 1746 2366 ut
1766 2328 1816 2367 iis

187 2389 318 2427 rebus
340 2389 394 2427 sit
416 2389 436 2415 d
456 2404 572 2430 nunc
588 2393 844 2433 instructius
867 2400 911 2433 et
932 2397 1180 2447 apparatius
1210 2402 1407 2436 nostrum
1430 2399 1654 2449 ternplum.
1678 2400 1816 2439 Acce-

186 2457 249 2496 dit
283 2471 391 2499 vero
415 2463 552 2500 maior
576 2469 756 2503 ornatus
778 2465 819 2503 in
849 2466 974 2504 festis
997 2468 1328 2515 celebrioribus,
1353 2469 1556 2520 appensis
1578 2470 1741 2509 aulaeis
1773 2476 1816 2509 et

186 2530 518 2580 peristromatis.
544 2535 795 2586 Suscepere
812 2549 921 2576 vero
944 2538 1179 2589 negocium
1202 2539 1443 2578 adornandi
1464 2540 1619 2580 aedem
1641 2543 1720 2580 viri
1743 2542 1816 2581 de·

186 2601 280 2639 uoti
299 2602 479 2653 aliquot,
504 2605 577 2654 qui
598 2608 839 2656 praeterita
860 2609 1194 2660 quadragesima
1226 2611 1452 2661 eleganter
1484 2619 1813 2652 monumentum

184 2671 451 2711 adornarunt
473 2687 596 2724 auro,
620 2683 823 2727 argento,
846 2679 1288 2732 peripetasmatisque
1320 2682 1564 2732 bobyeinis,
1589 2689 1720 2735 atque
1742 2698 1813 2724 au-

185 2756 233 2781 ro
256 2744 450 2792 intextis,
490 2748 635 2786 multis
660 2750 790 2788 etiarn
814 2751 1087 2790 candelabris
1110 2754 1332 2804 argenteis
1350 2758 1481 2804 atque
1505 2755 1660 2794 cereis.
1685 2756 1814 2794 Intel-

232 2904 250 2923 a
300 2909 469 2951 partem.
524 2908 588 2933 —b
612 2907 797 2946 Ememt.
819 2921 869 2947 ex
883 2910 1058 2957 quidam.
1081 2911 1195 2949 Add.
1216 2917 1353 2958 supra
1373 2924 1480 2950 vers.
1502 2917 1542 2950 et
1567 2914 1689 2952 delet.
1718 2928 1812 2953 non-

184 2963 300 3000 nulli.
354 2973 417 2991 —0
450 2965 630 3004 Videtur
648 2969 819 3006 emend.
841 2981 892 3008 ex
909 2971 1027 3017 plura
1046 2975 1138 3008 sunt
1157 2971 1206 3009 de
1225 2972 1298 3009 hoc
1317 2971 1403 3009 viro
1422 2973 1638 3011 narranda.

185 3023 253 3048 —d
274 3022 448 3062 Emend
463 3035 513 3062 ex
527 3025 652 3064 simus
673 3028 745 3073 [Ἡ.
