1908 3446
271 229 341 267 290
749 227 972 265 LITTERAE
998 227 1355 273 QUADRIMESTRES

225 333 426 370 sinuauit.
453 332 551 381 Que
573 343 645 378 res>
665 330 840 368 Christo
863 328 1093 367 maximam
1124 328 1307 379 gloriam
1328 328 1519 379 paritura
1547 327 1737 375 videtur,
1769 339 1851 366 nec

225 403 457 441 immodice
488 408 663 440 nostros
685 402 851 439 animos
875 399 1133 438 exhilarauit
1157 400 1211 437 ob
1234 411 1424 437 messem
1445 398 1532 436 illic
1562 397 1850 449 colligendam

224 474 469 512 maximam.
507 474 601 511 Nec
623 473 708 510 hoc
730 472 903 510 silentio
926 470 1229 522 premendum,
1262 470 1297 508 si
1318 471 1549 521 quicquam
1571 468 1687 507 aliud
1708 468 1850 508 dicen-

225 546 341 593 dum,
378 545 569 591 videtur,
605 556 764 594 nempe
786 543 903 593 quod
935 542 1041 581 ciuis
1072 541 1246 592 quidam
1281 540 1520 580 leodiensis
1556 541 1564 559 ¹
1601 541 1852 579 honestissi-

224 631 317 655 mus
352 617 485 655 habet
516 616 626 653 duos
656 616 698 653 in
735 616 959 653 Societate
990 615 1118 659 filios,
1151 614 1336 652 alterum
1371 613 1547 652 nomine
1582 612 1852 651 Ludouicum

225 688 529 728 Gerardinum,
555 688 739 724 alterum
755 686 931 724 nomine
953 685 1215 732 Gerardum3
1240 685 1416 723 tertium
1438 684 1510 735 qui
1532 685 1663 722 etiam
1685 684 1739 722 ad
1755 697 1852 723 nos-

223 766 333 797 tram
364 760 634 797 Societatem
657 758 847 809 aspirare
883 756 1073 795 videtur.
1100 757 1182 795 Hic
1204 762 1323 795 totus
1352 757 1395 794 in
1424 756 1528 795 fidei
1560 757 1776 795 catholice
1803 768 1854 795 ac

223 837 399 869 nostrae
436 829 661 880 religionis
701 841 895 867 amorem
935 828 1233 876 inardescens,
1270 826 1447 867 domum
1487 841 1608 866 suam
1647 827 1851 878 amplissi-

224 916 333 941 mam
358 916 454 940 cum
476 907 571 939 tota
593 915 669 939 sua
691 900 952 951 supellectili
973 913 1024 939 ac
1045 901 1219 938 hortum
1250 899 1621 951 augustissimum,
1646 899 1754 937 citra
1784 911 1852 937 cu-

224 975 378 1025 iusque
401 973 597 1011 iniuriam
620 985 671 1011 ac
693 972 1122 1023 tergiuersationem,
1147 972 1362 1010 Societati
1387 976 1567 1009 nostrae
1598 970 1733 1009 dedit.
1758 971 1853 1009 Hec

224 1046 378 1084 domus
408 1046 443 1084 si
474 1045 786 1091 leodiensibus,
811 1044 883 1095 qui
915 1056 1010 1081 eam
1041 1044 1215 1094 saepius
1246 1043 1452 1082 viderunt
1480 1042 1746 1082 credendum
1770 1047 1849 1090 est,

222 1118 517 1156 instituendae
539 1116 640 1167 pubi
665 1122 731 1154 est
748 1115 1171 1162 accommodissima,
1197 1128 1294 1154 curn
1313 1115 1368 1154 ob
1391 1115 1689 1154 cubiculorum
1705 1126 1852 1152 nume-

222 1189 450 1226 rositatem
473 1201 524 1226 ac
545 1189 674 1226 situm
692 1187 778 1225 loci
798 1187 1182 1237 spectatissimum,
1206 1191 1297 1224 tum
1321 1187 1376 1225 ob
1408 1186 1596 1224 ciuitatis
1617 1184 1852 1224 leodiensis

226 1260 544 1298 celebritatem.
584 1258 767 1297 Videtur
801 1258 928 1296 nobis
949 1259 1000 1296 D.
1026 1258 1145 1295 Deus
1166 1257 1237 1295 hic
1265 1258 1436 1295 hamum
1468 1256 1852 1295 innumerabilibus

225 1331 416 1382 piscibus
439 1330 661 1380 capiendis
683 1329 962 1380 suppeditare
985 1329 1269 1379 aptissimum:
1290 1341 1341 1367 ac
1361 1342 1449 1367 non
1470 1341 1598 1367 vnam
1620 1329 1732 1366 hanc
1753 1327 1851 1367 ciui-

222 1408 373 1449 tatem,
398 1415 509 1453 quae
532 1401 795 1451 amplissima
817 1404 897 1448 est,
923 1400 1005 1439 sed
1027 1401 1184 1438 multas
1205 1401 1413 1452 regiones
1443 1399 1708 1439 reformandi
1731 1412 1852 1439 occa-

224 1476 392 1513 sionem
414 1473 534 1512 dare.
560 1474 760 1511 Pluribus
792 1478 913 1511 certe
949 1473 989 1510 in
1021 1473 1215 1510 inferiori
1245 1473 1482 1511 Germania
1510 1473 1619 1511 locis
1649 1485 1757 1523 opus
1788 1477 1852 1511 est

225 1546 516 1584 messsoribus
540 1545 748 1596 egregijs,
773 1543 874 1582 dum
896 1544 954 1582 ita
984 1544 1158 1591 misere,
1182 1543 1354 1594 perdite
1384 1556 1435 1582 ac
1456 1543 1588 1582 foede
1618 1544 1850 1582 labefacte-

220 1623 289 1656 tur
313 1624 357 1656 et
377 1618 582 1668 paulatim
605 1617 774 1654 diffluet
797 1616 1030 1655 christiana
1058 1615 1214 1667 pietas,
1247 1616 1328 1655 nisi
1349 1617 1433 1654 sint
1454 1616 1526 1666 qui
1553 1616 1714 1654 labanti
1742 1628 1849 1654 sum-

224 1702 335 1728 mam
356 1690 498 1728 ferant
531 1701 659 1739 opem
681 1701 732 1727 ac
763 1701 912 1726 veram
944 1688 1205 1726 christianae
1237 1688 1327 1726 vite
1360 1687 1630 1738 disciplinam
1660 1687 1850 1725 moribus

223 1763 418 1812 synceris
451 1761 776 1801 commendent.
813 1761 879 1798 De
911 1760 1087 1810 reliquis
1110 1761 1157 1798 P.
1194 1758 1449 1798 Leonardus
1482 1759 1627 1797 omnia
1657 1758 1850 1797 exactius

220 1834 478 1885 perscribet.
507 1833 682 1880 [Preces
697 1832 916 1883 postulat,
941 1834 1036 1881 eta]
1069 1831 1324 1870 Scribebam
1348 1832 1559 1871 Coloniae
1587 1830 1850 1882 Agrippinae

220 1917 267 1955 27
290 1906 384 1955 Iulij
409 1917 521 1943 anno
548 1914 610 1954 59.

300 1978 363 2015 Ex
384 1976 589 2015 mandato
614 1978 660 2014 P.
686 1976 918 2015 Leonardi.

554 2068 601 2105 R.
628 2068 674 2105 P.
699 2067 766 2114 T.‚
800 2068 1016 2105 HENRICUS
1049 2068 1293 2113 D10NYsms,
1331 2077 1488 2103 seruus
1522 2063 1685 2102 inutilis
1715 2063 1743 2101 ².

298 2192 406 2231 Alia
428 2206 584 2231 manu.
614 2201 727 2242 1559.
754 2191 953 2232 Colonia.
986 2192 1146 2230 Letera
1167 2189 1493 2229 d'edificatione
1524 2199 1573 2238 27
1605 2188 1648 2227 di
1676 2187 1846 2239 Luglio;
1906 2209 1908 2211 ·

301 2264 465 2316 §igini
483 2263 744 2316 vestigium.

269 2439 276 2458 ¹
329 2437 540 2475 Gerardus
559 2436 826 2475 Gerardinus.
849 2436 952 2472 Vide
970 2448 1105 2483 supra,
1124 2448 1161 2481 p.
1181 2434 1262 2481 246,
1280 2440 1320 2472 et
1334 2433 1382 2471 cf.
1401 2433 1556 2471 Laz'm'i
1569 2433 1778 2476 Monum.‚
1798 2429 1846 2470 ΙΙ.

219 2496 375 2542 462-63;
397 2496 471 2539 IV,
493 2496 574 2534 359.

266 2557 278 2576 ²
329 2556 393 2594 Cf.
413 2557 507 2594 Lz‘tt.
527 2556 777 2604 Quadrim.,
800 2555 854 2600 V,
873 2555 976 2593 813¹.
1000 2555 1138 2601 Epist.
1159 2554 1211 2592 P.
1233 2554 1398 2599 Nadal,
1419 2553 1469 2596 ΙΙ,
1493 2553 1577 2590 555.
