1908 3446
181 240 227 278 86
649 241 872 278 LITTERAE
899 240 1255 287 QUADmMEsTREs

136 343 305 382 consilii
342 343 478 382 omnis
514 344 638 395 inops
665 343 794 395 foret
825 351 858 391 ἃ,
884 344 1186 382 confessorem
1217 342 1320 389 adit,
1345 356 1532 394 suasque
1556 344 1596 382 ei
1621 344 1769 395 pandit

136 413 350 462 miserias,
375 415 525 453 dicens
555 414 637 452 iam
669 416 801 453 tertio
824 416 936 453 inter
960 428 1005 452 se
1031 419 1073 452 et
1096 414 1295 452 maritum
1327 415 1597 453 celebratum
1628 414 1769 455 diuor-

135 484 242 524 tium
263 486 300 533 ¹³3
324 499 509 537 cumque
532 486 705 537 saepius
741 486 810 524 ille
843 487 1025 524 meliora
1054 486 1293 536 promittat,
1316 485 1420 523 nihil
1450 486 1590 524 minus
1625 492 1770 525 tamen

135 562 373 609 praestare,
406 558 689 595 substantiam
714 570 885 595 omnem
909 556 1145 608 dilapidare
1170 562 1213 594 et
1234 557 1436 595 infamiae
1458 557 1538 595 sibi
1565 570 1651 596 non
1678 571 1770 609 par-

135 643 234 667 uam
256 635 403 668 notam
441 629 630 674 inurere,
651 628 869 666 iudicasse
892 629 1022 666 etiam
1045 628 1345 679 magistratum
1369 635 1385 653 0
1415 628 1548 666 satius
1583 629 1769 668 fortasse

136 701 245 747 fore,
271 706 317 738 vt
341 713 393 739 eo
412 700 621 751 deinceps
644 714 730 738 non
753 699 958 742 admisso,
982 700 1024 738 in
1055 713 1162 751 pace
1195 714 1345 739 secum
1376 699 1469 751 ipsa
1500 701 1633 738 viuat.
1659 702 1771 740 Con-

133 772 291 818 fessor,
316 784 362 809 re
384 770 624 819 intellecta,
649 772 850 809 maritum
872 771 1123 822 alloquendi
1147 772 1425 810 occasionem
1462 771 1554 809 dari
1585 771 1663 810 sibi
1700 785 1771 811 cu-

136 843 243 893 piuit
266 849 310 881 et
331 842 512 889 inuenit,
535 848 794 894 tantumque
816 843 930 893 apud
953 856 1051 881 eum
1074 856 1151 881 sua
1172 842 1470 882 admonitione
1493 843 1643 887 valuit,
1670 850 1715 882 vt
1736 844 1771 882 is

136 914 344 952 continuo
371 914 485 952 vitae
508 918 739 952 anteactae
761 913 1107 952 inordinationes
1128 927 1216 952 non
1233 920 1498 965 agnosceret
1519 914 1668 961 modo,
1693 915 1771 953 sed

139 990 183 1023 et
206 998 260 1023 ex
283 985 424 1023 animo
449 984 761 1030 detestaretur,
788 985 1153 1036 sanctitatemque
1176 997 1304 1035 quam
1333 985 1593 1024 christianos
1625 986 1771 1024 coniu-

137 1069 217 1108 ges
249 1056 394 1103 decet,
433 1057 572 1095 libens
606 1056 900 1107 promitteret.
936 1056 1174 1095 Redierunt
1208 1069 1314 1108 ergo
1350 1058 1392 1095 in
1427 1058 1611 1109 gratiam
1645 1058 1771 1096 huius

135 1128 275 1166 Patris
298 1140 447 1178 opera,
474 1133 518 1166 et
540 1126 732 1179 coniugii
766 1126 1029 1165 inuiolabilis
1059 1127 1169 1166 fides
1200 1127 1312 1166 inter
1345 1141 1422 1167 eos
1453 1133 1666 1168 renouata
1687 1132 1768 1168 est.

136 1201 299 1237 Verum
321 1204 368 1237 vt
390 1198 570 1237 solidior
592 1211 675 1249 pax
697 1199 780 1236 ista
801 1199 931 1245 foret,
958 1203 1002 1236 et
1023 1198 1065 1236 in
1086 1202 1225 1249 petra,
1250 1200 1323 1251 qui
1343 1200 1543 1238 Christus
1565 1204 1646 1248 est,
1679 1201 1772 1239 fun-

139 1269 254 1316 data,
280 1270 447 1307 curauit
467 1269 538 1319 pia
558 1269 712 1307 mulier
748 1269 1002 1320 generalem
1024 1282 1048 1307 a
1069 1269 1223 1308 marito
1252 1270 1349 1308 fieri
1379 1271 1705 1310 confessionem
1729 1276 1772 1310 et

139 1345 414 1379 sacramento
451 1340 598 1378 altaris
628 1340 669 1378 in
706 1345 857 1378 sancto
889 1340 1116 1391 proposito
1150 1354 1248 1379 eum
1271 1341 1291 1366 d
1313 1342 1575 1391 confirmari3
1612 1341 1684 1393 qui
1718 1342 1771 1381 ad

138 1413 250 1451 haec
270 1424 357 1450 non
380 1412 519 1450 solum
540 1417 788 1463 promptum
807 1425 853 1450 se
875 1412 1092 1462 praebuit,
1117 1413 1195 1451 sed
1215 1418 1259 1450 et
1279 1418 1554 1452 sacramenta
1569 1414 1772 1466 frequen-

136 1487 232 1522 tare
253 1482 412 1534 pergit,
437 1483 598 1521 nostris
620 1481 816 1535 quotidie
838 1483 1023 1521 interest
1059 1483 1208 1531 sacris,
1243 1489 1286 1523 et
1316 1490 1437 1523 tanta
1456 1485 1498 1524 in
1528 1498 1580 1525 eo
1603 1487 1773 1526 relucet

134 1554 353 1594 modestia
374 1567 632 1606 morumque
653 1554 900 1606 integritaS,
926 1559 972 1592 vt
993 1555 1280 1594 mutationem
1308 1556 1420 1595 hanc
1442 1569 1540 1595 esse
1559 1557 1771 1597 dexterae

138 1626 305 1665 excelsi
321 1638 451 1664 nemo
473 1639 563 1664 non
583 1625 800 1678 intelligat
825 1626 847 1663 ¹.

191 1707 227 1747 5.
287 1697 409 1736 Alius
431 1697 605 1749 quidam
624 1697 724 1736 dum
746 1701 846 1748 post
867 1702 1153 1748 peccatorum
1171 1699 1548 1738 enumerationem
1570 1699 1772 1739 sacerdo-

131 1770 164 1808 ti
184 1769 360 1816 factam,
385 1769 440 1807 de
462 1768 645 1807 internis
681 1774 911 1820 rogaretur
940 1767 1056 1808 circa
1089 1768 1206 1809 vitae
1242 1770 1528 1809 mutationem
1563 1771 1772 1811 instincti-

134 1842 230 1888 bus,
255 1840 483 1891 respondit
516 1841 552 1879 is
582 1841 666 1879 iarn
698 1841 793 1892 plus
825 1840 965 1879 minus
994 1840 1381 1893 quadragenarius,
1415 1855 1462 1880 se
1491 1855 1575 1881 nec
1608 1844 1772 1884 sentire

133 1925 217 1951 nec
256 1912 507 1964 intelligere
547 1912 782 1951 interiores
826 1913 907 1951 hos
952 1911 1122 1952 animae
1162 1918 1321 1952 motus.
1364 1914 1487 1953 Tunc
1526 1915 1769 1954 confessor:

132 1997 294 2030 nonne,
327 1984 480 2035 inquit,
517 1988 781 2034 oportunum
811 1983 1003 2031 videtur,
1035 1988 1082 2022 vt
1111 1989 1213 2036 post
1248 1984 1422 2035 siliquas
1457 1973 1691 2036 porcorum
1720 1998 1773 2037 40

131 2056 252 2095 annis
273 2055 433 2094 misere
457 2055 709 2103 deuoratas,
733 2056 920 2094 filiorum
942 2056 1015 2094 vel
1040 2056 1125 2094 iam
1147 2056 1324 2095 tandem
1351 2069 1507 2107 panem
1529 2056 1767 2110 degustare

129 2128 331 2180 incipias?
355 2127 524 2176 Quibus
554 2127 627 2166 ille
650 2127 824 2174 auditis,
849 2132 1016 2165 tantum
1051 2127 1234 2167 interius
1256 2133 1504 2167 commotus
1526 2135 1608 2177 est,
1632 2135 1679 2168 vt
1701 2143 1768 2168 re-

131 2201 301 2239 solutus
331 2200 375 2238 in
404 2200 668 2250 lachrymas,
691 2200 843 2238 fletum
873 2203 1122 2251 temperare
1144 2213 1233 2238 non
1260 2206 1431 2251 posset,
1456 2206 1501 2239 et
1535 2215 1637 2240 mox
1660 2215 1771 2253 quae

131 2272 279 2313 mundi
300 2277 400 2311 sunt
432 2272 577 2312 omnia
597 2285 688 2311 sese
708 2272 958 2321 relinquere
981 2276 1026 2309 et
1053 2271 1324 2323 perfectiora
1344 2274 1462 2311 velle
1484 2274 1660 2320 sectari,
1693 2288 1770 2313 vo-

129 2345 274 2397 tisque
298 2345 430 2384 etiam
452 2352 470 2371 θ
492 2344 738 2396 astringere
759 2343 1005 2383 deliberato
1029 2344 1172 2383 animo
1195 2343 1409 2383 decreuit.

183 2417 221 2456 6.
283 2417 379 2456 Fuit
402 2421 446 2455 et
469 2416 577 2454 alius
598 2416 671 2466 qui
691 2415 839 2454 laetali
859 2417 1013 2454 morbo
1036 2414 1109 2454 diu
1129 2416 1347 2464 laborans,
1372 2416 1425 2455 ad
1443 2418 1769 2457 confessionem

131 2487 289 2527 adduci
318 2500 403 2526 non
433 2491 624 2538 poterat.
649 2486 846 2525 Tandem
867 2488 921 2525 ab
956 2500 1042 2526 vno
1073 2487 1201 2526 nobis
1229 2487 1429 2527 familiari
1448 2502 1699 2540 persuasus,
1722 2492 1770 2527 vt

130 2559 173 2598 in
202 2560 289 2598 hoc
318 2558 472 2598 vltimo
495 2559 613 2597 vitae
635 2571 740 2596 suae
762 2558 1011 2597 discrimine
1032 2558 1219 2610 aliquem
1244 2571 1297 2597 ex
1325 2560 1487 2599 nostris
1509 2560 1590 2599 sibi
1610 2559 1768 2600 adesse

130 2631 423 2681 permitteret,
458 2629 696 2680 acquieuit;
727 2642 810 2667 nec
840 2642 976 2675 mora,
1014 2628 1088 2668 vbi
1117 2629 1301 2680 primum
1334 2631 1464 2669 Pater
1493 2636 1679 2670 vocatus
1702 2645 1771 2670 ac-

183 2803 201 2821 2
243 2800 366 2834 esset.
420 2796 485 2820 ——b
525 2795 745 2833 diuortium
781 2799 921 2843 supra
947 2805 1057 2832 vers.
1111 2802 1178 2821 ——0
1218 2794 1309 2843 Seq.
1331 2801 1375 2833 ut
1392 2796 1517 2834 delet.
1574 2798 1639 2823 —d
1677 2794 1769 2835 eu'm

143 2859 283 2901 supra
297 2864 404 2893 vers.
459 2863 524 2882 -ο
548 2867 640 2893 sese
655 2859 794 2900 supra
814 2864 923 2891 vers.
941 2853 1135 2892 Polanci
1149 2863 1304 2892 manu.

179 3035 189 3055 ¹
243 3033 307 3073 Cf.
326 3034 394 3073 Ps.
417 3033 618 3080 LXXVI,
641 3034 695 3072 11.
