1908 3446
176 272 243 310 954
648 277 866 312 LlTTERAE
895 277 1251 321 QUADRIMESTRES

131 375 366 415 tenderunt
396 379 558 429 aliquot
581 380 713 420 ciues,
738 386 780 417 et
810 392 833 417 e
854 380 1045 418 finitimis
1075 381 1197 432 pagis
1213 384 1422 430 nonnulli,
1446 389 1493 422 vt
1514 385 1627 422 filios
1645 398 1746 423 suos

131 445 246 484 domi
276 449 492 487 aleremus
524 450 887 500 doceremusque.
921 452 1020 489 Non
1050 451 1202 490 alimus
1223 453 1413 502 quidem,
1437 454 1638 504 quoniam
1673 469 1745 494 ne-

129 529 213 567 que
234 518 352 565 licet,
377 532 519 569 neque
544 521 577 558 si
598 522 766 568 liceret,
789 521 1068 559 commodum
1091 527 1172 569 est3
1194 524 1272 561 sed
1289 524 1500 563 docemus
1523 531 1566 563 et
1587 526 1684 564 illos
1702 533 1746 565 et

128 587 235 625 alios
257 587 421 640 aliquot
451 590 541 641 spei
559 592 804 629 nonnullius
822 605 997 641 pueros
1024 593 1145 631 Haec
1167 600 1266 632 sunt
1295 595 1358 634 rei
1374 596 1592 635 literariae
1610 598 1746 648 prima

127 659 337 708 quaedam
359 661 594 710 praeludia,
619 663 717 712 quia
736 668 779 699 et
801 663 988 713 tempori
1010 669 1054 701 et
1076 664 1264 715 ingenijs
1284 666 1411 704 huius
1433 667 1622 706 ciuitatis
1645 681 1744 706 con-

127 730 285 767 sultum
300 731 423 769 initio
441 733 647 781 oportuit.
668 733 713 771 Si
734 733 898 772 maiora
913 733 1144 783 accedent,
1163 749 1250 774 non
1269 737 1524 776 omittentur
1539 738 1745 790 imposte-

127 812 233 846 rum,
259 802 432 841 Christo
449 804 552 853 Jesu
574 803 766 842 fauente,

178 881 215 918 3.
278 873 501 912 Debebam
533 879 694 921 autem,
729 888 840 926 quae
871 882 1126 926 sequuntur,
1162 879 1460 929 superioribus
1487 887 1741 929 annectere,

125 943 223 992 quia
239 943 292 981 ad
309 944 543 995 spiritualia
562 946 706 984 officia
721 948 959 997 pertinent,
974 948 1055 987 nisi
1072 949 1113 987 in
1131 950 1361 989 scribenda
1377 951 1559 990 historia
1576 958 1743 1005 tempo-

124 1014 180 1052 ris
197 1015 306 1053 ratio
327 1017 551 1067 sequenda
569 1023 703 1056 esset.
726 1019 961 1057 Historiam
981 1020 1094 1059 enirn
1111 1035 1179 1060 me
1199 1022 1392 1061 scribere
1411 1022 1633 1074 admonuj,
1656 1038 1743 1063 non

127 1086 368 1135 epistolam.
393 1088 543 1138 Itaque
567 1089 759 1128 calendis
796 1090 1060 1139 decembris,
1085 1093 1147 1131 uti
1169 1093 1264 1131 fieri
1286 1095 1399 1132 solet
1420 1096 1462 1133 in
1484 1096 1565 1134 hac
1594 1103 1744 1135 nostra

126 1158 265 1195 Gallia
282 1158 334 1195 ad
358 1160 644 1198 Natiuitatem
667 1174 805 1212 Vsque
826 1169 859 1210 ὃ,
885 1169 1091 1215 coeptum
1115 1168 1181 1202 est
1204 1166 1443 1205 conciones
1464 1167 1615 1206 haberi
1637 1182 1742 1219 quo-

124 1228 229 1267 tidie
246 1229 299 1268 ad
315 1231 521 1281 populum
542 1244 566 1269 a
589 1233 718 1271 Patre
740 1234 959 1274 Peletario
981 1235 1023 1273 in
1044 1236 1129 1274 hoc
1148 1236 1324 1287 oppido,
1346 1238 1483 1276 ueluti
1500 1251 1742 1278 consueue-

124 1306 185 1337 rat
208 1301 290 1339 iam
308 1301 409 1339 inde
431 1302 484 1340 ab
507 1303 629 1341 initio
652 1303 807 1343 diebus
828 1304 969 1353 festis3
1000 1307 1162 1345 factum
1196 1314 1263 1346 est
1284 1308 1401 1347 idem
1423 1314 1518 1348 toto
1540 1315 1742 1362 tempore

122 1384 269 1410 sacrae
293 1373 669 1425 quadragesimae,
703 1376 744 1414 in
779 1390 864 1427 quo
890 1382 1115 1416 ostensum
1138 1384 1205 1417 est
1232 1380 1512 1431 appamianis,
1533 1384 1742 1421 coeteris-

121 1456 206 1494 que
222 1445 347 1482 bonis
365 1446 580 1493 omnibus,
601 1446 702 1497 quid
719 1454 872 1499 posset
895 1450 1056 1488 ueritas
1081 1451 1386 1490 ecclesiaticae
1405 1452 1632 1492 doctrinae
1651 1455 1742 1506 Spi-

122 1516 227 1553 ritus
240 1517 377 1555 sancti
394 1530 660 1569 suorumque
677 1520 972 1558 ministrorum
988 1534 1137 1572 opera.
1155 1523 1354 1572 Quatuor
1371 1524 1524 1562 suntin
1536 1525 1617 1563 hac
1634 1527 1741 1564 vrbe

121 1588 400 1635 monasteria,
423 1589 750 1639 pomeridianae
779 1592 1018 1630 conciones
1047 1592 1203 1631 diebus
1233 1593 1462 1633 dominicis
1488 1595 1547 1633 ibi
1567 1596 1741 1635 habitae

122 1664 220 1696 sunt
253 1671 491 1711 permagna
517 1661 779 1711 frequentia3
812 1663 1051 1702 matutinae
1082 1664 1124 1702 in
1154 1664 1328 1715 templis
1360 1664 1603 1717 ordinarijs.
1628 1669 1739 1706 Inte-

120 1729 197 1767 rim
218 1729 395 1768 adducti
416 1736 514 1769 sunt
536 1731 590 1770 ad
612 1738 986 1772 sacramentorum
1008 1748 1133 1773 vsum
1154 1748 1206 1774 ac
1232 1736 1420 1775 fructum
1442 1738 1563 1777 ciues
1585 1739 1738 1777 utrius-

120 1814 203 1851 que
226 1815 357 1840 sexus
378 1815 465 1840 non
486 1803 629 1854 paucj,
654 1805 690 1843 si
710 1805 876 1855 patriae
908 1819 958 1844 ac
988 1806 1106 1845 vrbis
1137 1819 1305 1846 morem
1337 1809 1608 1849 consideres.
1641 1811 1740 1849 Non

121 1871 286 1922 quieuit
308 1872 479 1911 interim
501 1876 633 1913 Satan
655 1875 828 1915 diuinae
852 1877 988 1915 laudis
1009 1878 1172 1917 inuidia
1191 1885 1433 1930 permotus.
1454 1882 1740 1920 Inflammauit

121 1944 234 1982 enim
256 1945 326 1983 ille
348 1946 619 1996 quorundam
641 1953 939 1998 apostatarum
971 1950 1155 1998 animos,
1187 1955 1234 1989 vt
1265 1952 1558 1991 acerbissimis
1589 1960 1738 1992 contu-

118 2015 258 2065 melijs
278 2017 506 2056 afficerent
529 2018 580 2057 D.
605 2018 794 2070 Virginis
815 2020 1065 2071 imaginem,
1090 2035 1218 2072 quam
1241 2035 1264 2061 e
1286 2023 1385 2062 loco
1403 2024 1578 2075 publico
1598 2026 1738 2076 direp-

118 2088 265 2126 tamin
294 2088 438 2127 medio
469 2090 565 2128 foro
597 2091 798 2130 venalem
829 2100 1155 2144 proposuerunt
1184 2094 1286 2133 fune
1317 2108 1587 2146 suspensam,
1620 2098 1737 2149 quod

117 2165 321 2197 accurate
342 2159 446 2198 satis
466 2162 595 2212 paulo
617 2168 718 2201 ante
742 2162 796 2202 de
819 2164 912 2202 eius
934 2165 1105 2203 honore
1125 2165 1280 2204 fuisset
1302 2167 1587 2206 concionatus
1606 2170 1736 2207 Pater

116 2230 187 2268 ille
218 2237 383 2270 noster.
423 2232 678 2272 Remedium
715 2235 923 2274 continuo
960 2237 1136 2275 allatum
1174 2243 1241 2276 est
1275 2238 1376 2277 huic
1405 2240 1534 2287 malo,
1567 2241 1735 2280 solenni

117 2296 229 2334 enim
246 2297 266 2322 b
285 2310 457 2348 pompa,
477 2298 808 2351 incredibilique
825 2303 974 2352 populi
990 2303 1268 2342 multitudine
1285 2304 1429 2356 imago
1447 2306 1652 2345 restituta
1670 2312 1736 2345 est

116 2368 157 2405 in
179 2381 301 2406 suurn
324 2369 483 2418 locum,
507 2377 826 2424 praetereaque
848 2375 1136 2414 constitutum
1159 2383 1206 2415 ut
1226 2376 1381 2415 diebus
1403 2379 1573 2417 sabbati
1601 2380 1735 2417 totius

115 2438 474 2491 quadragesimae
506 2443 661 2481 concio
693 2443 930 2483 haberetur
960 2444 1016 2484 de
1038 2447 1090 2485 D.
1115 2447 1264 2486 Matris
1285 2448 1499 2497 laudibus,
1523 2450 1577 2488 ad
1607 2463 1733 2501 quam

115 2510 289 2549 vicatim
310 2512 495 2563 populus
517 2514 805 2554 tintinnabulo
829 2522 1166 2567 conuocaretur,
1190 2525 1322 2570 atque
1343 2521 1404 2559 ita
1421 2522 1668 2570 commotis,
1689 2529 1735 2560 ut

113 2593 187 2630 par
209 2588 316 2629 erat,
335 2583 550 2623 bonorum
567 2586 734 2634 animis,
754 2587 906 2626 iniuria
922 2588 994 2628 illa
1009 2591 1274 2641 amplissimo
1292 2592 1463 2631 honore
1481 2606 1733 2645 compensa-

115 2655 157 2689 ta
193 2657 274 2690 est.
313 2654 574 2694 Saeuierunt
604 2657 716 2695 illius
747 2660 923 2709 generis
953 2661 1154 2700 homines
1183 2675 1272 2701 non
1303 2663 1438 2702 multo
1470 2672 1571 2715 post
1601 2666 1732 2717 longe

115 2721 332 2762 crudelius
353 2724 395 2762 in
417 2734 741 2767 sacrosanctam
765 2730 1087 2780 eucharistiam,
1111 2746 1239 2784 quam
1262 2746 1317 2772 ex
1348 2736 1512 2786 templo
1544 2736 1731 2787 quodam

115 2804 211 2830 cum
233 2795 347 2832 vasis
368 2807 418 2833 ac
448 2809 570 2835 sacra
599 2811 713 2848 pene
743 2805 838 2838 tota
866 2803 1140 2852 supellectile
1177 2802 1407 2856 direptam,
1430 2811 1504 2844 aut
1531 2807 1731 2846 combus-

114 2870 277 2912 serunt,
301 2871 374 2904 aut
394 2867 437 2905 in
459 2868 625 2907 clocam
647 2870 831 2921 aliquam
853 2871 991 2922 (dictu
1012 2874 1266 2926 nefandum)
1295 2876 1595 2927 proiecerunt3
1626 2879 1731 2917 nihil

114 2935 227 2973 enim
257 2935 311 2975 de
344 2949 396 2976 ea
425 2952 612 2990 vnquam
643 2948 916 2993 compertum
948 2950 1030 2984 est.
1063 2946 1174 2985 Data
1204 2959 1379 2999 quoque
1411 2953 1479 2987 est
1510 2961 1659 3001 opera,
1683 2954 1730 2989 vt

158 3069 177 3088 ὃ
226 3070 257 3107 3
271 3081 338 3108 vv.
358 3076 499 3118 praec.
521 3075 567 3111 in
587 3085 726 3122 marg.
748 3077 902 3116 eadem
920 3088 1074 3118 manu.
1127 3083 1194 3108 ——b
1215 3081 1479 3130 enimsupra
1497 3094 1608 3123 vers.
