1908 3446
583 272 906 312 371fflNEA12021
930 275 953 312 3
979 274 1087 323 MAji
1117 274 1204 312 1560
1586 276 1654 313 627

79 375 267 425 collegio
290 388 403 414 nunc
424 375 638 426 degimus,
663 383 850 427 quatuor
874 383 916 415 et
938 377 1115 428 triginta
1136 390 1318 416 numero
1344 392 1505 426 summ,
1533 391 1586 417 ex
1609 380 1699 429 qui-

15 427 19 436 ,
79 446 158 483 bus
180 445 335 484 decem
361 452 460 484 sunt
491 447 762 495 sacerdotes,
797 450 949 501 reliquj
982 461 1090 487 vero
1121 449 1294 487 fratres.
1331 449 1496 488 Omnes
1527 450 1700 500 quidem

78 517 330 566 inflammarj
363 518 551 568 quodam
582 519 725 558 studio
757 520 1068 571 progrediendj
1101 521 1142 558 in
1173 521 1341 571 spiritu,
1366 533 1416 558 ac
1444 521 1617 572 flagrarj
1642 522 1702 559 vi-

79 587 249 634 dentur,
287 588 329 626 id
360 589 476 640 quod
499 596 589 628 tum
622 591 795 630 demum
827 605 913 630 non
944 605 1093 643 parurn
1127 593 1321 639 eminuit,
1358 604 1453 630 cum
1485 593 1571 631 hoc
1604 598 1700 630 toto

77 659 440 711 quadragesimalj
464 667 665 712 tempore
689 664 817 701 enixe
839 677 916 715 pro
939 665 1025 702 suis
1047 664 1238 714 lapsibus
1260 676 1284 701 a
1307 663 1604 715 superioribus
1626 665 1700 701 im-

78 736 250 780 petrare
273 731 611 779 contenderunt⁷
636 734 705 783 aiij
733 740 776 771 vt
798 735 982 785 flagellis
1005 747 1151 773 coram
1173 734 1378 772 fratribus
1401 747 1447 772 se
1466 735 1584 785 ipsos
1606 747 1697 772 ver·

77 801 295 849 berarent‚
319 803 391 851 alij
415 809 462 840 vt
493 805 555 841 eis
576 803 951 844 discumbentibus
973 807 1216 844 ministrare
1241 807 1320 855 sibj
1346 806 1537 853 daretur,
1563 806 1631 854 alij
1656 811 1701 843 vt

77 873 262 923 aliquam
298 873 649 925 obiurgationem
686 877 977 927 susciperent,
1012 883 1056 915 et
1091 877 1311 928 publicum
1345 876 1525 915 alicuius
1557 877 1703 914 conui-

79 944 182 982 tium
203 944 488 984 sustinerent.

128 1026 164 1054 2.
230 1016 361 1065 Quod
382 1016 436 1054 ad
458 1017 601 1055 studia
630 1019 842 1057 bonarum
874 1020 1098 1058 literarum
1131 1021 1303 1068 attinet,
1336 1021 1533 1059 nonnulli
1556 1026 1656 1058 sunt
1679 1032 1702 1057 e

76 1086 344 1124 nostratibus
366 1088 437 1137 quj
461 1088 637 1138 quidem
668 1090 709 1126 in
741 1090 1005 1129 rhetoricam
1037 1092 1307 1138 incumbunt,
1342 1092 1460 1142 atquj
1494 1092 1624 1129 etiam
1648 1103 1701 1129 eo

77 1170 180 1195 sane
201 1170 457 1208 progressu,
490 1164 537 1196 vt
558 1172 645 1197 non
676 1162 731 1198 sit
760 1162 1075 1212 poenitendus.
1116 1164 1215 1213 Quo
1247 1164 1287 1200 in
1319 1175 1485 1214 genere
1517 1162 1701 1201 eaedem

78 1229 423 1268 exercitationes
456 1231 761 1280 obseruantur,
785 1246 897 1284 quae
919 1234 961 1272 in
984 1235 1282 1285 superioribus
1312 1234 1702 1285 quadrimestribus

17 1335 20 1338 .
77 1301 264 1352 scriptae
297 1307 410 1340 sunt.
435 1303 747 1342 Verumtamen
770 1304 872 1352 duo,
900 1307 1059 1344 tertiae
1091 1312 1134 1344 et
1157 1318 1177 1355 5
1202 1307 1351 1344 classis
1368 1311 1700 1357 praeceptores,

15 1391 17 1396 v
77 1372 291 1423 immututj
316 1380 429 1411 sunt:
464 1387 549 1425 ego
582 1376 693 1413 enim
726 1377 819 1426 ipse
843 1378 959 1427 Patrj
993 1378 1179 1416 Nicolao
1213 1379 1424 1425 successi3
1455 1378 1702 1416 Anthonius

75 1449 220 1482 autem
251 1445 340 1483 Leo
363 1445 478 1483 Nola
506 1446 591 1483 huc
620 1447 862 1486 aduocatus
883 1449 926 1486 in
958 1449 1096 1487 Patris
1113 1450 1292 1499 Joannis
1313 1450 1457 1487 locum
1490 1449 1702 1487 suffectus

76 1521 144 1554 est
181 1523 206 1563 ¹3
238 1516 356 1566 quod
395 1516 431 1555 si
469 1519 597 1556 ambo
630 1519 750 1559 Pres.
785 1520 1018 1559 commoda
1047 1521 1302 1559 valetudine
1332 1534 1419 1559 non
1455 1527 1699 1568 vterentur‚

12 1623 18 1630 ἢ
74 1592 120 1624 vt
142 1588 246 1625 satis
266 1587 348 1639 ipsi
369 1588 600 1627 commode
622 1597 806 1640 possent
826 1590 868 1628 id
891 1593 1084 1630 muneris
1106 1593 1312 1643 prosequj
1337 1600 1369 1639 a,
1395 1591 1628 1631 sustinere.

126 1670 163 1707 3.
224 1660 360 1698 Porro
384 1661 452 1699 Pr.
486 1661 717 1700 Salmeron
747 1666 842 1700 tota
862 1664 945 1702 hac
974 1664 1310 1715 quadragesima
1340 1665 1519 1715 singulis
1548 1663 1702 1702 diebus

13 1730 18 1745 “
74 1732 275 1782 gnaviter
305 1738 574 1784 strenueque
610 1735 898 1774 concionatus
930 1742 1013 1784 estg
1044 1742 1165 1775 tanta
1198 1737 1399 1775 nimirum
1434 1735 1703 1775 audientium

13 1795 19 1831 ἒ
74 1802 334 1855 frequentia,
359 1810 563 1855 quantam
585 1813 783 1846 nostrum
816 1809 1040 1858 templum,
1067 1815 1111 1846 et
1142 1809 1245 1847 illud
1276 1822 1363 1847 non
1387 1809 1608 1860 exiguum,
1635 1820 1700 1846 ca-

72 1886 178 1925 pere
208 1881 398 1926 poterat3
430 1878 473 1914 in
503 1877 658 1928 quibus
688 1880 817 1930 plane
848 1880 983 1917 multo
1021 1881 1207 1918 maxima
1242 1893 1340 1930 pars
1373 1881 1629 1930 optimatum
1652 1891 1703 1917 ac

16 1935 19 1947 ²
45 1947 47 1950 “
71 1946 311 1997 principum
332 1947 458 1985 huius
480 1948 670 1987 ciuitatis
692 1950 860 1997 aderat,
885 1957 957 1988 tan
992 1950 1129 1988 virilis
1151 1964 1279 2000 quam
1308 1952 1530 1989 muliebris
1552 1965 1699 1990 sexus.

73 2017 136 2055 Ex
157 2031 243 2068 quo
266 2031 396 2057 nemo
421 2026 489 2058 est
509 2021 604 2058 fere
627 2021 697 2071 quj
731 2022 918 2060 fructum
950 2036 1037 2060 non
1060 2024 1114 2060 sit
1147 2022 1457 2072 amplissimum
1490 2035 1700 2061 consecu-

17 2091 19 2098 ‘
75 2092 155 2128 tus.
180 2090 340 2130 Testes
362 2099 459 2130 sunt
481 2093 675 2142 nonnullj
699 2092 854 2143 quibus
875 2095 959 2132 hac
988 2094 1043 2133 de
1068 2107 1197 2132 causa
1219 2101 1294 2132 aut
1323 2095 1465 2132 honor
1496 2100 1570 2132 aut
1591 2095 1703 2132 fama

15 2169 18 2175 ⁴
77 2160 279 2200 restituta
303 2169 387 2210 est3
411 2168 553 2202 testes
575 2169 673 2202 sunt
694 2178 781 2203 non
801 2166 947 2215 pauej,
971 2166 1041 2216 quj
1066 2167 1148 2204 iam
1172 2167 1341 2217 pridem
1372 2167 1484 2205 inter
1514 2179 1561 2204 se
1583 2179 1703 2205 acer-

17 2258 19 2262 ψ
74 2231 270 2272 bissimas
292 2234 536 2274 inimicitias
560 2243 869 2285 exercuerunt,
895 2244 940 2276 et
959 2251 1074 2276 nunc
1095 2238 1273 2276 tandem
1298 2239 1483 2290 primum
1500 2239 1542 2276 in
1563 2240 1703 2290 pristi-

14 2310 19 2358 ᾗ
73 2316 171 2342 nam
200 2311 488 2357 veteremque
511 2309 695 2358 gratiam
718 2308 960 2356 redierunt;
983 2310 1002 2334 b
1023 2316 1165 2348 testes
1186 2316 1286 2348 sunt
1317 2311 1523 2361 permultj
1547 2311 1703 2361 quibus

16 2390 19 2399 ·
73 2388 160 2413 non
193 2377 296 2415 nihil
332 2378 393 2427 rej
431 2379 666 2427 familiaris,
699 2380 817 2430 quod
854 2380 916 2419 eis
952 2382 1111 2419 iniuste
1143 2381 1445 2432 detinebatur,
1484 2382 1701 2421 redditum

15 2436 19 2473 }
75 2452 158 2495 est3
180 2453 320 2487 testes
342 2457 441 2488 sunt
461 2464 590 2502 quam
609 2452 797 2502 plurimj,
828 2454 987 2503 quippe
1011 2454 1081 2504 qui
1115 2456 1400 2505 grauissimas
1430 2456 1605 2494 iniurias
1627 2468 1703 2493 vo-

73 2517 257 2558 luntaria
279 2522 501 2560 obliuione
524 2524 844 2570 contriuerunt.

126 2602 165 2640 4.
225 2591 350 2631 Adeo
372 2594 571 2645 plerique
592 2596 714 2645 multj
739 2600 837 2634 sunt
854 2596 896 2634 in
916 2610 998 2634 nos
1019 2597 1187 2647 affectj,
1212 2605 1260 2636 vt
1290 2612 1501 2650 nusquam
1525 2612 1704 2650 prorsus

74 2673 200 2711 quam
222 2663 264 2701 in
284 2670 435 2704 nostro
464 2667 628 2717 templo
658 2667 864 2706 libentius
894 2668 1113 2718 immorarj
1147 2670 1394 2709 videantur.
1435 2671 1482 2709 Id
1514 2671 1632 2722 quod
1661 2671 1702 2709 in

17 2723 19 2759 ἕ
74 2732 221 2782 quinta
249 2734 358 2773 feria
378 2737 552 2775 maioris
574 2737 879 2777 hebdomadae
899 2746 915 2764 0
935 2752 1024 2777 non
1046 2741 1233 2779 obscure
1268 2742 1483 2792 quaedam
1505 2743 1698 2780 illustres

119 2875 139 2894 a
188 2876 340 2915 Praec.
361 2889 399 2915 v.
421 2878 600 2917 obscure
616 2884 860 2919 exaratum.
933 2882 998 2907 —b
1016 2882 1107 2929 Seq.
1129 2883 1211 2920 del.
1237 2883 1263 2921 6
1280 2895 1348 2921 vv.
1371 2895 1421 2922 ex
1438 2885 1701 2931 praeceden-

17 2946 19 2991 ἒ
73 2934 187 2973 tibus
205 2937 376 2975 iterata.
430 2946 494 2965 —0
515 2939 608 2986 Seq.
629 2939 712 2978 del.
735 2945 915 2978 sanctae.

123 3074 133 3094 ¹
186 3075 293 3114 Vide
311 3077 510 3124 superius,
531 3091 569 3126 p.
590 3078 671 3117 492.
