1908 3446
191 314 261 351 600
657 312 876 349 er‘rERAE
908 310 1260 356 QUADRIMESTRES

142 422 223 464 ter,
264 430 317 455 ex
354 416 590 456 menstruis
626 415 777 459 literis,
803 425 913 464 quae
950 413 991 449 in
1012 412 1077 449 his
1108 412 1351 449 summatim
1381 409 1767 460 quadrimestribus

144 489 584 539 comprehendemus.
628 487 761 523 Paulo
799 486 999 522 diuersus
1030 483 1070 520 in
1105 481 1360 521 domesticis
1391 481 1522 520 rebus
1546 487 1613 520 est
1643 480 1765 526 ordo,

143 573 268 610 quam
305 560 398 604 fuit,
439 572 534 597 cum
559 559 780 609 proximas
814 557 942 594 huius
977 554 1152 605 generis
1189 554 1336 592 literas
1354 552 1568 599 dedimus,
1591 557 1769 602 propter

143 631 305 669 abitum
329 631 430 668 hinc
450 630 590 676 unius,
617 628 734 680 quod
756 634 798 666 te
824 641 876 665 ex
899 626 1060 664 nostris
1082 625 1178 674 alijs
1199 625 1309 663 scire
1334 624 1605 663 confidimus.

197 712 233 739 2.
295 703 339 739 In
362 701 560 751 publicis,
584 700 627 737 id
650 706 731 743 est,
756 700 796 737 in
820 697 1105 735 concionibus
1128 695 1316 734 eundem
1338 708 1505 733 morem
1528 708 1767 741 seruamus,

143 778 187 810 ut
206 773 245 810 in
264 772 589 818 Hermersdort,
616 771 851 809 commisso
875 768 1000 807 nobis
1023 767 1199 818 oppido,
1226 780 1350 805 mane
1372 766 1415 804 in
1436 767 1599 817 templo
1617 772 1768 804 nostro

143 857 167 881 a
187 843 366 894 prandio
404 855 548 881 sermo
572 842 661 880 fiat.
702 841 941 879 Auditor-es
980 839 1103 877 uerbi
1141 844 1239 876 sunt
1260 837 1435 888 quidem
1471 837 1583 888 apud
1603 850 1684 875 nos
1705 837 1770 875 his

143 916 183 953 in
205 915 325 960 locis,
363 914 440 952 sed
464 914 664 952 obliuiosi
690 919 716 961 ¹,
744 919 791 951 ut
813 912 1017 950 uerbales
1039 909 1137 958 (nisi
1160 910 1298 961 magis
1321 909 1554 947 conueniat
1576 909 1771 959 uerbosi)

143 987 227 1024 dici
248 999 334 1024 non
356 986 574 1024 immerito
598 986 782 1036 possint.
824 983 968 1023 Credo
992 988 1138 1020 tamen
1159 994 1240 1020 nos
1261 981 1331 1019 hic
1363 993 1449 1018 non
1479 992 1656 1030 prorsus
1678 980 1770 1018 sine

143 1058 287 1096 fructu
309 1069 502 1104 manere,
530 1056 612 1095 etsi
634 1057 749 1094 hunc
772 1068 825 1093 ex
849 1068 918 1101 eo,
943 1067 1072 1105 quem
1103 1054 1225 1092 uelut
1246 1053 1468 1103 proprium
1496 1064 1679 1103 gregem
1700 1052 1771 1089 ha-

142 1131 311 1176 bemuS,
336 1128 510 1167 minime
534 1129 770 1179 capiamus.
792 1128 867 1165 Est
886 1126 998 1165 enim
1018 1130 1060 1163 et
1079 1125 1180 1176 ipsis
1198 1124 1462 1173 aduersarijs
1478 1128 1628 1162 nostra
1648 1136 1771 1174 prae-

147 1202 287 1240 sentia
322 1200 648 1252 quodaminodo
685 1200 853 1237 frenum
889 1198 1050 1236 iudicio
1086 1210 1199 1243 nro..
1223 1202 1270 1234 ut
1305 1196 1444 1234 minus
1473 1196 1661 1234 fortasse
1697 1208 1771 1233 no-

149 1273 292 1315 ceant3
329 1280 426 1305 nam
451 1267 534 1305 etsi
555 1267 682 1304 nobis
718 1279 804 1303 non
829 1263 1119 1309 consentiant,
1143 1276 1230 1301 non
1264 1268 1466 1313 putamus
1487 1262 1582 1300 fieri
1617 1267 1664 1299 ut
1686 1262 1773 1299 suis

146 1339 236 1377 sine
274 1339 416 1389 aliqua
436 1338 731 1376 haesitatione
768 1336 1059 1378 subscribant3
1097 1340 1141 1373 et
1175 1334 1379 1372 fratribus
1401 1334 1576 1380 nostris,
1600 1334 1684 1371 hoc
1707 1338 1774 1370 est

145 1410 386 1457 catholicis,
425 1411 642 1456 solatium,
680 1409 752 1460 qui
786 1409 1001 1446 firmiores
1041 1408 1139 1456 (nisi
1178 1407 1261 1444 sint
1300 1407 1372 1456 qui
1402 1406 1622 1457 agitentur
1659 1405 1774 1443 omni

145 1488 279 1521 uento
293 1483 519 1520 doctrinae
537 1482 567 1531 ²)
584 1481 692 1518 fiunt
708 1479 750 1517 in
767 1480 851 1518 fide
872 1479 1088 1517 catholica
1104 1479 1250 1528 (quam
1267 1477 1336 1515 hic
1353 1477 1573 1527 antiquam
1591 1476 1771 1525 dicunt),

145 1567 256 1606 quae
278 1567 365 1592 non
386 1556 427 1593 in
450 1552 727 1592 sordidorum
755 1552 979 1589 hominum
1012 1550 1192 1599 somnijs
1227 1550 1442 1596 consistit,
1475 1549 1626 1599 quales
1647 1549 1687 1586 in
1709 1549 1774 1586 his

148 1624 426 1677 deplorandis
448 1625 556 1663 locis
578 1623 738 1674 passim
762 1628 1008 1673 emergunt.
1033 1622 1142 1659 Nam
1158 1626 1465 1671 praeterquam
1488 1619 1605 1670 quod
1626 1620 1667 1658 in
1689 1620 1773 1657 Zit-

144 1698 261 1736 tauia
281 1698 345 1745 (ut
368 1697 524 1745 fertur)
545 1697 639 1734 fere
662 1695 804 1733 nullus
827 1699 894 1733 est
917 1693 1139 1739 sacerdos,
1163 1693 1245 1730 nisi
1266 1705 1290 1730 a
1312 1692 1509 1743 Philippo
1533 1692 1772 1730 Melantho-

145 1781 215 1814 ne,
235 1769 277 1807 in
299 1768 442 1807 uicino
467 1767 658 1818 quodam
681 1779 794 1817 pago
820 1766 890 1803 ubi
913 1764 1161 1815 aliquandiu
1183 1764 1397 1815 insignem
1419 1763 1650 1813 quemdam
1671 1764 1773 1802 hae-

146 1840 330 1878 reticum
352 1838 483 1877 audio
505 1838 657 1884 fuisse,
684 1838 724 1875 ei
745 1842 919 1875 mortuo
944 1849 966 1874 e
989 1835 1222 1886 pellificina
1244 1835 1483 1885 sacrilegus
1504 1835 1597 1873 sine
1621 1833 1773 1872 ordine

147 1916 190 1949 et
212 1910 410 1949 doctrina
431 1909 604 1960 quidam
626 1907 869 1947 succedere
893 1920 1023 1945 ausus
1046 1912 1128 1953 est,
1149 1906 1227 1944 sed
1250 1904 1489 1957 sacrilegos
1507 1910 1690 1943 conatus
1708 1918 1774 1943 se-

145 1982 397 2020 renissimus
432 1981 632 2032 princeps
668 1978 968 2017 Ferdinandus
989 1977 1190 2024 abscidit,
1229 1989 1283 2015 eo
1306 1984 1324 2002 ³
1345 1976 1477 2015 misso
1514 1981 1639 2015 extra
1665 1977 1775 2015 haec

146 2066 282 2104 regna
303 2054 368 2101 (ut
389 2052 586 2103 percepi)
609 2053 649 2089 in
673 2051 866 2097 exilium,
891 2050 995 2088 licet
1017 2049 1111 2100 plus
1133 2049 1398 2095 merebatur,
1422 2047 1501 2086 sed
1530 2048 1777 2098 frequentia

152 2125 377 2162 criminum
400 2123 519 2169 facit,
543 2123 694 2161 nescio
727 2134 812 2173 quo
830 2126 977 2173 pacto,
1010 2121 1203 2159 leuiores
1219 2120 1239 2145 b
1268 2132 1449 2171 poenas.
1469 2120 1606 2166 Haec,
1628 2120 1775 2158 obser-

148 2194 292 2233 uande
316 2196 462 2240 Pater,
486 2208 563 2246 pro
602 2193 880 2232 obseruando
917 2197 1094 2231 sanctae
1118 2190 1398 2229 obedientiae
1434 2190 1568 2237 iussu,
1605 2190 1774 2241 scripsi-

152 2280 246 2305 mus
280 2279 435 2317 pauca,
473 2267 522 2304 T.
548 2267 594 2304 P.
618 2270 854 2317 precantes
888 2263 1124 2309 humiliter,
1160 2267 1206 2300 ut
1226 2262 1380 2309 nostri,
1418 2262 1491 2313 qui
1519 2262 1647 2313 pauci
1669 2266 1713 2300 et
1733 2262 1774 2299 in

151 2338 364 2377 fructibus
384 2336 577 2376 ferendis
601 2336 761 2375 modici
784 2348 946 2382 sumus,
971 2346 1138 2372 memor
1161 2333 1230 2380 sit,
1267 2346 1435 2384 nosque
1471 2333 1622 2372 iubeat
1643 2334 1691 2371 R.
1725 2333 1771 2370 P.

153 2416 198 2447 et
227 2409 432 2447 fratribus
468 2410 509 2447 in
531 2409 665 2446 Chro.
691 2407 954 2446 charissimis
991 2405 1190 2444 omnibus
1213 2403 1525 2443 commendari.
1564 2405 1610 2443 In
1631 2403 1775 2454 Oybin

145 2481 283 2533 pridie
307 2480 447 2518 calen.
476 2480 573 2528 Maij
603 2480 714 2528 1560.
737 2479 944 2530 Indignus
966 2478 1014 2516 R.
1040 2479 1086 2516 P.
1116 2479 1163 2515 T.
1184 2476 1226 2516 in
1249 2477 1380 2517 Chro.
1404 2476 1531 2515 filius.

1367 2602 1599 2640 HURTADUS
1620 2602 1647 2638 ¹.

193 2759 213 2778 a
263 2772 311 2796 eo
331 2763 467 2806 supra
487 2768 597 2794 vers.
622 2757 777 2794 eadem
798 2767 951 2794 manu.
1006 2757 1071 2782 —b
1093 2756 1191 2793 Non
1210 2758 1395 2803 apparet
1413 2758 1564 2792 utrum
1584 2754 1772 2798 leuiores,

147 2830 206 2856 an
225 2818 403 2855 leniores
423 2818 638 2864 scriptum
657 2816 722 2853 sit.

195 3005 203 3024 ¹
257 3001 322 3040 Cf.
338 3001 456 3049 JAc.,
477 2999 507 3046 Ι,
527 2999 586 3037 25.

194 3064 207 3084 ²
258 3060 323 3099 Cf.
345 3059 515 3102 EPHES.,
536 3058 611 3101 IV,
635 3059 689 3096 14.

193 3124 206 3144 ⁸
259 3120 367 3159 Vide
387 3119 493 3158 Litt.
514 3118 764 3168 Quadn‘m.,
785 3117 840 3164 V,
863 3118 940 3163 170,
962 3122 1097 3157 annot.
1116 3116 1151 3156 2.
