1908 3446
177 184 245 221 718
640 185 855 224 LITTERAE
883 187 1237 233 QUAofflMEsTREs

129 281 229 331 quid
252 282 493 330 subijciam.
521 284 766 333 Discipulos
789 284 997 323 habemus
1018 298 1203 324 numero
1232 287 1324 325 fere
1349 294 1592 336 trecentos,
1616 289 1688 339 qui
1709 287 1750 326 in

129 364 206 390 sex
230 353 445 403 distributj
472 356 649 401 classes,
674 367 759 392 non
779 357 917 394 solum
940 362 1126 405 quatuor
1148 358 1321 396 nouiter
1345 359 1658 398 exaedificatas
1682 372 1752 397 oc-

130 429 288 473 cupant
319 425 506 473 scholas,
541 425 617 462 sed
642 431 683 463 et
715 426 999 465 refectorium
1032 434 1229 466 nostrum
1252 431 1462 480 tantisper
1492 431 1572 468 sibi
1604 431 1753 468 vendi-

129 499 241 542 cant,
266 495 410 546 quoad
432 496 540 534 aliae
564 497 690 544 duae,
715 510 827 548 quae
854 499 994 548 parari
1016 500 1097 536 iam
1130 506 1316 550 coeptae
1339 506 1437 538 sunt
1460 501 1654 548 scholae,
1680 502 1752 539 ab·

129 566 369 606 soluantur.
396 568 624 606 Profectus
645 567 955 619 discipulorum
979 575 1022 607 et
1050 575 1243 608 nostram
1276 577 1318 608 et
1350 573 1584 610 multorum
1617 572 1750 609 uincit

128 639 500 688 expectationem3
543 639 755 689 siquidem
795 640 916 678 initio
949 640 1111 679 inculta
1141 641 1282 680 adhuc
1312 642 1661 680 adolescentium
1699 644 1752 680 is-

126 714 269 746 torum
305 708 479 760 ingenia
512 722 662 760 parum
698 710 930 748 admodum
964 712 1300 762 pollicebantur;
1342 713 1415 750 vbi
1456 726 1562 751 uero
1604 713 1748 751 excoli

128 785 287 830 coepta
309 784 421 827 sunt,
446 780 665 819 foecunda
693 786 735 818 et
766 782 828 819 sic
851 781 954 819 satis
976 781 1345 832 deprehendimus
1377 784 1565 822 foelicia.
1598 784 1750 833 Spera—

126 852 278 889 bamus
300 852 379 889 sub
401 857 653 890 autumnum
676 853 888 904 quosdam
911 865 966 890 ex
997 854 1060 891 eis
1082 854 1260 892 Romam
1284 854 1537 902 mittendos,
1563 854 1640 891 sed
1664 867 1751 892 om-

126 924 251 962 nibus
274 923 508 976 diligenter
532 926 803 972 examinatis,
829 926 1007 964 differre
1028 927 1143 964 illam
1165 925 1487 976 profectionem
1515 927 1556 964 in
1578 932 1751 977 tempus

127 996 242 1034 aliud
260 997 399 1034 visum
418 1003 485 1035 est
503 998 630 1044 atius,
656 1002 701 1035 vt
720 1003 764 1036 et
782 998 944 1035 rectius
962 998 1134 1036 interim
1153 998 1463 1049 discipulorum
1481 999 1610 1048 animj
1629 1011 1749 1050 prae-

124 1073 345 1117 parentur,
371 1073 415 1106 et
436 1069 645 1106 maiorem
674 1069 767 1117 alijs
785 1068 1137 1107 aedificationem
1155 1069 1436 1119 postmodum
1458 1075 1747 1120 praestemus,

126 1138 307 1189 Septem
328 1145 661 1190 praeceptores,
687 1140 897 1178 classibus
916 1145 1013 1177 sunt
1035 1140 1273 1191 praepositi
1294 1140 1326 1187 ³,
1351 1141 1423 1191 qui
1441 1140 1750 1191 discipulorum

126 1210 352 1260 profectus
374 1211 672 1260 amantissimj,
705 1211 809 1249 nihil
841 1211 933 1249 fere
959 1224 1109 1249 eorum
1144 1217 1442 1262 praetereunt,
1466 1224 1583 1262 quae
1606 1212 1676 1249 uel
1698 1212 1751 1250 ad

126 1281 435 1330 eruditionem,
474 1284 544 1321 uel
580 1283 791 1334 pietatem
823 1295 901 1321 eos
937 1284 1089 1320 iuuare
1120 1288 1296 1333 queant.
1331 1284 1510 1321 Publica
1541 1284 1752 1322 exercitia

123 1353 298 1392 fuerunt
320 1355 531 1392 hactenus
552 1355 594 1392 in
616 1355 778 1393 scholis
799 1355 960 1393 nostris
982 1355 1160 1401 rariora,
1192 1355 1292 1404 quia
1314 1361 1357 1393 et
1379 1355 1398 1379 b
1421 1355 1504 1403 rarj
1530 1360 1573 1392 et
1594 1355 1635 1392 in
1656 1354 1750 1392 istis

123 1425 343 1476 priucipijs
366 1426 504 1464 minus
525 1426 673 1476 idonej
711 1427 765 1465 ad
801 1431 923 1464 actus
954 1426 1153 1477 publicos
1174 1427 1300 1464 nobis
1333 1427 1595 1478 obtigissent
1626 1426 1750 1464 disci-

122 1499 224 1547 puli.
251 1499 378 1536 Plura
401 1507 445 1536 et
476 1499 640 1537 maiora
670 1506 908 1549 sequentes
939 1499 1035 1548 annj
1070 1499 1248 1537 dabunt.
1274 1498 1484 1536 Doctrina
1515 1498 1748 1536 christiana

122 1569 243 1617 ferijs
267 1570 403 1608 sextis
426 1576 469 1608 et
488 1570 716 1608 dominicis
753 1570 908 1608 diebus
931 1571 1150 1621 discipulis
1181 1570 1438 1620 explicatur.
1474 1569 1750 1608 Confitentur

121 1641 413 1692 fraequenter‚
438 1648 481 1680 et
502 1643 677 1694 quidem
711 1643 898 1680 maximo
923 1654 1019 1680 cum
1050 1641 1210 1680 fructu.
1235 1642 1370 1680 Sacro
1394 1639 1590 1691 quotidie
1618 1642 1749 1679 inter-

122 1719 235 1751 sunt.
262 1712 358 1751 Pias
379 1714 420 1751 in
442 1715 580 1764 primo
603 1714 748 1751 statim
781 1714 959 1752 scholae
990 1713 1207 1764 ingressu,
1241 1712 1393 1751 itidem
1427 1718 1469 1750 et
1492 1713 1533 1750 in
1565 1725 1749 1763 egressu

120 1784 282 1822 habent
306 1785 547 1824 cantiones.
572 1786 617 1823 In
641 1798 806 1823 summa
821 1786 923 1823 nihil
941 1785 1035 1823 sere
1056 1797 1207 1822 eorum
1224 1784 1296 1822 hic
1312 1784 1617 1833 desyderatur,
1637 1796 1748 1834 quae

120 1856 174 1894 ad
191 1863 313 1895 recte
335 1857 605 1895 formandam
628 1858 900 1895 iuuentutem
926 1856 1176 1894 conducere
1195 1860 1372 1906 queant.
1397 1855 1510 1893 Hinc
1531 1868 1662 1905 porro
1684 1856 1746 1900 fit,

122 1934 165 1966 vt
188 1941 344 1977 magna
364 1928 561 1979 quotidie
578 1929 651 1966 fiat
669 1928 723 1966 ad
741 1928 1051 1978 discipulorum
1069 1939 1296 1965 numerum
1314 1926 1529 1973 accessio,
1550 1926 1650 1964 dum
1669 1927 1748 1964 sci-

120 2000 314 2055 licet-uel
336 2000 431 2037 solo
454 2000 634 2051 insignis
664 2000 777 2038 illius
807 1999 1068 2046 modestiae,
1093 2010 1220 2048 quam
1251 2004 1406 2036 tenera
1441 1997 1554 2048 apud
1585 2010 1665 2035 nos
1688 1998 1747 2034 iu-

120 2078 277 2110 uentus
311 2071 494 2119 imbibit,
531 2073 689 2109 intuitu
726 2084 828 2109 suos
850 2077 1027 2109 nostrae
1063 2069 1318 2120 disciplinae
1354 2069 1490 2107 uelint
1519 2069 1744 2107 subiectos

119 2144 245 2181 filios.

171 2210 209 2248 6.
270 2210 497 2260 Reliquum
530 2215 596 2248 est
613 2214 674 2256 vt,
699 2222 825 2260 quam
860 2215 903 2246 et
935 2208 1105 2246 externi
1128 2207 1182 2245 de
1213 2207 1340 2245 nobis
1376 2206 1746 2244 existimationem

117 2281 320 2329 habeant,
345 2282 551 2319 breuibus
575 2281 805 2331 explicem.
826 2281 880 2318 Et
896 2279 1072 2330 quidem
1095 2278 1212 2330 quod
1233 2277 1286 2316 ad
1307 2278 1644 2316 illustrissimum
1666 2278 1745 2315 Ba-

117 2353 263 2391 uariae
298 2358 476 2391 nostrae
510 2361 526 2378 C
560 2352 799 2403 principem
835 2351 1007 2399 attinet,
1046 2351 1180 2389 multa
1210 2349 1281 2387 hic
1311 2349 1366 2387 de
1401 2349 1744 2400 propensissimo

116 2424 208 2462 eius
229 2423 271 2462 in
292 2437 372 2462 nos
393 2425 536 2463 animo
555 2424 776 2470 afferrem,
799 2423 881 2462 nisi
898 2422 1070 2461 abunde
1093 2422 1188 2471 alijs
1204 2421 1247 2460 id
1264 2434 1288 2460 a
1304 2434 1373 2459 me
1392 2421 1530 2459 literis
1553 2420 1744 2459 satisfac-

116 2502 206 2534 tum
230 2502 349 2534 esset
381 2496 407 2543 ¹3
440 2497 523 2534 hoc
545 2509 675 2534 unum
698 2494 861 2533 dixisse
897 2494 1099 2541 sufficiat,
1125 2507 1225 2532 eum
1246 2507 1333 2531 non
1356 2492 1409 2531 de
1432 2492 1559 2530 nobis
1587 2493 1743 2540 solum,

115 2567 193 2605 sed
216 2573 261 2605 et
282 2567 335 2605 de
358 2572 452 2604 tota
473 2566 685 2617 religione
710 2566 926 2605 catholica
958 2565 1119 2616 optime
1154 2577 1326 2616 semper
1357 2562 1531 2610 mereri,
1567 2569 1610 2602 et
1639 2563 1743 2601 nihil

114 2639 277 2676 habere
299 2638 515 2688 antiquius
537 2651 663 2687 quam
686 2643 731 2676 vt
753 2650 856 2676 suos
874 2638 915 2674 in
940 2637 1182 2674 catholicae
1204 2636 1307 2674 fidei
1331 2636 1497 2674 vnitate
1514 2634 1652 2686 possit
1670 2636 1743 2673 ob-

114 2710 270 2749 tinere.
294 2711 433 2748 Nullis
455 2709 474 2734 d
496 2709 677 2760 proinde
699 2710 837 2760 parcit
856 2709 1075 2759 expensis,
1100 2714 1147 2746 vt
1166 2708 1282 2746 viros
1301 2707 1459 2745 doctos
1483 2710 1526 2744 et
1543 2712 1633 2744 tum
1652 2719 1741 2743 mo·

160 2846 178 2864 a
223 2838 253 2874 3
268 2849 335 2874 vv.
357 2842 499 2884 praec.
521 2838 567 2873 in
588 2847 725 2880 marg.
749 2835 904 2872 eadem
927 2845 1077 2870 numu.
1132 2834 1196 2858 —b
1221 2833 1311 2878 Seq.
1334 2832 1416 2869 del.
1438 2831 1607 2868 rariora.

116 2906 179 2924 »⁴0
199 2910 311 2934 nrae.
332 2901 468 2943 supra
488 2907 597 2933 vers.
618 2896 713 2932 ead.
737 2906 889 2932 manu.
945 2895 1010 2919 —d
1053 2892 1237 2930 Emend.
1258 2902 1308 2929 ex
1326 2892 1477 2928 nullus.

164 3016 171 3035 ¹
229 3013 332 3050 Vide
353 3025 390 3058 p.
408 3010 479 3048 552
497 3023 583 3057 sqq.
