1908 3446
27 176 28 182 ⁴
25 159 28 163 .
20 144 21 150 ⁴
17 72 28 137 zat—„⁴
14 0 28 66 >⁸⁸51

537 214 886 253 'BT—LAURETO
918 215 929 251 l
966 212 1062 251 Fas.
1098 214 1186 251 1559
1585 211 1631 251 (77

27 314 28 319 ¹
53 318 273 360 abundent
295 318 684 364 consolationibus,
711 323 753 355 et
775 318 979 355 iuuentus
1001 324 1148 354 nostra
1172 315 1211 354 in
1237 317 1361 355 verbi
1384 316 1465 353 Dei
1487 315 1679 355 ministe-

27 423 29 431 χ
55 394 115 430 rio
147 395 422 430 exerceatur.

106 466 143 501 8.
204 461 354 501 Studia
376 461 505 499 etiam
528 460 719 498 literaria
749 459 981 498 commode
1012 459 1319 510 foeliciterque
1348 459 1612 509 procedunt,
1637 464 1682 497 et

53 534 248 583 quamuis
279 531 584 583 grammaticos
622 536 664 568 et
701 532 974 569 humanistas
996 535 1194 569 atantum
1232 533 1317 569 hoc
1349 543 1461 568 anno
1494 530 1681 568 retinea-

24 655 25 660 ,
55 618 162 651 mus,
186 615 402 654 nemoque
425 603 479 640 sit
509 603 573 651 (vt
595 602 743 647 antea)
764 603 836 652 qui
866 603 1049 653 publicis
1081 602 1475 640 declamationibus
1497 601 1606 639 alios
1628 601 1682 638 ad

55 675 296 714 studiorum
316 674 538 712 feruorem
570 673 710 711 soleat
741 674 1023 714 inflammare.
1059 687 1111 712 ex
1144 687 1191 712 se
1223 679 1369 711 tamen
1403 685 1556 711 omnes
1579 671 1682 709 satis

24 770 26 781 ζ
55 747 234 793 alacres,
265 751 308 784 et
335 744 387 782 ad
418 744 583 782 maiora
612 743 834 782 literarum
865 744 1136 782 incrementa
1164 744 1458 795 promptiores
1485 743 1682 794 quotidie

56 817 342 868 reperiuntur.
377 816 530 854 Solent
562 815 691 853 etiarn
723 815 981 853 sacerdotes
1012 815 1138 854 huius
1169 816 1345 867 collegii
1374 828 1421 853 se
1448 815 1490 852 in
1513 815 1685 852 casibus

57 886 351 926 conscientiae
373 886 545 937 publice
581 886 869 937 priuatimque
903 899 1130 925 exercere.
1158 887 1212 924 Vt
1244 887 1357 924 enim
1388 886 1429 924 in
1458 885 1685 936 poeniten-

58 958 206 997 tiariae
229 959 356 1009 (quae
380 962 446 995 est
469 957 659 995 omnium
685 957 991 1006 celeberrima)
1023 958 1276 995 muneribus
1308 957 1522 995 obeundis
1555 968 1686 1006 expe—

59 1030 238 1068 ditiores
256 1029 541 1080 reperiantur,
562 1033 773 1067 statutum
792 1034 859 1066 est
877 1035 923 1067 vt
938 1036 1155 1080 proponat
1173 1029 1369 1080 quotidie
1388 1027 1685 1079 vnusqnisque

60 1115 204 1140 casum
227 1114 356 1138 vnum
378 1105 450 1138 aut
469 1101 668 1147 alterum,
690 1099 811 1138 cuius
834 1100 1100 1138 solutionem
1119 1114 1173 1139 ex
1193 1100 1511 1139 celebrioribus
1534 1099 1687 1137 autho-

61 1174 176 1211 ribus
198 1173 469 1222 desumptam
492 1171 702 1210 memoria
722 1175 889 1219 teneat,
915 1177 961 1210 vt
991 1177 1222 1223 postquam
1253 1172 1295 1210 in
1328 1171 1542 1221 emicyclo
1567 1182 1688 1208 suam

60 1244 240 1294 quisque
262 1242 421 1281 dixerit
441 1243 719 1290 sententiam,
743 1243 953 1290 resoluat,
979 1243 1051 1293 qui
1086 1243 1328 1294 proposuit,
1363 1255 1460 1280 cum
1492 1241 1688 1280 doctoris

62 1315 127 1352 sui
161 1314 428 1359 testimoni03
460 1313 610 1364 sicque
642 1313 794 1352 mirum
817 1317 884 1351 est
906 1313 1024 1351 dictu
1047 1319 1255 1364 quantum
1286 1313 1411 1351 breui
1442 1313 1686 1363 proficiant,

63 1399 158 1424 cum
179 1385 433 1436 praesertim
456 1385 663 1423 continuo
688 1385 1015 1424 confessionum
1039 1386 1253 1424 exercitio
1276 1385 1374 1423 talis
1405 1384 1605 1423 theorica
1635 1382 1689 1421 ad

65 1468 210 1494 veram
231 1456 394 1507 praxim
417 1456 667 1495 reducatur.
692 1456 817 1494 Vnde
835 1457 883 1494 fit
899 1462 946 1494 vt
968 1456 1107 1494 nostri
1123 1457 1165 1494 in
1186 1458 1268 1495 hac
1289 1461 1413 1507 parte
1437 1462 1481 1494 et
1503 1454 1624 1493 docti
1647 1459 1691 1492 et

64 1527 255 1578 expediti
280 1527 536 1566 habeantur.
570 1528 813 1578 Propterea
844 1528 988 1566 solent
1014 1527 1199 1578 plebani
1226 1529 1246 1552 b
1278 1532 1321 1565 et
1352 1526 1423 1566 alii
1453 1527 1689 1565 animarum

62 1603 258 1649 pastores
279 1611 359 1637 nos
379 1599 633 1649 frequenter
651 1600 899 1646 consulere,
922 1605 965 1637 et
982 1598 1017 1637 si
1033 1613 1142 1650 quos
1165 1600 1357 1638 habeant
1374 1597 1692 1637 difficilioribus

64 1669 231 1708 casibus
253 1668 447 1716 irrititos,
472 1669 525 1708 ad
546 1683 627 1708 nos
649 1670 961 1708 transmittere.
988 1670 1126 1709 Huius
1147 1671 1276 1709 etiam
1300 1669 1364 1708 rei
1381 1669 1521 1721 gratia
1542 1668 1595 1707 ad
1612 1681 1692 1706 nos

65 1742 284 1779 confluunt
314 1741 435 1778 multi
467 1740 538 1791 qui
570 1740 880 1780 ecclesiasticis
913 1742 1109 1780 censuris
1140 1741 1337 1793 impliciti
1368 1740 1691 1779 absolutionem

66 1812 317 1863 importunis
346 1813 549 1862 precibus
581 1812 840 1864 efflagitant;
872 1814 911 1851 in
943 1814 1099 1864 quibus
1131 1813 1165 1851 si
1187 1812 1289 1863 quid
1320 1811 1692 1864 deprehendimus

30 1913 32 1921 ⁴
66 1896 162 1922 esse
193 1883 233 1922 in
259 1883 374 1921 sedis
396 1884 665 1934 apostolicae
687 1889 760 1922 aut
782 1884 1120 1924 diocesanorum
1149 1884 1479 1936 praeiudicium,
1504 1885 1597 1922 sine
1621 1896 1695 1921 ex-

66 1966 212 2004 pressa
240 1953 409 1994 illorum
442 1955 652 1993 facultate
681 1969 769 1993 non
799 1956 1081 2003 absoluimus,
1115 1957 1312 2007 quamuis
1343 1968 1421 2006 pro
1452 1953 1694 2005 priuilegiis

66 2025 188 2063 nobis
222 2025 397 2064 indultis
428 2025 657 2076 aliquando
693 2027 926 2077 possimus.
966 2028 1028 2065 Ex
1065 2040 1151 2079 quo
1189 2011 1371 2066 multum
1408 2026 1695 2065 aedificantur

69 2095 194 2134 vicini
216 2097 423 2148 episcopi,
448 2096 597 2135 vicarii
616 2103 659 2135 et
671 2098 857 2149 plebani
871 2105 906 2146 ⁰,
931 2103 974 2136 et
996 2100 1122 2138 nobis
1145 2100 1259 2138 vltro
1284 2112 1384 2137 suas
1402 2099 1524 2137 vices
1542 2098 1696 2136 autho-

67 2168 323 2219 ritatemque
346 2167 635 2211 committunt,
669 2169 800 2208 immo
833 2171 1067 2209 obsecrant
1099 2176 1145 2209 vt
1175 2170 1216 2208 in
1247 2170 1299 2209 iis
1330 2182 1442 2222 quae
1471 2169 1523 2208 ad
1548 2181 1695 2207 curam

67 2238 303 2277 animarum
324 2238 537 2290 spectant,
562 2246 880 2292 cooperatores
901 2241 1005 2293 ipsis
1028 2254 1127 2280 esse
1151 2243 1354 2280 velimus.

117 2321 155 2358 9.
215 2311 539 2349 Maceratenses
558 2310 815 2362 importunis
836 2312 1041 2364 precibus
1069 2313 1312 2364 efflagitant
1332 2318 1583 2351 nostrorum
1602 2323 1696 2362 pre-

69 2381 264 2428 sentiam,
300 2381 425 2420 nobis
465 2388 629 2421 certam
664 2396 786 2435 spem
826 2383 982 2423 dantes
1011 2385 1108 2423 fore
1151 2391 1195 2423 vt
1225 2385 1351 2423 breui
1372 2384 1501 2435 ampli
1531 2383 1698 2421 reditus

68 2452 108 2490 in
130 2466 259 2491 vnum
280 2454 543 2492 reducantur
564 2455 618 2493 ad
639 2456 743 2494 noui
765 2456 942 2507 collegii
964 2456 1251 2504 erectionem,
1278 2461 1322 2494 et
1343 2456 1385 2493 in
1422 2468 1475 2493 eo
1498 2454 1619 2493 multi
1644 2466 1696 2492 ex

70 2524 208 2562 animo
233 2525 458 2564 elaborant
481 2526 504 2564 ¹.
530 2527 760 2565 Enituntur
782 2528 954 2566 interim
976 2528 1324 2579 quibuscumque
1347 2527 1488 2567 modis
1516 2531 1700 2577 possunt

71 2595 182 2632 bene
213 2596 371 2634 mereri
392 2596 446 2634 de
468 2597 708 2637 Societate.
736 2598 830 2636 Fuit
852 2599 964 2649 apud
996 2599 1113 2649 ipsos
1143 2598 1316 2646 nobilis,
1341 2599 1498 2637 doctus
1531 2602 1574 2635 et
1606 2596 1700 2647 pius

119 2774 137 2791 a
168 2766 450 2804 humaniorum
470 2769 680 2805 lit-”rarum
698 2770 911 2807 studiosos.
967 2772 1030 2796 —b
1063 2772 1264 2808 curiones.
1321 2792 1329 2796 —
1369 2780 1384 2795 ⁰
1429 2770 1630 2807 curiones.

122 2906 127 2922 ¹
185 2905 324 2941 Mense
361 2905 470 2954 Majo
501 2908 595 2944 anni
629 2909 713 2945 1501
747 2909 966 2953 collegium
1002 2909 1042 2946 S.
1074 2909 1108 2956 J.
1148 2910 1311 2946 missum
1342 2915 1400 2946 est
1438 2896 1701 2946 Macer-atam.

78 2959 141 2999 Cf.
167 2962 316 3000 Laim‘i
335 2965 543 3008 Monam„
568 2966 618 3010 Υ,
638 2967 721 3010 ὃΟῖ),
740 2966 823 3011 522,
843 2967 914 3004 528
