1908 3446
275 218 341 259 176
747 219 968 260 LITTERAE
995 223 1350 270 QUADRIMESTRES

224 318 388 355 criores
422 318 464 355 in
497 317 695 356 iuuandis
730 319 908 358 infirmis
944 326 1191 359 euaserunt.
1227 321 1337 359 Turn
1367 321 1537 372 aegroti
1568 320 1663 360 fere
1696 334 1847 360 omnes

222 387 337 426 facta
357 390 518 427 nostris
539 396 823 440 peccatorum
846 404 1023 429 suorum
1042 392 1323 430 confessione
1347 398 1390 430 et
1412 405 1563 431 sacrae
1581 393 1849 431 communio-

220 460 285 497 nis
307 461 555 511 sumptione
587 462 916 500 consolationes
947 462 1115 500 diuinas
1143 471 1160 488 ὃ
1182 462 1319 501 etiam
1348 470 1658 514 perceperunt.
1693 465 1848 502 Recto-

222 543 314 569 rem
336 533 475 569 secuti
499 538 598 570 sunt
618 533 661 570 in
681 533 767 571 hoc
788 534 1028 571 ministerio
1052 539 1142 571 tum
1166 535 1319 571 Patres
1341 540 1431 572 turn
1452 534 1610 572 fratres
1638 535 1846 572 vniuersi.

273 603 312 641 6.
365 603 430 640 Ad
452 604 646 642 infirmos
665 605 792 642 etiarn
815 617 948 655 saepe
970 618 1180 643 vocamur
1201 618 1286 643 nec
1307 605 1481 653 frustra,
1513 618 1609 644 cum
1640 606 1849 644 Dominus

220 675 461 725 plerunque
493 676 698 726 singulari
731 689 807 713 sua
837 676 1138 715 misericordia
1167 677 1293 714 nobis
1323 677 1410 715 illic
1440 677 1596 715 adesse
1629 676 1846 727 dignetur.

221 745 324 783 Erat
344 747 457 784 inter
479 747 587 784 alios
608 746 781 797 quidam
802 759 891 784 non
913 760 1139 796 syncerus,
1165 753 1212 785 ut
1234 747 1480 795 uidebatur,
1504 748 1546 785 in
1566 747 1669 795 fide,
1703 753 1748 785 ut
1778 748 1847 798 qui

221 818 344 855 uxori
366 817 463 868 piae
487 824 530 856 et
553 819 796 856 catholicae
825 819 1038 856 molestus
1069 821 1322 869 frequenter
1355 824 1489 866 esset,
1523 820 1621 869 quia
1651 825 1847 857 nostrum
1905 831 1908 843 ⁴

219 890 429 939 templum
460 890 550 939 ipsa
580 890 745 928 uiseret
774 896 817 927 et
839 891 999 927 nostris
1020 896 1197 941 pareret
1218 892 1259 928 in
1280 892 1332 941 ijs
1354 905 1465 942 quae
1488 891 1543 929 ad
1564 890 1695 929 fidem
1718 896 1847 941 atque

221 961 543 998 conscienciam
572 961 592 985 b
628 966 843 1010 spectant.
882 961 959 998 Ille
990 973 1098 999 uero
1130 961 1232 1000 dum
1263 963 1456 1013 grauiter
1488 968 1758 1013 aegrotaret,
1795 962 1848 999 ab

219 1044 358 1069 uxore
376 1032 491 1069 forte
514 1044 762 1082 persuasus,
788 1045 919 1070 vnum
943 1044 997 1070 ex
1019 1033 1180 1070 nostris
1212 1033 1416 1080 aduocat,
1451 1034 1517 1071 cui
1552 1039 1737 1083 peccata
1772 1045 1847 1071 sua

219 1103 519 1140 confiteretur.
553 1102 601 1140 Id
635 1103 798 1141 factum
835 1108 916 1150 est,
951 1108 995 1140 et
1016 1104 1228 1153 postridie
1252 1110 1423 1155 sumpto
1447 1105 1500 1142 ab
1525 1104 1684 1142 eodem
1706 1116 1847 1143 sacer—

217 1174 323 1212 dote
345 1180 636 1222 sacramento,
662 1180 829 1213 tantum
850 1175 1103 1213 immutatus
1126 1181 1208 1223 est,
1232 1181 1279 1213 ut
1302 1189 1422 1214 suam
1455 1188 1561 1226 erga
1594 1188 1675 1214 nos
1710 1176 1843 1213 bene-

218 1246 456 1284 uolentiam
478 1246 612 1296 signis
635 1247 929 1284 exterioribus
951 1247 1055 1284 satis
1079 1246 1299 1297 explicare
1320 1259 1408 1285 non
1429 1253 1596 1298 posset.

270 1328 307 1365 7.
366 1316 539 1355 Nouum
576 1318 811 1368 collegium
851 1317 969 1367 quod
1004 1330 1162 1356 recens
1201 1318 1256 1356 ad
1295 1318 1591 1356 subleuandos
1630 1330 1845 1369 pauperes

217 1395 414 1427 erectum
452 1394 519 1426 est
553 1388 627 1438 (de
662 1401 748 1439 quo
786 1394 830 1426 et
860 1389 964 1426 alias
1000 1389 1268 1439 scripsimus)
1300 1389 1307 1407 ¹
1340 1402 1572 1428 successus
1593 1389 1741 1436 habet,
1766 1389 1846 1428 Dei

215 1460 370 1510 gratia,
392 1460 595 1511 optimos.
619 1460 731 1498 Nam
753 1465 798 1497 et
818 1472 1025 1498 numerus
1046 1472 1286 1511 pauperum
1308 1461 1538 1507 accrescit,
1559 1465 1603 1498 et
1622 1473 1673 1498 ea
1689 1460 1843 1511 quibus

216 1532 399 1578 alantur,
432 1531 570 1581 magis
602 1535 838 1581 suppetunt
870 1543 924 1568 ex
959 1531 1223 1569 liberalitate
1260 1531 1475 1569 bonorum
1512 1532 1719 1579 uirorum,
1757 1544 1842 1569 non

215 1603 495 1653 hispanorum
517 1601 665 1649 modo,
690 1607 737 1639 vt
767 1602 809 1639 in
839 1601 961 1639 initio
985 1608 1015 1649 0,
1049 1601 1128 1640 sed
1164 1602 1295 1640 etiam
1329 1614 1653 1653 germanorum,
1692 1603 1844 1653 quibus

214 1674 311 1711 illos
347 1672 720 1720 commendamus,
753 1673 914 1723 quique
948 1684 1181 1723 puerorum
1212 1678 1411 1723 spectata
1446 1672 1594 1711 indole
1617 1674 1840 1721 commoti,

215 1758 389 1784 omnem
423 1757 543 1783 suam
581 1757 758 1795 operam
798 1745 899 1782 huic
933 1757 1050 1783 nouo
1093 1745 1282 1796 collegio
1324 1745 1601 1795 pollicentur.
1648 1745 1765 1784 Vnde
1803 1747 1843 1784 et

212 1817 367 1868 legum
407 1818 565 1855 doctor
600 1817 802 1866 qnidam,
847 1815 923 1853 uir
965 1829 1074 1855 sane
1117 1815 1332 1863 eximius,
1380 1815 1627 1866 quotannis
1667 1815 1842 1866 aliquot

213 1899 393 1933 aureos,
419 1886 540 1925 alius
561 1886 698 1925 etiam
721 1885 918 1937 amplias
940 1888 1161 1924 (latarum
1181 1899 1225 1925 se
1242 1886 1472 1936 promisit.
1498 1886 1578 1925 Est
1600 1888 1638 1925 et
1660 1887 1840 1926 canoni-

213 1971 290 1996 cus
312 1957 513 2007 qnidam,
539 1957 618 2007 qni
638 1956 795 1996 multis
815 1956 966 2008 signis
989 1970 1042 1996 ac
1057 1957 1470 2008 pollicitationibus
1497 1971 1541 1997 se
1571 1957 1701 1997 nobis
1730 1958 1841 1997 ami·

212 2028 446 2068 cissimzim
467 2030 507 2068 et
523 2028 802 2079 pauperibus
831 2027 969 2067 haias
999 2028 1186 2080 collegis
1214 2028 1473 2079 plurimum
1502 2029 1743 2081 fauentem
1774 2031 1839 2070 de-

212 2101 378 2140 clarat.
403 2100 471 2138 Ad
492 2101 577 2138 hoc
597 2100 888 2151 pulcherrima
909 2100 929 2124 d
949 2100 1218 2139 bibliotheca
1238 2101 1364 2138 nobis
1385 2101 1598 2151 promissa
1621 2105 1702 2139 est.

265 2174 303 2210 8.
364 2173 451 2210 Iam
474 2184 581 2210 uero
604 2177 808 2222 quantam
831 2171 886 2224 de
907 2172 1034 2209 nobis
1057 2172 1413 2222 expectationem
1445 2173 1708 2224 (quanquam
1738 2173 1838 2211 alias
1882 2209 1889 2231 ,Ἰ

211 2256 387 2294 quoque
408 2244 492 2282 hac
512 2243 567 2281 de
591 2255 637 2281 re
659 2243 867 2293 scriptum
890 2244 974 2292 est)
1004 2244 1222 2294 principes
1252 2243 1413 2294 alijque
1450 2244 1530 2281 uiri
1565 2248 1838 2294 praestantes

212 2315 513 2365 conceperint,
550 2315 621 2352 uel
652 2328 761 2352 unus
783 2315 1139 2365 archiepiscopus
1161 2315 1466 2365 strigoniensis
1488 2314 1500 2332 ²
1523 2315 1745 2363 ostendet,
1769 2315 1837 2366 qui
1878 2312 1887 2348 γ’

211 2399 309 2425 cum
330 2399 430 2424 suas
451 2384 655 2424 dioceses
677 2386 730 2423 ab
751 2385 987 2423 haereticis
1009 2386 1159 2423 uexari
1183 2385 1372 2433 uideret,
1397 2398 1422 2424 a
1442 2386 1569 2424 nobis
1591 2387 1668 2425 has
1689 2391 1836 2438 pestes

209 2457 482 2509 propellendi
506 2469 634 2508 opem
655 2457 916 2508 implorauit.
941 2457 1094 2508 Itaque
1116 2462 1336 2495 rectorem
1357 2457 1370 2475 ⁸
1392 2458 1553 2497 acciuit
1586 2457 1628 2496 in
1663 2460 1835 2507 Hunga-

210 2529 330 2577 riam,
369 2534 413 2567 et
447 2529 546 2567 loca
579 2540 691 2578 quae
725 2527 780 2565 ad
819 2527 1008 2578 collegia
1046 2527 1132 2566 duo
1171 2527 1391 2566 fundanda
1431 2529 1597 2567 seruire
1637 2532 1833 2580 possent,

255 2697 275 2717 ²
324 2696 642 2735 consolationem
668 2696 860 2733 diuinam.
926 2696 991 2720 —b
1026 2695 1132 2741 Syll.
1162 2708 1236 2732 con
1266 2701 1406 2742 supra
1435 2707 1546 2734 vers.
1611 2704 1674 2722 —0
1708 2696 1739 2733 3
1765 2707 1830 2734 vv.-

207 2763 351 2804 praec.
371 2758 419 2794 in
437 2767 567 2803 marg
597 2755 758 2802 forsan
777 2755 871 2792 alia
891 2765 1048 2792 manu.
1109 2755 1174 2780 —d
1197 2756 1288 2802 Seq.
1310 2756 1394 2794 del.
1416 2756 1544 2793 nobis.

257 2915 266 2935 ¹
319 2913 428 2951 Vide
446 2912 646 2961 superius,
666 2924 762 2959 pag.
783 2910 842 2948 90.

254 2975 268 2995 ²
317 2973 512 3011 Nicolaus
531 2971 702 3010 Olahus.

253 3035 266 3055 ⁸
318 3033 363 3071 P.
377 3032 559 3081 Joannes
576 3033 625 3070 de
649 3032 841 3070 Victoria.
