1908 3446
190 211 258 248 764
672 209 888 246 LITTERAE
917 209 1271 254 QUADmMESTREs

143 313 357 351 rationem
382 313 474 351 eius
497 313 683 350 reddere
708 311 861 349 melius
883 311 1115 360 possimus3
1138 323 1221 360 qua
1243 322 1297 347 ex
1318 323 1364 348 re
1386 322 1473 348 non
1495 308 1761 347 mediocrem

143 383 330 421 fructum
352 384 473 421 multi
494 387 804 434 perceperunt3
827 381 961 419 multo
985 381 1193 419 maiorem
1224 381 1472 431 percepturi
1496 393 1592 418 cum
1615 381 1764 429 uolup-

145 459 233 493 tate
256 467 362 493 uere
394 456 640 495 christiana,
667 466 762 490 cum
786 452 962 502 reliquis
985 452 1154 490 duobus
1187 451 1335 490 orandi
1367 451 1507 489 modis
1539 451 1765 501 coeperint

144 540 190 564 se
215 539 444 569 exercere;
468 527 584 577 quod
607 525 781 576 quidem
802 525 844 562 in
866 524 980 561 aliud
1002 528 1174 574 tempus
1206 524 1405 561 consulto
1437 523 1650 560 reiectum
1682 528 1763 569 est,

143 602 234 635 tum
257 598 313 635 ob
335 598 438 635 alias
461 610 628 643 causas,
655 601 743 633 tum
767 595 896 632 etiarn
920 601 965 632 ut
991 595 1234 645 paratiores
1263 594 1418 644 prioris
1448 594 1765 631 exercitatione

144 669 197 706 ad
218 669 372 707 altiora
393 668 668 706 accedamus.
693 666 871 704 Interim
892 672 1037 703 tamen
1060 666 1214 703 diebus
1236 664 1411 703 veneris
1438 664 1553 703 idem
1576 677 1767 702 canones

143 741 240 779 illos
263 742 308 779 P.
334 740 386 778 N.
420 740 559 777 felicis
590 738 844 784 memoriae,
877 737 1032 787 quibus
1062 737 1325 775 instituimur
1355 749 1440 786 qua
1468 735 1638 774 ratione
1670 748 1766 774 cum

144 815 294 850 sancta
315 823 493 849 romana
515 810 704 848 ecclesia
727 808 977 847 consentire
1009 821 1181 859 semper
1204 807 1458 854 debeamus,
1482 807 1607 845 nobis
1635 819 1767 857 expo-

144 883 222 929 nit3
245 896 328 933 qua
350 883 541 921 lectione
572 894 658 919 non
695 881 835 918 solum
857 879 899 917 in
922 879 1060 917 solida
1089 879 1174 918 fide
1198 879 1416 917 catholica
1446 878 1766 923 confirmamur,

145 955 223 993 sed
245 954 508 993 instituimur
531 953 661 991 etiam
683 965 766 1003 qua
788 952 858 990 uia
878 952 986 990 alios
1008 964 1161 990 omnes
1184 951 1346 1001 optime
1370 951 1411 988 in
1432 951 1543 988 hanc
1570 949 1768 988 eamdem

144 1032 339 1064 nostram
362 1025 624 1063 sententiam
653 1024 911 1074 pertrahere
943 1022 1182 1061 debeamus
1212 1028 1342 1073 atque
1365 1021 1595 1072 possimus.
1622 1021 1770 1072 Pergit

146 1098 221 1136 ille
244 1097 418 1148 quidem
440 1097 548 1134 hora
570 1100 727 1134 octaua
757 1094 967 1132 matutina
999 1094 1227 1145 epistolam
1250 1093 1302 1131 D.
1328 1093 1447 1131 Pauli
1468 1092 1522 1130 ad
1552 1093 1770 1130 Romanos

148 1169 337 1220 publice,
370 1168 410 1205 in
448 1167 636 1218 collegio
669 1178 776 1204 uero
806 1171 958 1204 nostro
995 1165 1126 1204 Arist.
1162 1165 1301 1203 Ethic.
1331 1165 1439 1202 hora
1459 1164 1596 1214 prima
1623 1175 1771 1214 pome-

148 1241 311 1278 ridiana
341 1240 520 1291 singulis
556 1239 711 1277 diebus
743 1238 977 1289 explicare,
1015 1251 1066 1276 ac
1101 1236 1418 1287 disputationes
1447 1234 1772 1286 philosophicas

149 1312 302 1350 diebus
325 1311 495 1349 sabbati
516 1323 540 1348 a
560 1309 740 1361 prandio
764 1310 889 1347 simul
912 1322 1009 1347 curn
1032 1310 1086 1347 M.
1111 1308 1346 1347 Laurentio
1371 1312 1378 1330 ¹
1403 1319 1558 1358 magna
1579 1319 1676 1345 cum
1697 1318 1772 1344 uo-

148 1384 311 1434 luptate
336 1388 379 1420 et
414 1383 558 1420 fructu
593 1382 890 1420 studiosorum
913 1379 1119 1432 dirigere,
1152 1392 1202 1417 30
1232 1385 1462 1430 praeterea
1492 1378 1772 1417 directorium

148 1454 437 1492 confessionis
458 1459 471 1478 ²
492 1465 543 1492 20
563 1454 657 1492 fere
694 1466 748 1491 ex
783 1453 943 1491 nostris
973 1452 1027 1490 ad
1058 1463 1153 1490 eam
1183 1451 1421 1490 lectionem
1451 1449 1705 1501 aptioribus,
1730 1452 1774 1487 et

146 1524 402 1574 quibusdam
425 1525 533 1573 alijs,
553 1530 620 1563 ter
636 1525 730 1563 fere
749 1536 921 1574 semper
942 1523 985 1561 in
1005 1522 1298 1569 hebdomada,
1317 1521 1490 1573 quando
1508 1521 1579 1559 uel
1598 1520 1774 1571 paucio-

148 1609 231 1643 res,
256 1597 327 1634 uel
348 1597 493 1635 nullae
512 1610 689 1648 prorsus
711 1600 810 1635 sunt
830 1596 1063 1643 lectiones,
1087 1596 1128 1633 in
1151 1595 1340 1645 collegio
1362 1599 1514 1632 nostro
1534 1605 1772 1644 exponere.

148 1668 325 1706 Interim
349 1674 495 1706 tamen
515 1680 661 1719 neque
684 1667 938 1706 catechismi
969 1668 1018 1705 R.
1051 1667 1098 1705 P.
1124 1665 1285 1715 Canisij
1317 1665 1569 1711 lectionem,
1602 1663 1774 1715 quando

149 1751 226 1778 200
247 1745 290 1778 et
314 1752 367 1777 eo
390 1740 537 1790 plures
557 1739 746 1778 fortasse
769 1738 1034 1785 scholastici,
1067 1737 1222 1788 partim
1245 1749 1297 1774 ex
1326 1735 1502 1782 nostris,
1525 1736 1680 1786 partim
1703 1747 1775 1773 ex-

149 1812 283 1848 ternis
305 1809 376 1849 die
399 1811 573 1848 veneris
595 1811 704 1848 hora
724 1814 852 1848 sexta
872 1821 998 1847 mane
1020 1808 1062 1846 in
1084 1808 1274 1858 collegio
1302 1811 1454 1845 nostro
1486 1806 1775 1845 attentissime

148 1881 342 1929 audiunt,
366 1882 550 1933 negligit
572 1893 776 1932 unquam3
798 1893 942 1930 neque
973 1880 1203 1930 quicquam
1226 1891 1393 1926 eorum,
1418 1891 1528 1929 quae
1560 1878 1631 1915 uel
1660 1877 1776 1915 domi

86 1986 89 1989 .
149 1955 219 1992 uel
241 1954 347 1992 foris
369 1959 467 1991 sunt
489 1951 780 2004 expedienda,
806 1955 901 1992 Deo
921 1957 1010 2003 opt.
1036 1964 1149 1989 max.
1168 1952 1275 1989 laus.
1298 1949 1429 1999 Quod
1451 1951 1484 1988 si
1501 1953 1682 2000 quaerat
1700 1950 1776 1987 Pa-

149 2026 331 2065 ternitas
353 2031 427 2064 tua
447 2026 634 2064 fortasse
658 2038 732 2063 cur
750 2030 917 2063 tantum
946 2023 1026 2062 sibi
1057 2024 1218 2063 laboris
1241 2024 1449 2074 imponat,
1475 2021 1518 2060 id
1543 2034 1627 2072 ego
1645 2033 1776 2060 unum

149 2097 347 2148 responsi
370 2096 474 2134 dare
508 2102 683 2147 potero,
722 2109 817 2134 eam
851 2096 1052 2134 nimirum
1082 2095 1209 2133 huius
1239 2093 1302 2131 rei
1325 2106 1499 2132 causam
1522 2105 1636 2140 esse,
1659 2093 1777 2143 quod

150 2168 289 2207 nostri
312 2181 463 2206 omnes
480 2167 690 2207 doctores
708 2181 758 2206 30
779 2167 847 2217 alij
869 2168 1015 2215 etiam,
1034 2167 1107 2218 qui
1121 2179 1209 2205 non
1225 2164 1285 2203 ita
1301 2165 1459 2203 abhinc
1475 2164 1548 2202 diu
1565 2164 1777 2214 conuicijs

150 2251 202 2277 30
229 2239 424 2290 pluribus
459 2239 626 2289 iniurijs
656 2240 817 2290 ubique
848 2239 902 2277 ab
925 2239 1123 2278 omnibus
1154 2237 1396 2287 contempti
1427 2235 1774 2287 excipiebantur,

150 2314 318 2348 tanturn
339 2310 423 2348 iarn
443 2310 619 2361 negocij
645 2322 742 2348 cum
763 2311 845 2348 hac
867 2309 1041 2348 Domini
1063 2309 1191 2347 uinea
1206 2308 1384 2355 habent,
1405 2313 1451 2345 ut
1472 2307 1668 2358 quamuis
1685 2319 1777 2345 sae-

149 2395 203 2432 pe
241 2386 523 2428 excusentur,
567 2395 621 2420 ne
658 2381 782 2420 breui
817 2386 1018 2432 tempore
1058 2380 1282 2418 immensis
1321 2379 1434 2417 curis
1468 2390 1519 2416 30
1556 2379 1778 2417 laboribus

150 2454 400 2500 abruantur,
426 2458 570 2491 tamen
600 2453 717 2491 nulla
746 2458 867 2491 tanta
898 2452 1125 2491 excusatio
1157 2463 1257 2490 esse
1286 2455 1450 2502 potest,
1474 2463 1585 2502 quae
1617 2450 1778 2489 efficiat

150 2538 236 2576 quo
255 2525 394 2563 minus
412 2529 628 2575 cogantur
644 2537 731 2562 non
749 2524 880 2563 modo
898 2524 1011 2562 intra
1027 2523 1159 2571 uires,
1179 2522 1258 2561 sed
1275 2534 1404 2574 supra
1420 2522 1630 2560 humanas
1647 2522 1778 2560 etiam

149 2608 475 2646 nonnumquam
509 2596 724 2634 laborare.
761 2595 950 2633 Curatur
984 2599 1131 2632 tamen
1163 2606 1266 2632 sane
1297 2592 1630 2644 diligentissime
1657 2594 1690 2640 a,
1722 2605 1778 2630 ne

195 2721 215 2741 ὃ
265 2720 397 2768 quoad
413 2720 500 2757 eius
519 2719 606 2757 fieri
625 2724 768 2766 potest.

198 2843 207 2863 ¹
259 2840 509 2879 Laurentius
527 2839 733 2876 Andreas.

196 2902 209 2922 ²
259 2900 442 2947 Intelligi
461 2899 622 2937 videtur
640 2911 740 2946 opus
758 2898 804 2935 Ρ.
820 2898 990 2946 joannis
1020 2899 1069 2936 de
1096 2899 1286 2937 Polanco:
1316 2897 1459 2935 Breve
1483 2895 1779 2934 Dz'rectorium

152 2961 213 2999 ad
232 2958 494 3007 confessarii
508 2969 560 2996 ac
579 2958 823 3005 confitentis
840 2968 1008 2996 munus
1028 2959 1108 2996 rite
1130 2957 1396 2996 obeundum.
1425 2954 1582 2993 Romae
1610 2955 1714 3002 1554,
1741 2962 1782 2994 et

150 3020 248 3059 alibi
266 3032 403 3068 saepe.
