1908 3446
16 1532 19 1602 -—-—-
13 1466 21 1497 —m
14 1353 21 1412 ,ιπ-

544 147 828 184 aaa—Premis
855 147 876 183 3
900 146 1103 193 jANUARn
1135 147 1222 181 1560
1587 143 1654 179 473

73 260 214 292 ser.¹¹¹0
235 250 468 289 archiduce
502 254 507 271 ¹
540 261 635 286 cum
669 262 826 299 magno
861 248 1051 286 omnium
1083 248 1291 298 applausu
1324 247 1623 287 concionatum
1658 254 1699 282 et

73 325 188 363 dictu
210 322 361 360 mirum
385 328 452 359 est
473 326 633 371 quanta
660 333 755 358 cum
779 319 1021 357 humilitate
1045 319 1348 357 serenissimus
1370 315 1579 355 archidux
1602 328 1700 353 sese

29 420 32 432 y
72 394 181 446 apud
202 393 364 431 dictum
391 394 563 430 Patrem
585 404 661 442 per
693 389 1016 429 commissarios
1049 394 1248 435 excuset,
1281 388 1454 440 quando
1486 387 1699 426 interesse

75 464 273 505 concioni
295 476 380 501 non
402 468 564 513 potest,
589 461 707 513 quod
731 467 875 500 tamen
897 473 1053 512 peraro
1076 459 1250 498 accidit.

124 548 160 585 3.
220 537 265 574 In
288 535 439 572 schola
459 540 610 572 nostra
631 540 730 571 sunt
752 534 926 571 circiter
953 542 1039 580 150,
1063 531 1180 582 quod
1203 537 1401 582 tempore
1425 530 1594 580 hyemis
1615 543 1699 567 non

71 621 216 661 parum
239 618 338 645 esse
361 606 431 644 hic
453 607 619 656 Pragae
643 610 861 655 puta1nus3
884 604 997 642 inter
1019 616 1129 654 quos
1152 607 1250 641 sunt
1282 603 1404 641 multi
1433 602 1620 648 nobiles,
1660 606 1702 638 et

73 681 272 724 barones,
305 677 406 726 quin
439 677 569 715 etiam
600 674 686 713 duo
718 676 791 724 filij
827 675 939 713 Ill.mi
968 675 1171 725 principis
1204 674 1413 712 Bauariae
1443 672 1631 710 Ernesti.
1657 674 1701 709 In

26 797 27 806 ἵ
72 749 302 788 maioribus
338 747 548 786 classibus
588 759 740 785 omnes
780 746 875 784 fere
915 751 1015 783 sunt
1054 745 1274 784 catholici.
1318 745 1461 783 Aucta
1501 749 1567 782 est
1608 749 1702 781 tota

74 820 220 858 schola
250 831 366 856 noua
396 819 549 864 classe,
583 817 782 855 nimirum
813 817 1061 855 rhetoricae
1093 817 1134 854 in
1165 829 1249 867 qua
1283 822 1382 853 sunt
1419 816 1600 853 iuuenes
1637 827 1701 852 se-

24 884 26 890 *
72 890 293 930 lectissimi
313 901 490 935 nouem,
514 889 587 940 qui
610 901 762 927 omnes
783 888 978 939 apprime
999 888 1246 938 proficiunt.
1282 889 1327 925 In
1362 887 1605 925 studiorum
1637 898 1702 924 re-

72 962 306 1001 nouatione
338 960 603 1010 disputatum
639 966 707 997 est
742 960 783 997 in
810 959 976 1009 templo
1012 963 1164 996 nostro
1196 957 1251 997 de
1293 958 1489 996 ciborum
1525 957 1702 997 delectu

75 1033 173 1072 satis
211 1031 430 1082 frequenti
464 1029 705 1077 auditorio,
743 1028 1024 1081 praesidente
1061 1030 1111 1067 D.
1150 1029 1361 1076 Henrico,
1404 1029 1701 1080 respondente

75 1117 178 1143 uero
204 1105 257 1142 M.
282 1102 508 1141 Ludouico
532 1102 718 1140 Flandro
741 1101 767 1140 ².
794 1103 1077 1153 Disputarunt
1100 1102 1231 1139 etiam
1251 1114 1305 1138 ex
1325 1100 1477 1139 ordine
1497 1106 1703 1139 caeterae

75 1188 222 1215 omnes
259 1175 472 1223 classe[s],
509 1174 707 1225 quamuis
741 1186 828 1212 non
864 1185 1002 1223 usque
1032 1172 1145 1211 adeo
1178 1173 1326 1219 docte,
1366 1185 1524 1224 magno
1556 1166 1703 1211 tamen

76 1246 320 1286 auditorum
355 1246 578 1297 applausu.
614 1246 728 1295 Quin
760 1246 890 1284 etiam
922 1245 1185 1296 alphabetici
1217 1244 1400 1283 mirabili
1431 1258 1482 1283 ac
1502 1258 1617 1283 noua
1639 1258 1703 1283 re-

79 1319 300 1358 creatione
322 1318 470 1369 populi
491 1316 859 1368 disputationibus
894 1317 1025 1355 finem
1060 1317 1377 1367 imposuerunt.
1415 1317 1583 1366 Quibus
1613 1316 1704 1355 foe-

75 1391 212 1429 liciter
242 1390 431 1440 peractis
462 1394 564 1427 ante
595 1389 946 1436 renouationem,
980 1388 1153 1439 quando
1187 1389 1317 1426 etiam
1341 1394 1459 1426 esset
1482 1388 1702 1427 dedicatio

73 1463 207 1501 nostri
229 1462 393 1512 templi,
420 1473 572 1499 omnes
593 1461 686 1499 fere
709 1459 934 1499 ascensuri
956 1460 1149 1499 confessi
1179 1465 1278 1498 sunt
1305 1466 1436 1512 atque
1469 1460 1704 1499 communi-

76 1539 238 1572 carunt.
264 1533 491 1571 Habentur
513 1532 694 1583 singulis
715 1531 870 1570 diebus
893 1522 1064 1574 sabbffi
1086 1531 1406 1582 disputationes
1435 1532 1490 1570 de
1522 1533 1705 1571 rhetori-

77 1605 133 1644 cis
156 1611 199 1643 et
220 1603 548 1642 humanioribus
570 1602 902 1650 assertionibus,
926 1603 969 1641 in
991 1603 1147 1654 quibus
1169 1616 1372 1655 magnum
1395 1603 1704 1655 discipulorum

75 1677 293 1716 feruorem
316 1675 469 1714 uidere
494 1681 575 1713 est.
601 1675 790 1726 Singulis
812 1688 988 1726 quoque
1017 1675 1246 1714 dominicis
1275 1676 1514 1714 recitantur
1547 1676 1705 1714 oratio-

14 1761 17 1766 *
75 1761 150 1787 nes
180 1748 232 1786 ab
262 1747 329 1796 ijs,
362 1748 433 1797 qui
465 1752 564 1784 sunt
595 1747 758 1798 primae
788 1746 953 1785 classis.
986 1747 1160 1786 Classes
1184 1759 1261 1785 sex
1284 1753 1384 1785 sunt
1407 1748 1616 1798 (excepta
1636 1748 1705 1784 illa

75 1819 338 1870 theologica,
363 1830 475 1869 quae
496 1817 669 1869 publica
691 1823 773 1864 est,
799 1823 844 1856 et
864 1817 935 1856 illa
962 1816 1242 1867 di[a]lectica‚
1276 1831 1388 1869 quae
1422 1824 1490 1857 est
1519 1820 1706 1870 priuata)

75 1890 226 1940 quibus
248 1890 379 1927 etiam
400 1901 479 1927 sex
501 1889 605 1927 satis
627 1889 715 1939 apti
735 1894 1052 1940 praeceptores
1081 1895 1180 1928 sunt
1207 1890 1434 1940 praefecti,
1459 1891 1531 1940 qui
1554 1903 1706 1929 omnes

77 1975 197 2000 suum
220 1961 411 2000 officium
434 1960 668 2011 diligenter
690 1960 869 1999 faciunt.

126 2044 163 2082 4.
221 2032 349 2083 Apud
373 2036 553 2070 exteros
585 2044 739 2070 uersus
771 2031 1008 2071 Saxoniam
1040 2037 1242 2083 putamur
1275 2045 1374 2072 esse
1406 2032 1610 2071 crudeles
1631 2034 1706 2072 ho-

78 2103 210 2142 mines
241 2109 373 2155 atque
396 2103 583 2154 tyranni,
609 2103 731 2141 cuius
753 2103 839 2141 hoc
860 2102 1066 2142 indicium
1091 2116 1189 2142 esse
1217 2109 1381 2155 potest.
1406 2103 1536 2142 Venit
1568 2117 1622 2142 ex
1655 2117 1707 2143 ea

76 2175 297 2226 prouincia
313 2175 486 2226 quidam
510 2187 646 2213 senex
669 2174 723 2213 ad
750 2187 846 2222 nos,
871 2188 1000 2225 quem
1022 2175 1197 2226 quidam
1221 2176 1314 2214 eius
1335 2176 1534 2214 inimicus
1555 2177 1597 2214 in
1619 2177 1706 2214 suis

76 2247 224 2295 literis,
247 2260 359 2298 quae
390 2253 494 2286 tunc
525 2247 627 2285 mihi
653 2246 872 2297 legendae
894 2247 1249 2298 porrigebantur,
1280 2248 1354 2286 tali
1386 2248 1586 2287 conuicio
1608 2262 1706 2300 pro-

77 2318 345 2356 scindebant:
369 2318 416 2356 In
437 2319 523 2356 hoc
544 2316 720 2368 quidem
738 2330 889 2356 omnes
913 2319 1043 2357 uicini
1065 2317 1127 2356 tui
1148 2319 1251 2357 mihi
1269 2323 1408 2357 testes
1427 2325 1568 2367 erunt,
1588 2320 1705 2370 quod

76 2389 117 2427 in
135 2390 248 2428 omni
270 2388 360 2428 uita
378 2382 659 2440 tua‘tyranno
682 2398 701 2416 a
724 2391 856 2441 longe
879 2389 1058 2428 similior
1080 2390 1215 2428 fueris
1236 2403 1364 2441 quam
1386 2391 1496 2429 ullus
1518 2404 1705 2442 unquam

76 2460 249 2509 jesuita.
273 2461 398 2499 Haec
419 2473 517 2500 cum
538 2462 752 2513 legerem,
786 2460 1075 2500 arbitrabatur
1112 2474 1248 2500 senex
1285 2462 1459 2512 aegrius
1495 2475 1564 2500 me
1599 2462 1705 2500 latu-

79 2543 185 2579 rum3
207 2545 359 2571 uerum
386 2533 586 2571 hortatus
617 2547 710 2571 sum
744 2546 843 2571 eum
864 2532 919 2571 ad
939 2532 1209 2584 patientiam.
1236 2533 1320 2583 Qui
1343 2546 1451 2572 uero
1487 2539 1706 2573 nouerunt

80 2602 362 2651 Societatem,
386 2604 511 2642 aliter
533 2604 589 2642 de
608 2617 660 2643 ea
681 2605 875 2643 sentiunt
897 2609 942 2642 et
962 2604 1218 2655 loquuntur.
1246 2604 1361 2644 Satis
1383 2611 1556 2644 constat
1577 2607 1629 2645 V.
1655 2607 1702 2644 R.

126 2754 144 2772 a
187 2746 370 2784 Emend.
393 2758 444 2784 ex
462 2746 660 2794 tyrannis.

128 2894 136 2913 ¹
189 2892 482 2934 Ferdinandus‚
505 2892 753 2930 Ferdinandi
772 2893 1026 2939 imperatoris
1047 2892 1165 2929 filius.

127 2952 141 2972 ²
190 2951 296 2989 Vide
314 2964 351 2999 p.
376 2951 455 2996 153,
476 2957 611 2990 annot.
636 2956 668 2990 1.
