1908 3446
555 153 917 191 aloa—Momcfflo
943 154 966 190 6
992 153 1183 190 Aucusn
1212 151 1302 188 1560
1622 149 1690 186 719

115 259 247 306 ribus,
272 264 362 296 tum
383 257 470 296 fide
492 258 769 307 incorruptos
791 256 1096 306 vndecumque
1120 253 1376 300 aduocatos,
1398 265 1476 290 suo
1497 257 1620 289 curet
1641 263 1736 301 gre-

114 331 157 380 gi
178 327 513 381 praeficiendos.
539 329 809 366 Societatem
834 333 955 366 certe
979 330 1170 365 nostram
1195 326 1235 363 in
1258 324 1415 375 quouis
1437 322 1611 361 ditionis
1634 335 1736 359 suae

115 401 338 439 territorio
363 400 513 438 viuere
538 412 592 437 ex
615 401 757 437 animo
781 397 1032 449 desyderat.
1059 399 1111 435 Et
1142 397 1241 447 quia
1272 396 1537 446 reliquorum
1556 394 1735 430 salutem

116 473 168 510 ab
191 471 546 522 ingolstadiensis
564 470 876 515 vniuersitatis,
904 476 947 508 et
965 470 1105 516 huius,
1130 469 1266 506 totius
1289 467 1499 504 Bauariae
1518 465 1735 516 principis,

118 543 233 581 vrbis
255 542 554 580 incolumitate
578 554 733 592 magna
756 554 809 579 ex
832 548 955 592 parte
977 540 1182 590 intelligit
1203 538 1414 590 pendere,
1439 536 1635 575 maximis
1657 536 1737 573 iam

116 615 322 665 expensis
359 614 635 664 magnificum
673 613 904 664 vtrobique
942 612 1157 651 Societati
1193 611 1334 649 erexit
1370 610 1622 659 collegium3
1659 619 1741 644 nec

115 685 230 724 aliud
253 686 294 723 in
317 685 431 723 votis
452 685 600 732 habet,
625 697 751 735 quam
775 691 821 722 vt
842 686 928 723 hoc
948 690 1160 730 nostrum,
1186 683 1400 720 hactenus
1417 679 1737 730 imperfectum,

116 757 253 807 primo
292 770 465 806 quoque
505 763 703 806 tempore
740 757 1007 802 absoluatur,
1045 760 1087 792 vt
1124 759 1425 804 sumptuosum
1458 757 1500 789 et
1536 751 1737 801 amplum,

115 828 232 878 quod
253 828 378 865 nobis
402 828 495 865 eius
516 827 635 865 iussu
656 827 726 865 hic
748 833 936 877 paratur,
971 825 1219 864 aedificium
1251 825 1356 862 satis
1385 835 1603 874 superque
1626 834 1740 859 com-

116 904 344 937 monstrat.
383 897 584 937 Orandus
619 898 844 936 feruenter
880 897 1107 943 Dominus,
1145 902 1192 934 vt
1222 896 1317 946 pios
1351 894 1500 945 optimi
1535 892 1741 944 principis

119 976 303 1008 conatus
324 982 589 1020 promouere
612 969 832 1019 dignetur,
857 970 956 1019 quia
977 968 1030 1006 ad
1053 967 1280 1006 tutandum
1312 980 1335 1004 a
1357 967 1556 1017 luporum
1578 964 1741 1002 irruen-

115 1042 221 1079 tium
243 1038 361 1078 rabie
384 1052 567 1091 gregem
591 1054 713 1077 suum
736 1053 822 1078 non
845 1040 927 1077 alia
948 1040 1084 1089 magis
1109 1051 1153 1076 re
1171 1037 1354 1088 indiget,
1375 1049 1503 1086 quam
1525 1036 1739 1072 bonorum

116 1117 160 1150 et
182 1111 453 1150 eruditorum
476 1111 668 1149 virorum
691 1111 831 1161 copia,
856 1123 1039 1160 quorum
1062 1109 1263 1160 profecto
1282 1109 1322 1146 in
1346 1111 1439 1146 tota
1460 1107 1542 1144 hac
1563 1105 1740 1143 natione

116 1190 239 1222 tanta
261 1189 330 1221 est
352 1182 520 1230 raritas,
547 1188 591 1221 vt
613 1196 682 1221 res
715 1183 768 1220 sit
799 1182 947 1220 intima
979 1180 1364 1219 commiseratione
1396 1178 1663 1229 dignissima,
1699 1183 1741 1214 et

114 1255 195 1293 nisi
216 1254 473 1305 propediem
496 1254 641 1292 diuina
662 1254 833 1293 bonitas
856 1252 912 1291 de
942 1253 1196 1291 melioribus
1220 1251 1432 1302 operarijs
1453 1250 1554 1288 huic
1575 1250 1740 1300 patriae

114 1326 366 1377 prospiciat,
391 1332 540 1364 metuo
564 1331 610 1363 vt
631 1333 649 1349 ὃ
671 1325 831 1362 auitam
856 1330 900 1362 et
922 1324 1184 1362 catholicam
1206 1323 1467 1374 religionem
1501 1321 1541 1359 in
1565 1320 1652 1358 suis
1675 1333 1742 1359 ca-

114 1397 302 1435 tholicus
324 1398 525 1448 princeps
549 1409 813 1435 conseruare
845 1395 983 1446 possit
1013 1395 1267 1445 prouincijs.
1300 1393 1510 1431 Videmus
1534 1393 1648 1431 enim
1672 1393 1742 1430 vbi

115 1469 216 1517 bonj
254 1468 414 1506 desunt
448 1467 644 1515 ministri,
683 1469 807 1518 lupos
842 1467 1047 1518 paulatim
1079 1466 1210 1504 sedes
1242 1478 1476 1516 occupare,
1502 1470 1547 1502 et
1580 1464 1743 1502 Christi

115 1552 298 1591 gregem
320 1539 362 1577 in
384 1539 500 1577 mille
523 1545 667 1577 sectas
690 1538 926 1577 dissecare.
951 1539 1043 1576 Nos
1066 1538 1228 1576 circum
1247 1536 1462 1575 cursando
1484 1536 1650 1574 vicinos
1672 1547 1742 1585 pa—

115 1624 211 1662 gos,
249 1623 332 1661 qua
362 1623 593 1660 possumus
624 1611 810 1657 ratione,
834 1611 1049 1655 iuuamus3
1074 1609 1152 1647 sed
1174 1608 1406 1659 pauciores
1428 1621 1591 1654 sumus,
1615 1620 1741 1658 quam

115 1683 186 1734 qui
208 1688 275 1720 tot
298 1683 532 1720 errantium
556 1682 826 1721 ouicularum
850 1682 977 1720 saluti
1009 1683 1229 1731 possimus
1252 1681 1498 1718 consulere.
1526 1679 1742 1730 Respiciat

116 1754 170 1792 de
193 1755 316 1792 caelo
339 1754 551 1792 Dominus
574 1759 618 1792 et
639 1753 789 1792 videat
813 1760 856 1791 et
880 1753 1030 1791 visitet
1062 1753 1235 1790 vineam
1257 1753 1400 1799 istam,
1433 1763 1559 1802 quam
1582 1751 1743 1801 planta—

116 1827 178 1864 uit
200 1826 385 1865 dextera
405 1839 482 1864 sua
514 1831 539 1864 ¹.
564 1826 853 1876 Intelligimus
874 1825 1116 1877 principem
1148 1823 1430 1863 constituisse
1462 1829 1507 1861 vt
1529 1824 1744 1874 guberna-

115 1903 237 1936 tores
259 1904 304 1937 et
327 1898 553 1945 officiales,
578 1911 687 1948 quos
716 1898 850 1936 habet
881 1898 1028 1935 multis
1050 1898 1091 1935 in
1123 1896 1231 1935 locis
1269 1896 1638 1947 corruptissimos,
1668 1896 1744 1932 ho-

116 1975 244 2008 nesto
266 1969 471 2020 paulatim
491 1975 725 2020 praetextu
748 1975 1053 2016 amoueantur,
1077 1973 1119 2006 et
1145 1968 1350 2007 catholici
1371 1968 1413 2005 in
1432 1980 1582 2005 eorum
1600 1968 1744 2005 locum

116 2041 401 2079 sufficiantur.
442 2041 567 2090 Quae
600 2054 670 2079 res
694 2040 871 2078 maioris
909 2041 990 2077 erit
1014 2041 1055 2078 in
1079 2040 1224 2078 multis
1254 2039 1525 2078 constantiae
1551 2038 1742 2084 occasio,

116 2114 217 2151 dum
240 2113 411 2151 scilicet
432 2112 719 2159 verebuntur,
746 2125 800 2150 ne
825 2124 922 2150 cum
943 2111 1029 2150 fide
1052 2111 1268 2149 honorum
1293 2112 1423 2149 etiarn
1446 2111 1598 2148 titulos
1620 2109 1744 2148 dese-

116 2197 213 2222 rere
236 2189 464 2235 cogantur.
499 2183 733 2223 Ordinarat
764 2183 806 2220 in
836 2183 951 2221 festo
975 2184 1165 2234 paschae
1188 2182 1504 2220 illustrissimus
1525 2182 1742 2232 princeps,

116 2262 163 2294 vt
185 2256 420 2307 diligenter
444 2257 737 2294 obseruarent
760 2255 1041 2294 confessores
1075 2267 1229 2293 omnes
1252 2255 1433 2300 aulicos,
1466 2254 1538 2304 qui
1559 2254 1613 2292 ad
1645 2266 1745 2291 con-

116 2329 354 2366 fessionem
377 2328 593 2369 uenirent,
618 2333 665 2365 vt
686 2328 768 2365 hac
790 2328 959 2365 ratione
991 2338 1168 2365 suorum
1191 2326 1367 2377 ingenia
1387 2327 1574 2364 haberet
1597 2324 1744 2374 explo-

116 2401 291 2438 ratiora.
314 2401 432 2438 onr
449 2403 461 2421 ‘²
485 2404 527 2437 et
545 2404 682 2436 mater
699 2400 711 2418 ³
727 2397 1003 2436 illustrissimi
1022 2398 1226 2448 principis
1246 2399 1361 2435 omni
1380 2410 1460 2435 nos
1477 2397 1744 2434 beneuolen-

116 2473 175 2510 tia
198 2477 242 2509 et
263 2471 579 2509 beneficiorum
609 2483 776 2521 genere
808 2474 1147 2521 prosequuntur3
1182 2476 1227 2508 et
1255 2470 1288 2507 si
1321 2470 1523 2508 infirmari
1556 2469 1742 2518 aliquem

165 2654 184 2672 a
205 2647 297 2694 Seq.
319 2647 402 2683 del.
424 2646 553 2683 catho.

167 2841 175 2860 ¹
229 2838 293 2876 Cf.
315 2838 380 2875 Ps.
404 2837 601 2880 LXXIX,
626 2838 680 2875 16.

165 2900 177 2918 ²⁵
231 2899 366 2942 Anna,
388 2897 635 2935 Ferdinandi
656 2899 912 2946 imperatoris
930 2898 1028 2935 filia.

165 2959 177 2979 ⁸
228 2958 360 2995 Maria
375 2958 541 3005 jacoba,
563 2958 738 3006 Philippi
757 2958 1003 2996 marchionis
1022 2959 1209 2996 badensis
1229 2958 1323 2996 filia.
