1908 3446
231 186 301 223 822
698 187 919 224 L1TTERAE
946 185 1299 232 QUADRIMESTRES

187 288 421 327 clationem
462 290 689 328 meliorem
724 288 934 334 adiscant,
974 292 1041 325 est
1078 300 1131 325 ex
1162 288 1523 339 praeceptoribus
1554 289 1704 338 aliquis
1739 290 1811 340 qui

184 359 386 410 priuatim
407 374 758 410 vnumquemque
783 359 1125 397 declamaturum
1158 359 1311 397 sedulo
1336 364 1533 407 exercet,
1558 366 1601 398 et
1622 374 1810 411 pronun-

185 431 326 469 ciandi
356 436 485 483 atque
517 432 702 470 actionis
733 431 865 481 ipsius
896 431 1124 468 meliorem
1159 430 1336 468 modum
1367 431 1515 470 docet.
1549 432 1593 470 Si
1624 445 1733 470 vnus
1756 446 1811 471 ex

183 507 361 541 nostrae
383 503 538 542 domus
560 502 741 541 alumnis
761 502 813 539 sit
836 502 1009 552 publice
1032 502 1369 548 declamaturus,
1388 503 1571 553 primum
1594 515 1808 550 curamus,

182 580 230 613 vt
259 575 301 612 in
331 588 482 613 mensa
509 576 625 613 vires
648 587 748 612 suas
772 574 1055 624 experia[tur]
1080 581 1113 621 a,
1140 579 1183 611 et
1204 575 1238 612 si
1260 573 1362 625 quid
1387 574 1590 612 vitiosum
1618 575 1686 621 sit,
1719 587 1812 613 cor-

183 645 361 697 rigatur.
396 648 688 696 Preceptores
725 658 832 683 vero
871 657 967 682 cum
1004 644 1247 683 studiorum
1286 645 1514 694 praefectu
1545 647 1813 683 conueniunt

184 717 364 768 singulis
395 718 662 768 septimanis,
688 722 735 753 vt
758 716 811 754 de
833 729 1073 767 progressu
1095 717 1165 753 vel
1197 715 1509 767 discipulorum
1543 717 1815 768 negligentia

184 788 338 827 sedulo
360 794 564 827 tractent.
591 788 882 838 Cathalogum
902 787 922 812 b
945 787 1146 825 classium
1164 788 1429 838 singularum
1447 787 1683 826 lectionum
1700 802 1814 827 nunc

185 860 407 898 mittimus.
432 860 623 911 Singulis
647 858 900 909 septimanis
921 859 1078 897 fratres
1113 859 1178 897 bis
1208 864 1308 910 post
1340 871 1523 898 coenam
1554 860 1814 898 concionan-

184 935 269 978 tur3
292 931 501 982 germani,
526 930 793 981 germanice,
824 930 925 981 galli
953 937 984 977 0,
1018 930 1165 968 latine.
1204 930 1302 968 Hoc
1332 931 1568 981 negocium
1596 931 1639 968 in
1668 943 1813 982 quam-

184 1003 392 1053 plurimos
424 1001 535 1040 adeo
563 1002 784 1039 foeliciter
807 1002 1020 1049 succedit,
1045 1005 1092 1039 vt
1112 1002 1283 1053 possint
1306 1002 1545 1040 existimari
1566 1004 1638 1041 vel
1660 1003 1814 1041 decem

185 1086 323 1112 annos
344 1075 385 1112 in
408 1087 459 1112 ea
480 1075 671 1124 palestra
693 1073 857 1111 versati
881 1085 994 1112 esse.

239 1154 275 1193 5.
335 1145 424 1183 Sed
445 1157 678 1196 pergamus
700 1144 753 1182 ad
776 1144 956 1194 reliqua.
980 1144 1069 1182 Sub
1100 1144 1260 1182 festum
1292 1145 1584 1183 Pentecostes
1614 1146 1735 1183 venit
1762 1145 1815 1184 ad

185 1228 266 1254 nos
288 1217 335 1254 R.
362 1217 408 1254 P.
435 1215 734 1262 Prouincialis,
759 1213 1008 1253 Euerardus
1027 1215 1337 1262 Mercurianus,
1361 1216 1444 1254 iam
1465 1215 1633 1267 pridem
1656 1228 1814 1267 expec-

184 1292 315 1335 tatus,
340 1287 597 1338 praesertim
620 1299 718 1325 cum
740 1286 963 1324 Rejssimus
987 1291 995 1309 ¹
1018 1285 1150 1324 tertio
1171 1298 1249 1336 per
1270 1285 1418 1324 literas
1438 1291 1635 1325 nostrum
1655 1287 1815 1325 aduen-

184 1363 275 1397 tum
307 1359 422 1398 serio
459 1359 761 1409 efflagitasset.
802 1357 1020 1396 Postridie
1057 1358 1100 1396 S.
1138 1357 1362 1397 Trinitatis
1397 1359 1626 1397 Treuerim
1661 1371 1816 1397 versus

184 1431 409 1482 profectus
441 1435 509 1469 est
541 1443 637 1468 curn
660 1430 831 1468 duobus
862 1429 1182 1477 sacerdotibus,
1216 1432 1328 1469 Dno.
1348 1431 1514 1480 Joanne
1544 1431 1718 1479 Rhetio,
1751 1444 1815 1470 re-

184 1508 317 1553 gente
339 1507 507 1549 nostro,
534 1507 578 1539 et
600 1502 651 1539 D.
674 1501 875 1540 Andraea
892 1501 1263 1552 Valckenburgi03
1281 1501 1512 1540 adiunctus
1535 1507 1628 1540 erat
1651 1502 1713 1540 eis
1731 1508 1815 1540 ter-

185 1573 286 1620 tius,
310 1573 381 1624 qui
403 1573 506 1623 ipsis
536 1573 577 1610 in
609 1572 741 1611 rebus
763 1571 977 1610 obeundis
1009 1572 1267 1622 obsequium
1288 1577 1533 1623 praestaret
1553 1572 1580 1611 ².
1606 1573 1815 1622 Quamuis

188 1646 238 1682 D.
264 1644 487 1683 Andraeas
509 1649 610 1681 ante
632 1644 956 1694 profectionem
977 1643 1171 1695 grauiter
1192 1644 1394 1682 laborans
1416 1643 1470 1681 de
1488 1645 1579 1683 vita
1598 1645 1814 1695 periclita-

186 1721 321 1763 retur,
344 1720 491 1753 tamen
514 1715 721 1766 singulari
742 1715 931 1766 quodam
954 1715 1216 1754 clementiae
1238 1715 1398 1754 indicio
1421 1715 1541 1754 Deus
1569 1716 1629 1754 illi
1660 1717 1815 1755 sanita-

184 1791 274 1824 tem
296 1786 502 1824 restituit.
527 1786 829 1824 Intelleximus
852 1798 954 1824 sane
985 1786 1104 1836 ipsos
1126 1785 1312 1824 maxima
1333 1798 1431 1824 curn
1453 1785 1765 1825 beneuolentia
1792 1800 1816 1825 a

184 1858 515 1896 treuerensibus
538 1858 557 1882 d
580 1862 794 1908 exceptos
817 1870 931 1896 esse.
951 1859 1148 1908 Vterque
1170 1858 1442 1908 gratissimus
1461 1862 1527 1896 est
1544 1860 1720 1909 populo,
1744 1860 1816 1911 qui

186 1927 240 1966 ad
261 1929 489 1979 Vtriusque
521 1928 760 1966 conciones
790 1941 949 1979 magno
980 1928 1145 1979 impetu
1176 1929 1453 1980 glomeratim
1476 1929 1681 1968 occurrit.
1706 1931 1816 1969 Hac-

186 2006 314 2037 tenus
349 2000 390 2037 in
420 2000 580 2050 palatio
617 2000 968 2047 R.iss¹miviuunt‚
1002 1999 1146 2039 donec
1181 2000 1416 2051 collegium
1451 2001 1733 2049 instauretur,
1773 2006 1817 2039 et
1867 1999 1871 2002 ’

185 2071 342 2109 fratres
374 2072 511 2109 Roma
532 2074 723 2118 veniant,
747 2072 820 2122 qui
850 2071 1024 2110 vineam
1048 2072 1144 2110 Dni.
1171 2072 1356 2110 Treueri
1388 2072 1607 2111 excolant.
1638 2072 1815 2111 Interim

188 2142 233 2180 R.
258 2143 402 2180 omnia
423 2154 535 2193 quae
557 2142 611 2180 ad
632 2142 744 2181 hanc
764 2155 856 2180 rem
877 2142 1175 2194 peragendam
1195 2143 1446 2181 necessaria
1467 2148 1582 2191 sunt,
1605 2156 1683 2194 per
1705 2143 1816 2182 duos

188 2215 424 2265 praecipue
461 2214 718 2252 sacerdotes
754 2220 877 2253 curat
916 2214 1221 2253 administrari.
1259 2214 1395 2253 Multo
1435 2215 1728 2266 praeclariora
1761 2215 1816 2254 de

187 2286 270 2324 hac
304 2298 350 2322 re
386 2285 617 2323 scribenda
649 2285 809 2332 forent,
842 2284 925 2324 nisi
955 2284 1305 2324 existimaremus
1335 2286 1383 2324 R.
1417 2287 1464 2324 P.
1497 2286 1816 2325 Prouincialem

190 2358 237 2395 R.
263 2357 312 2395 T.
339 2355 482 2394 omnia
502 2356 556 2394 ad
586 2357 790 2395 amussim
811 2357 1121 2408 perscripsisse
1143 2357 1171 2396 ³.
1196 2357 1321 2396 R.diss
1345 2358 1475 2396 etiam
1501 2358 1782 2409 moguntinus
1801 2363 1816 2384 ⁴

184 2429 227 2466 in
256 2427 478 2466 fundando
512 2428 701 2479 collegio
733 2428 843 2466 adeo
874 2434 1148 2479 perseuerat,
1173 2434 1220 2467 vt
1249 2433 1426 2467 nostros
1458 2441 1513 2467 ex
1543 2430 1726 2467 Treueri
1761 2428 1816 2467 ad

186 2499 452 2550 colloquium
481 2499 618 2538 literis
650 2500 903 2538 exorauerit
925 2506 958 2538 θ.
995 2499 1091 2538 Nec
1125 2500 1303 2538 dubium
1333 2499 1434 2551 quin
1463 2501 1546 2539 iam
1576 2501 1669 2539 voti
1700 2512 1815 2539 com-

229 2636 248 2655 a
303 2637 568 2682 Consumpta
596 2636 764 2672 charta.
818 2637 883 2662 -b
912 2635 1008 2673 Del.
1037 2636 1269 2674 lectionum.
1322 2644 1387 2663 —0
1409 2637 1501 2683 Seq.
1531 2636 1614 2674 del.
1647 2636 1812 2682 gallice.

187 2716 211 2718 e
231 2696 251 2721 d
271 2709 295 2732 a
309 2695 614 2732 treuerensibus
626 2701 763 2741 supra
776 2706 886 2732 vers.
928 2703 993 2722 —e
1016 2696 1070 2733 In
1086 2707 1164 2733 ms.
1179 2695 1358 2733 videtur
1369 2697 1583 2742 scriptum
1597 2695 1812 2733 exornerit.

232 2829 241 2848 ¹
293 2827 472 2864 Videtur
488 2826 781 2872 intelligendus
800 2826 1128 2874 archiepiscopus
1141 2827 1404 2873 treverensis,
1414 2826 1596 2874 Joannes
1610 2826 1660 2864 de
1674 2826 1812 2864 Petra.

233 2888 246 2907 ²
296 2887 404 2924 Vide
423 2898 560 2932 supra,
581 2899 616 2933 p.
636 2884 719 2922 712.

229 2947 242 2967 ³
296 2945 359 2984 Cf.
382 2945 538 2983 Laz'm'i
555 2945 767 2990 Manum,
788 2944 842 2989 V,
867 2945 948 2989 126,
970 2946 1050 2984 167.

230 3006 245 3027 ⁴
294 3005 446 3043 Daniel
463 3003 642 3042 Brendel
663 3004 712 3042 de
732 3004 960 3053 Homburg.
