<?xml version="1.0" encoding="UTF-8"?>
<!DOCTYPE html PUBLIC "-//W3C//DTD XHTML 1.0 Transitional//EN"
    "http://www.w3.org/TR/xhtml1/DTD/xhtml1-transitional.dtd">
<html xmlns="http://www.w3.org/1999/xhtml" xml:lang="en" lang="en">
 <head>
  <title>
</title>
<meta http-equiv="Content-Type" content="text/html;charset=utf-8" />
  <meta name='ocr-system' content='tesseract 3.04.00' />
  <meta name='ocr-capabilities' content='ocr_page ocr_carea ocr_par ocr_line ocrx_word'/>
</head>
<body>
  <div class='ocr_page' id='page_1' title='image "./litteraequadrime1806lain_0908.png"; bbox 0 0 1908 3446; ppageno 0'>
   <div class='ocr_carea' id='block_1_1' title="bbox 184 262 1246 307">
    <p class='ocr_par' dir='ltr' id='par_1_1' title="bbox 184 262 1246 307">
     <span class='ocr_line' id='line_1_1' title="bbox 184 262 1246 307; baseline -0.005 -3"><span class='ocrx_word' id='word_1_1' title='bbox 184 267 254 304; x_wconf 81' lang='lat'>888</span> <span class='ocrx_word' id='word_1_2' title='bbox 646 265 865 301; x_wconf 78' lang='lat' dir='ltr'><strong>LlTTERAE</strong></span> <span class='ocrx_word' id='word_1_3' title='bbox 892 262 1246 307; x_wconf 74' lang='lat' dir='ltr'><strong>QUADRIMESTRES</strong></span> 
     </span>
    </p>
   </div>
   <div class='ocr_carea' id='block_1_2' title="bbox 139 363 1770 2552">
    <p class='ocr_par' dir='ltr' id='par_1_2' title="bbox 139 363 1765 1626">
     <span class='ocr_line' id='line_1_2' title="bbox 140 363 1758 418; baseline -0.001 -14"><span class='ocrx_word' id='word_1_4' title='bbox 140 369 415 418; x_wconf 67' lang='lat' dir='ltr'>pronius-iniis</span> <span class='ocrx_word' id='word_1_5' title='bbox 448 376 454 393; x_wconf 88' lang='lat'>¹</span> <span class='ocrx_word' id='word_1_6' title='bbox 489 365 864 405; x_wconf 59' lang='lat' dir='ltr'>cohcn-taticmibus</span> <span class='ocrx_word' id='word_1_7' title='bbox 886 364 1197 402; x_wconf 66' lang='lat' dir='ltr'>sanctimoniae</span> <span class='ocrx_word' id='word_1_8' title='bbox 1220 369 1264 401; x_wconf 90' lang='lat' dir='ltr'>et</span> <span class='ocrx_word' id='word_1_9' title='bbox 1294 363 1514 402; x_wconf 88' lang='lat' dir='ltr'>charitatis</span> <span class='ocrx_word' id='word_1_10' title='bbox 1544 364 1758 403; x_wconf 86' lang='lat' dir='ltr'>accessio-</span> 
     </span>
     <span class='ocr_line' id='line_1_3' title="bbox 139 435 1758 489; baseline -0.002 -13"><span class='ocrx_word' id='word_1_11' title='bbox 139 453 236 476; x_wconf 89' lang='lat' dir='ltr'>nem</span> <span class='ocrx_word' id='word_1_12' title='bbox 260 440 502 489; x_wconf 68' lang='lat' dir='ltr'>sumpserit,</span> <span class='ocrx_word' id='word_1_13' title='bbox 527 438 772 475; x_wconf 58' lang='lat' dir='ltr'>declarabo.</span> <span class='ocrx_word' id='word_1_14' title='bbox 798 436 1035 473; x_wconf 84' lang='lat' dir='ltr'>Proficiunt</span> <span class='ocrx_word' id='word_1_15' title='bbox 1067 448 1218 473; x_wconf 90' lang='lat' dir='ltr'>omnes</span> <span class='ocrx_word' id='word_1_16' title='bbox 1247 435 1289 473; x_wconf 90' lang='lat' dir='ltr'>in</span> <span class='ocrx_word' id='word_1_17' title='bbox 1321 436 1492 486; x_wconf 88' lang='lat' dir='ltr'>optimis</span> <span class='ocrx_word' id='word_1_18' title='bbox 1523 436 1758 475; x_wconf 87' lang='lat' dir='ltr'>Societatis</span> 
     </span>
     <span class='ocr_line' id='line_1_4' title="bbox 140 504 1761 559; baseline -0.002 -12"><span class='ocrx_word' id='word_1_19' title='bbox 140 514 313 547; x_wconf 65' lang='lat' dir='ltr'>nostrae</span> <span class='ocrx_word' id='word_1_20' title='bbox 337 510 586 559; x_wconf 67' lang='lat' dir='ltr'>disciplinis,</span> <span class='ocrx_word' id='word_1_21' title='bbox 610 521 687 546; x_wconf 70' lang='lat' dir='ltr'>vec</span> <span class='ocrx_word' id='word_1_22' title='bbox 710 506 903 545; x_wconf 77' lang='lat' dir='ltr'>inuicem</span> <span class='ocrx_word' id='word_1_23' title='bbox 926 504 1202 545; x_wconf 71' lang='lat' dir='ltr'>obedientiae</span> <span class='ocrx_word' id='word_1_24' title='bbox 1218 505 1423 556; x_wconf 73' lang='lat' dir='ltr'>palmam</span> <span class='ocrx_word' id='word_1_25' title='bbox 1443 506 1531 544; x_wconf 76' lang='lat' dir='ltr'>sibi</span> <span class='ocrx_word' id='word_1_26' title='bbox 1552 505 1761 556; x_wconf 69' lang='lat' dir='ltr'>praeripi</span> 
     </span>
     <span class='ocr_line' id='line_1_5' title="bbox 141 576 1759 630; baseline -0.002 -11"><span class='ocrx_word' id='word_1_27' title='bbox 141 584 221 619; x_wconf 77' lang='lat' dir='ltr'>aut</span> <span class='ocrx_word' id='word_1_28' title='bbox 245 582 289 619; x_wconf 74' lang='lat' dir='ltr'>ln</span> <span class='ocrx_word' id='word_1_29' title='bbox 311 595 359 620; x_wconf 73' lang='lat' dir='ltr'>ea</span> <span class='ocrx_word' id='word_1_30' title='bbox 380 583 535 619; x_wconf 75' lang='lat' dir='ltr'>mutuo</span> <span class='ocrx_word' id='word_1_31' title='bbox 552 577 821 630; x_wconf 68' lang='lat' dir='ltr'>praeueniri</span> <span class='ocrx_word' id='word_1_32' title='bbox 836 576 1094 627; x_wconf 66' lang='lat' dir='ltr'>patiuntur.</span> <span class='ocrx_word' id='word_1_33' title='bbox 1113 577 1316 615; x_wconf 82' lang='lat' dir='ltr'>Proxima</span> <span class='ocrx_word' id='word_1_34' title='bbox 1332 578 1555 615; x_wconf 82' lang='lat' dir='ltr'>Paschatis</span> <span class='ocrx_word' id='word_1_35' title='bbox 1573 591 1759 616; x_wconf 89' lang='lat' dir='ltr'>comme-</span> 
     </span>
     <span class='ocr_line' id='line_1_6' title="bbox 141 647 1760 699; baseline -0.002 -10"><span class='ocrx_word' id='word_1_36' title='bbox 141 653 380 690; x_wconf 80' lang='lat' dir='ltr'>moratione</span> <span class='ocrx_word' id='word_1_37' title='bbox 405 658 604 689; x_wconf 81' lang='lat' dir='ltr'>uotorum</span> <span class='ocrx_word' id='word_1_38' title='bbox 627 651 679 687; x_wconf 85' lang='lat' dir='ltr'>ab</span> <span class='ocrx_word' id='word_1_39' title='bbox 702 648 898 687; x_wconf 86' lang='lat' dir='ltr'>omnibus</span> <span class='ocrx_word' id='word_1_40' title='bbox 919 648 1033 686; x_wconf 86' lang='lat' dir='ltr'>facta</span> <span class='ocrx_word' id='word_1_41' title='bbox 1054 652 1121 685; x_wconf 91' lang='lat' dir='ltr'>est</span> <span class='ocrx_word' id='word_1_42' title='bbox 1142 647 1387 696; x_wconf 89' lang='lat' dir='ltr'>renouatio,</span> <span class='ocrx_word' id='word_1_43' title='bbox 1412 661 1508 687; x_wconf 91' lang='lat' dir='ltr'>cum</span> <span class='ocrx_word' id='word_1_44' title='bbox 1538 654 1666 687; x_wconf 91' lang='lat' dir='ltr'>antea</span> <span class='ocrx_word' id='word_1_45' title='bbox 1687 662 1760 699; x_wconf 76' lang='lat' dir='ltr'>ge-</span> 
     </span>
     <span class='ocr_line' id='line_1_7' title="bbox 141 718 1760 762; baseline -0.003 0"><span class='ocrx_word' id='word_1_46' title='bbox 141 725 310 762; x_wconf 70' lang='lat' dir='ltr'>nerales</span> <span class='ocrx_word' id='word_1_47' title='bbox 346 723 533 760; x_wconf 88' lang='lat' dir='ltr'>omnium</span> <span class='ocrx_word' id='word_1_48' title='bbox 569 722 659 758; x_wconf 80' lang='lat' dir='ltr'>fere</span> <span class='ocrx_word' id='word_1_49' title='bbox 696 719 997 757; x_wconf 81' lang='lat' dir='ltr'>confessiones</span> <span class='ocrx_word' id='word_1_50' title='bbox 1033 720 1101 756; x_wconf 83' lang='lat' dir='ltr'>Pr.</span> <span class='ocrx_word' id='word_1_51' title='bbox 1139 718 1423 757; x_wconf 88' lang='lat' dir='ltr'>Prouincialis</span> <span class='ocrx_word' id='word_1_52' title='bbox 1457 719 1663 757; x_wconf 75' lang='lat' dir='ltr'><strong>audisset.</strong></span> <span class='ocrx_word' id='word_1_53' title='bbox 1696 719 1760 757; x_wconf 89' lang='lat' dir='ltr'>Eo</span> 
     </span>
     <span class='ocr_line' id='line_1_8' title="bbox 142 789 1762 845; baseline -0.002 -13"><span class='ocrx_word' id='word_1_54' title='bbox 142 801 337 845; x_wconf 77' lang='lat' dir='ltr'>tempore</span> <span class='ocrx_word' id='word_1_55' title='bbox 360 794 419 831; x_wconf 88' lang='lat' dir='ltr'>ita</span> <span class='ocrx_word' id='word_1_56' title='bbox 436 806 480 830; x_wconf 67' lang='lat' dir='ltr'>se</span> <span class='ocrx_word' id='word_1_57' title='bbox 504 793 684 841; x_wconf 73' lang='lat' dir='ltr'>quisque</span> <span class='ocrx_word' id='word_1_58' title='bbox 707 790 987 840; x_wconf 82' lang='lat' dir='ltr'>comparauit,</span> <span class='ocrx_word' id='word_1_59' title='bbox 1009 795 1055 827; x_wconf 87' lang='lat' dir='ltr'>ut</span> <span class='ocrx_word' id='word_1_60' title='bbox 1076 790 1212 827; x_wconf 90' lang='lat' dir='ltr'>bonas</span> <span class='ocrx_word' id='word_1_61' title='bbox 1234 789 1429 840; x_wconf 90' lang='lat' dir='ltr'>corporis</span> <span class='ocrx_word' id='word_1_62' title='bbox 1451 789 1762 840; x_wconf 78' lang='lat' dir='ltr'>castigationes</span> 
     </span>
     <span class='ocr_line' id='line_1_9' title="bbox 142 860 1762 912; baseline -0.003 -9"><span class='ocrx_word' id='word_1_63' title='bbox 142 865 417 912; x_wconf 56' lang='lat' dir='ltr'>efflagitaret,</span> <span class='ocrx_word' id='word_1_64' title='bbox 454 876 535 900; x_wconf 86' lang='lat' dir='ltr'>nec</span> <span class='ocrx_word' id='word_1_65' title='bbox 556 863 623 911; x_wconf 75' lang='lat' dir='ltr'>ijs,</span> <span class='ocrx_word' id='word_1_66' title='bbox 657 873 760 911; x_wconf 81' lang='lat' dir='ltr'>quas</span> <span class='ocrx_word' id='word_1_67' title='bbox 793 862 1055 907; x_wconf 76' lang='lat' dir='ltr'>obtinuerat,</span> <span class='ocrx_word' id='word_1_68' title='bbox 1080 865 1329 908; x_wconf 81' lang='lat' dir='ltr'>contentus,</span> <span class='ocrx_word' id='word_1_69' title='bbox 1361 860 1444 898; x_wconf 91' lang='lat' dir='ltr'>iter</span> <span class='ocrx_word' id='word_1_70' title='bbox 1475 861 1555 898; x_wconf 85' lang='lat' dir='ltr'>sibi</span> <span class='ocrx_word' id='word_1_71' title='bbox 1586 860 1638 898; x_wconf 90' lang='lat' dir='ltr'>ad</span> <span class='ocrx_word' id='word_1_72' title='bbox 1667 874 1762 911; x_wconf 80' lang='lat' dir='ltr'>gra-</span> 
     </span>
     <span class='ocr_line' id='line_1_10' title="bbox 142 931 1763 981; baseline -0.002 -8"><span class='ocrx_word' id='word_1_73' title='bbox 142 936 285 973; x_wconf 78' lang='lat' dir='ltr'>uiores</span> <span class='ocrx_word' id='word_1_74' title='bbox 309 935 565 972; x_wconf 79' lang='lat' dir='ltr'>obtinendas</span> <span class='ocrx_word' id='word_1_75' title='bbox 588 932 890 970; x_wconf 85' lang='lat' dir='ltr'>communiret.</span> <span class='ocrx_word' id='word_1_76' title='bbox 917 932 1014 981; x_wconf 76' lang='lat' dir='ltr'>Quo</span> <span class='ocrx_word' id='word_1_77' title='bbox 1037 931 1199 969; x_wconf 85' lang='lat' dir='ltr'>factum</span> <span class='ocrx_word' id='word_1_78' title='bbox 1221 936 1302 979; x_wconf 84' lang='lat' dir='ltr'>est,</span> <span class='ocrx_word' id='word_1_79' title='bbox 1326 936 1373 969; x_wconf 92' lang='lat' dir='ltr'>ut</span> <span class='ocrx_word' id='word_1_80' title='bbox 1395 932 1687 981; x_wconf 74' lang='lat' dir='ltr'>unusquisque</span> <span class='ocrx_word' id='word_1_81' title='bbox 1710 932 1763 970; x_wconf 89' lang='lat' dir='ltr'>ad</span> 
     </span>
     <span class='ocr_line' id='line_1_11' title="bbox 140 1003 1763 1056; baseline -0.002 -11"><span class='ocrx_word' id='word_1_82' title='bbox 140 1007 243 1045; x_wconf 85' lang='lat' dir='ltr'>illud</span> <span class='ocrx_word' id='word_1_83' title='bbox 266 1006 396 1055; x_wconf 81' lang='lat' dir='ltr'>officij</span> <span class='ocrx_word' id='word_1_84' title='bbox 419 1019 557 1056; x_wconf 64' lang='lat' dir='ltr'>genus</span> <span class='ocrx_word' id='word_1_85' title='bbox 580 1004 788 1043; x_wconf 68' lang='lat' dir='ltr'>alacrior</span> <span class='ocrx_word' id='word_1_86' title='bbox 815 1003 1111 1042; x_wconf 77' lang='lat' dir='ltr'>exercendum</span> <span class='ocrx_word' id='word_1_87' title='bbox 1132 1011 1152 1029; x_wconf 67' lang='lat' dir='ltr'>a</span> <span class='ocrx_word' id='word_1_88' title='bbox 1171 1003 1445 1051; x_wconf 79' lang='lat' dir='ltr'>redderetur,</span> <span class='ocrx_word' id='word_1_89' title='bbox 1471 1003 1538 1053; x_wconf 88' lang='lat' dir='ltr'>cuj</span> <span class='ocrx_word' id='word_1_90' title='bbox 1571 1004 1763 1054; x_wconf 90' lang='lat' dir='ltr'>superio-</span> 
     </span>
     <span class='ocr_line' id='line_1_12' title="bbox 142 1074 1764 1128; baseline -0.001 -12"><span class='ocrx_word' id='word_1_91' title='bbox 142 1092 233 1116; x_wconf 91' lang='lat' dir='ltr'>rum</span> <span class='ocrx_word' id='word_1_92' title='bbox 264 1078 405 1128; x_wconf 79' lang='lat' dir='ltr'>ipsum</span> <span class='ocrx_word' id='word_1_93' title='bbox 426 1078 445 1100; x_wconf 52' lang='grc' dir='ltr'>ἢ</span> <span class='ocrx_word' id='word_1_94' title='bbox 474 1077 709 1114; x_wconf 74' lang='lat' dir='ltr'>auctoritas</span> <span class='ocrx_word' id='word_1_95' title='bbox 741 1076 997 1114; x_wconf 89' lang='lat' dir='ltr'>destinaret.</span> <span class='ocrx_word' id='word_1_96' title='bbox 1034 1075 1146 1114; x_wconf 85' lang='lat' dir='ltr'>Cum</span> <span class='ocrx_word' id='word_1_97' title='bbox 1168 1082 1184 1100; x_wconf 79' lang='lat'><em>0</em></span> <span class='ocrx_word' id='word_1_98' title='bbox 1204 1075 1408 1124; x_wconf 87' lang='lat' dir='ltr'>literarijs</span> <span class='ocrx_word' id='word_1_99' title='bbox 1439 1074 1764 1114; x_wconf 83' lang='lat' dir='ltr'>exercitationi-</span> 
     </span>
     <span class='ocr_line' id='line_1_13' title="bbox 141 1146 1765 1196; baseline -0.001 -10"><span class='ocrx_word' id='word_1_100' title='bbox 141 1151 234 1195; x_wconf 81' lang='lat' dir='ltr'>bus,</span> <span class='ocrx_word' id='word_1_101' title='bbox 259 1149 361 1186; x_wconf 83' lang='lat' dir='ltr'>licet</span> <span class='ocrx_word' id='word_1_102' title='bbox 384 1161 460 1186; x_wconf 87' lang='lat' dir='ltr'>eae</span> <span class='ocrx_word' id='word_1_103' title='bbox 485 1147 680 1185; x_wconf 86' lang='lat' dir='ltr'>modicae</span> <span class='ocrx_word' id='word_1_104' title='bbox 704 1147 803 1193; x_wconf 87' lang='lat' dir='ltr'>sint,</span> <span class='ocrx_word' id='word_1_105' title='bbox 828 1152 971 1184; x_wconf 84' lang='lat' dir='ltr'>tantus</span> <span class='ocrx_word' id='word_1_106' title='bbox 993 1151 1138 1184; x_wconf 88' lang='lat' dir='ltr'>tamen</span> <span class='ocrx_word' id='word_1_107' title='bbox 1169 1146 1385 1184; x_wconf 86' lang='lat' dir='ltr'>emanauit</span> <span class='ocrx_word' id='word_1_108' title='bbox 1406 1146 1587 1194; x_wconf 81' lang='lat' dir='ltr'>fruetus,</span> <span class='ocrx_word' id='word_1_109' title='bbox 1617 1147 1765 1196; x_wconf 88' lang='lat' dir='ltr'>quanti</span> 
     </span>
     <span class='ocr_line' id='line_1_14' title="bbox 142 1217 1763 1269; baseline -0.001 -12"><span class='ocrx_word' id='word_1_110' title='bbox 142 1220 467 1269; x_wconf 82' lang='lat' dir='ltr'>haudquaquam</span> <span class='ocrx_word' id='word_1_111' title='bbox 507 1219 666 1256; x_wconf 84' lang='lat' dir='ltr'>debeat</span> <span class='ocrx_word' id='word_1_112' title='bbox 709 1231 787 1255; x_wconf 82' lang='lat' dir='ltr'>nos</span> <span class='ocrx_word' id='word_1_113' title='bbox 830 1218 1076 1268; x_wconf 86' lang='lat' dir='ltr'>poenitere.</span> <span class='ocrx_word' id='word_1_114' title='bbox 1117 1218 1280 1256; x_wconf 89' lang='lat' dir='ltr'>Verum</span> <span class='ocrx_word' id='word_1_115' title='bbox 1323 1230 1410 1255; x_wconf 91' lang='lat' dir='ltr'>non</span> <span class='ocrx_word' id='word_1_116' title='bbox 1453 1217 1622 1255; x_wconf 90' lang='lat' dir='ltr'>inficior</span> <span class='ocrx_word' id='word_1_117' title='bbox 1666 1230 1763 1256; x_wconf 91' lang='lat' dir='ltr'>esse</span> 
     </span>
     <span class='ocr_line' id='line_1_15' title="bbox 143 1287 1765 1341; baseline -0.002 -12"><span class='ocrx_word' id='word_1_118' title='bbox 143 1304 261 1341; x_wconf 85' lang='lat' dir='ltr'>spem</span> <span class='ocrx_word' id='word_1_119' title='bbox 289 1290 422 1340; x_wconf 79' lang='lat' dir='ltr'>frugis</span> <span class='ocrx_word' id='word_1_120' title='bbox 453 1289 720 1339; x_wconf 85' lang='lat' dir='ltr'>ampliorem,</span> <span class='ocrx_word' id='word_1_121' title='bbox 745 1289 916 1338; x_wconf 87' lang='lat' dir='ltr'>quando</span> <span class='ocrx_word' id='word_1_122' title='bbox 939 1301 987 1328; x_wconf 89' lang='lat' dir='ltr'>eo</span> <span class='ocrx_word' id='word_1_123' title='bbox 1012 1288 1032 1313; x_wconf 73' lang='lat' dir='ltr'>d</span> <span class='ocrx_word' id='word_1_124' title='bbox 1052 1288 1226 1339; x_wconf 87' lang='lat' dir='ltr'>penitus</span> <span class='ocrx_word' id='word_1_125' title='bbox 1246 1288 1486 1326; x_wconf 81' lang='lat' dir='ltr'>transmissi</span> <span class='ocrx_word' id='word_1_126' title='bbox 1515 1293 1614 1326; x_wconf 90' lang='lat' dir='ltr'>sunt</span> <span class='ocrx_word' id='word_1_127' title='bbox 1641 1287 1765 1326; x_wconf 90' lang='lat' dir='ltr'>disci-</span> 
     </span>
     <span class='ocr_line' id='line_1_16' title="bbox 142 1359 1765 1413; baseline -0.002 -13"><span class='ocrx_word' id='word_1_128' title='bbox 142 1361 243 1413; x_wconf 89' lang='lat' dir='ltr'>puli,</span> <span class='ocrx_word' id='word_1_129' title='bbox 267 1361 339 1399; x_wconf 90' lang='lat' dir='ltr'>ubi</span> <span class='ocrx_word' id='word_1_130' title='bbox 360 1361 599 1399; x_wconf 89' lang='lat' dir='ltr'>lectionum</span> <span class='ocrx_word' id='word_1_131' title='bbox 622 1367 640 1385; x_wconf 77' lang='lat' dir='ltr'>e</span> <span class='ocrx_word' id='word_1_132' title='bbox 661 1361 900 1398; x_wconf 86' lang='lat' dir='ltr'>florescunt</span> <span class='ocrx_word' id='word_1_133' title='bbox 922 1359 1227 1411; x_wconf 75' lang='lat' dir='ltr'>cogitationes</span> <span class='ocrx_word' id='word_1_134' title='bbox 1248 1364 1293 1397; x_wconf 90' lang='lat' dir='ltr'>et</span> <span class='ocrx_word' id='word_1_135' title='bbox 1313 1360 1448 1397; x_wconf 89' lang='lat' dir='ltr'>maior</span> <span class='ocrx_word' id='word_1_136' title='bbox 1470 1360 1765 1398; x_wconf 86' lang='lat' dir='ltr'>studiosorum</span> 
     </span>
     <span class='ocr_line' id='line_1_17' title="bbox 143 1430 1764 1484; baseline -0.001 -13"><span class='ocrx_word' id='word_1_137' title='bbox 143 1433 263 1484; x_wconf 80' lang='lat' dir='ltr'>degit</span> <span class='ocrx_word' id='word_1_138' title='bbox 285 1432 530 1470; x_wconf 88' lang='lat' dir='ltr'>multitudo.</span> <span class='ocrx_word' id='word_1_139' title='bbox 555 1430 642 1470; x_wconf 84' lang='lat' dir='ltr'>Sed</span> <span class='ocrx_word' id='word_1_140' title='bbox 668 1444 721 1470; x_wconf 78' lang='lat' dir='ltr'>ue</span> <span class='ocrx_word' id='word_1_141' title='bbox 741 1430 932 1483; x_wconf 73' lang='lat' dir='ltr'>singula</span> <span class='ocrx_word' id='word_1_142' title='bbox 950 1432 1258 1481; x_wconf 74' lang='lat' dir='ltr'>prosequutus</span> <span class='ocrx_word' id='word_1_143' title='bbox 1279 1444 1391 1482; x_wconf 78' lang='lat' dir='ltr'>quae</span> <span class='ocrx_word' id='word_1_144' title='bbox 1408 1433 1588 1482; x_wconf 76' lang='lat' dir='ltr'>possent</span> <span class='ocrx_word' id='word_1_145' title='bbox 1617 1444 1764 1471; x_wconf 86' lang='lat' dir='ltr'>recen-</span> 
     </span>
     <span class='ocr_line' id='line_1_18' title="bbox 140 1502 1765 1553; baseline -0.001 -11"><span class='ocrx_word' id='word_1_146' title='bbox 140 1503 246 1551; x_wconf 85' lang='lat' dir='ltr'>seri,</span> <span class='ocrx_word' id='word_1_147' title='bbox 271 1502 444 1542; x_wconf 70' lang='lat' dir='ltr'>diutius</span> <span class='ocrx_word' id='word_1_148' title='bbox 466 1515 738 1550; x_wconf 83' lang='lat' dir='ltr'>commorer,</span> <span class='ocrx_word' id='word_1_149' title='bbox 769 1503 941 1541; x_wconf 90' lang='lat' dir='ltr'>ueniam</span> <span class='ocrx_word' id='word_1_150' title='bbox 971 1516 1085 1542; x_wconf 87' lang='lat' dir='ltr'>nunc</span> <span class='ocrx_word' id='word_1_151' title='bbox 1119 1503 1173 1541; x_wconf 88' lang='lat' dir='ltr'>ad</span> <span class='ocrx_word' id='word_1_152' title='bbox 1204 1515 1256 1541; x_wconf 90' lang='lat' dir='ltr'>ea</span> <span class='ocrx_word' id='word_1_153' title='bbox 1285 1515 1395 1553; x_wconf 92' lang='lat' dir='ltr'>quae</span> <span class='ocrx_word' id='word_1_154' title='bbox 1427 1504 1486 1541; x_wconf 79' lang='lat' dir='ltr'>ad</span> <span class='ocrx_word' id='word_1_155' title='bbox 1515 1508 1765 1542; x_wconf 89' lang='lat' dir='ltr'>nostrorum</span> 
     </span>
     <span class='ocr_line' id='line_1_19' title="bbox 144 1575 1315 1626; baseline -0.003 -12"><span class='ocrx_word' id='word_1_156' title='bbox 144 1588 275 1626; x_wconf 87' lang='lat' dir='ltr'>opera</span> <span class='ocrx_word' id='word_1_157' title='bbox 305 1575 315 1599; x_wconf 77' lang='lat' dir='ltr'>f</span> <span class='ocrx_word' id='word_1_158' title='bbox 335 1579 616 1612; x_wconf 84' lang='lat' dir='ltr'>externorum</span> <span class='ocrx_word' id='word_1_159' title='bbox 638 1575 988 1613; x_wconf 78' lang='lat' dir='ltr'>emolumentum</span> <span class='ocrx_word' id='word_1_160' title='bbox 1009 1581 1032 1607; x_wconf 64' lang='lat' dir='ltr'>g</span> <span class='ocrx_word' id='word_1_161' title='bbox 1055 1579 1182 1624; x_wconf 84' lang='lat' dir='ltr'>gesta</span> <span class='ocrx_word' id='word_1_162' title='bbox 1203 1578 1315 1612; x_wconf 92' lang='lat' dir='ltr'>sunt.</span> 
     </span>
    </p>

    <p class='ocr_par' dir='ltr' id='par_1_3' title="bbox 145 1644 1770 2552">
     <span class='ocr_line' id='line_1_20' title="bbox 197 1644 1767 1697; baseline -0.001 -13"><span class='ocrx_word' id='word_1_163' title='bbox 197 1657 234 1684; x_wconf 88' lang='lat'>2.</span> <span class='ocrx_word' id='word_1_164' title='bbox 293 1647 477 1697; x_wconf 89' lang='lat' dir='ltr'>Nequeo</span> <span class='ocrx_word' id='word_1_165' title='bbox 495 1646 642 1683; x_wconf 86' lang='lat' dir='ltr'>uerbis</span> <span class='ocrx_word' id='word_1_166' title='bbox 662 1645 850 1695; x_wconf 79' lang='lat' dir='ltr'>assequi,</span> <span class='ocrx_word' id='word_1_167' title='bbox 875 1646 922 1683; x_wconf 79' lang='lat' dir='ltr'>R.</span> <span class='ocrx_word' id='word_1_168' title='bbox 957 1646 1021 1693; x_wconf 64' lang='lat' dir='ltr'>P„</span> <span class='ocrx_word' id='word_1_169' title='bbox 1046 1646 1165 1695; x_wconf 83' lang='lat' dir='ltr'>quod</span> <span class='ocrx_word' id='word_1_170' title='bbox 1185 1644 1205 1669; x_wconf 80' lang='lat'>¹¹</span> <span class='ocrx_word' id='word_1_171' title='bbox 1228 1645 1271 1683; x_wconf 88' lang='lat' dir='ltr'>in</span> <span class='ocrx_word' id='word_1_172' title='bbox 1301 1645 1382 1683; x_wconf 88' lang='lat' dir='ltr'>hac</span> <span class='ocrx_word' id='word_1_173' title='bbox 1403 1645 1512 1683; x_wconf 87' lang='lat' dir='ltr'>vrbe</span> <span class='ocrx_word' id='word_1_174' title='bbox 1534 1645 1767 1684; x_wconf 90' lang='lat' dir='ltr'>crebrerri-</span> 
     </span>
     <span class='ocr_line' id='line_1_21' title="bbox 145 1715 1766 1765; baseline -0.001 -10"><span class='ocrx_word' id='word_1_175' title='bbox 145 1718 223 1755; x_wconf 89' lang='lat' dir='ltr'>mis</span> <span class='ocrx_word' id='word_1_176' title='bbox 255 1719 301 1756; x_wconf 83' lang='lat' dir='ltr'>R.</span> <span class='ocrx_word' id='word_1_177' title='bbox 336 1718 473 1755; x_wconf 90' lang='lat' dir='ltr'>Patris</span> <span class='ocrx_word' id='word_1_178' title='bbox 504 1716 640 1765; x_wconf 88' lang='lat' dir='ltr'>nostrj</span> <span class='ocrx_word' id='word_1_179' title='bbox 674 1717 958 1755; x_wconf 85' lang='lat' dir='ltr'>Prouincialis</span> <span class='ocrx_word' id='word_1_180' title='bbox 989 1716 1291 1764; x_wconf 92' lang='lat' dir='ltr'>concionibus,</span> <span class='ocrx_word' id='word_1_181' title='bbox 1315 1716 1411 1754; x_wconf 92' lang='lat' dir='ltr'>Deo</span> <span class='ocrx_word' id='word_1_182' title='bbox 1440 1715 1568 1764; x_wconf 90' lang='lat' dir='ltr'>duce,</span> <span class='ocrx_word' id='word_1_183' title='bbox 1599 1717 1766 1755; x_wconf 84' lang='lat' dir='ltr'>factum</span> 
     </span>
     <span class='ocr_line' id='line_1_22' title="bbox 145 1776 1768 1839; baseline 0 -13"><span class='ocrx_word' id='word_1_184' title='bbox 145 1790 207 1827; x_wconf 76' lang='lat' dir='ltr'>est</span> <span class='ocrx_word' id='word_1_185' title='bbox 229 1788 258 1836; x_wconf 73' lang='grc' dir='ltr'>ῑ;</span> <span class='ocrx_word' id='word_1_186' title='bbox 281 1788 348 1837; x_wconf 87' lang='lat' dir='ltr'>cuj</span> <span class='ocrx_word' id='word_1_187' title='bbox 382 1776 493 1826; x_wconf 85' lang='lat' dir='ltr'>adeo</span> <span class='ocrx_word' id='word_1_188' title='bbox 524 1788 687 1838; x_wconf 86' lang='lat' dir='ltr'>populi,</span> <span class='ocrx_word' id='word_1_189' title='bbox 719 1793 888 1837; x_wconf 89' lang='lat' dir='ltr'>patrum</span> <span class='ocrx_word' id='word_1_190' title='bbox 910 1801 960 1826; x_wconf 91' lang='lat' dir='ltr'>ac</span> <span class='ocrx_word' id='word_1_191' title='bbox 989 1788 1123 1839; x_wconf 89' lang='lat' dir='ltr'>ipsius</span> <span class='ocrx_word' id='word_1_192' title='bbox 1145 1787 1267 1826; x_wconf 85' lang='lat' dir='ltr'>ducis</span> <span class='ocrx_word' id='word_1_193' title='bbox 1297 1792 1310 1812; x_wconf 78' lang='lat'><strong>²</strong></span> <span class='ocrx_word' id='word_1_194' title='bbox 1339 1787 1506 1826; x_wconf 90' lang='lat' dir='ltr'>animus</span> <span class='ocrx_word' id='word_1_195' title='bbox 1537 1787 1768 1826; x_wconf 90' lang='lat' dir='ltr'>deuinctus</span> 
     </span>
     <span class='ocr_line' id='line_1_23' title="bbox 146 1857 1768 1910; baseline 0 -13"><span class='ocrx_word' id='word_1_196' title='bbox 146 1865 226 1907; x_wconf 82' lang='lat' dir='ltr'>est,</span> <span class='ocrx_word' id='word_1_197' title='bbox 264 1865 309 1897; x_wconf 92' lang='lat' dir='ltr'>ut</span> <span class='ocrx_word' id='word_1_198' title='bbox 345 1872 443 1897; x_wconf 91' lang='lat' dir='ltr'>eum</span> <span class='ocrx_word' id='word_1_199' title='bbox 464 1857 716 1909; x_wconf 63' lang='lat' dir='ltr'>diligentius</span> <span class='ocrx_word' id='word_1_200' title='bbox 750 1859 856 1897; x_wconf 88' lang='lat' dir='ltr'>uitia</span> <span class='ocrx_word' id='word_1_201' title='bbox 885 1871 1086 1910; x_wconf 86' lang='lat' dir='ltr'>quaeque</span> <span class='ocrx_word' id='word_1_202' title='bbox 1120 1859 1422 1910; x_wconf 82' lang='lat' dir='ltr'>increpantem</span> <span class='ocrx_word' id='word_1_203' title='bbox 1456 1858 1604 1897; x_wconf 89' lang='lat' dir='ltr'>audiat</span> <span class='ocrx_word' id='word_1_204' title='bbox 1633 1859 1768 1909; x_wconf 90' lang='lat' dir='ltr'>(quod</span> 
     </span>
     <span class='ocr_line' id='line_1_24' title="bbox 145 1928 1768 1980; baseline 0 -12"><span class='ocrx_word' id='word_1_205' title='bbox 145 1931 216 1968; x_wconf 84' lang='lat' dir='ltr'>uix</span> <span class='ocrx_word' id='word_1_206' title='bbox 238 1930 348 1968; x_wconf 86' lang='lat' dir='ltr'>ullus</span> <span class='ocrx_word' id='word_1_207' title='bbox 378 1930 457 1968; x_wconf 90' lang='lat' dir='ltr'>sibi</span> <span class='ocrx_word' id='word_1_208' title='bbox 486 1934 609 1980; x_wconf 89' lang='lat' dir='ltr'>putat</span> <span class='ocrx_word' id='word_1_209' title='bbox 630 1930 798 1979; x_wconf 88' lang='lat' dir='ltr'>licere),</span> <span class='ocrx_word' id='word_1_210' title='bbox 823 1943 950 1980; x_wconf 87' lang='lat' dir='ltr'>quam</span> <span class='ocrx_word' id='word_1_211' title='bbox 981 1930 1016 1968; x_wconf 91' lang='lat' dir='ltr'>si</span> <span class='ocrx_word' id='word_1_212' title='bbox 1036 1930 1195 1968; x_wconf 88' lang='lat' dir='ltr'>leniter</span> <span class='ocrx_word' id='word_1_213' title='bbox 1225 1928 1399 1968; x_wconf 85' lang='lat' dir='ltr'>laudum</span> <span class='ocrx_word' id='word_1_214' title='bbox 1429 1928 1768 1968; x_wconf 74' lang='lat' dir='ltr'>admirabilita-</span> 
     </span>
     <span class='ocr_line' id='line_1_25' title="bbox 146 2000 1768 2053; baseline -0.001 -13"><span class='ocrx_word' id='word_1_215' title='bbox 146 2004 184 2040; x_wconf 79' lang='lat' dir='ltr'>te</span> <span class='ocrx_word' id='word_1_216' title='bbox 208 2001 219 2033; x_wconf 73' lang='lat' dir='ltr'>J‘</span> <span class='ocrx_word' id='word_1_217' title='bbox 243 2014 368 2040; x_wconf 79' lang='lat' dir='ltr'>aures</span> <span class='ocrx_word' id='word_1_218' title='bbox 390 2002 580 2053; x_wconf 87' lang='lat' dir='ltr'>ipsorum</span> <span class='ocrx_word' id='word_1_219' title='bbox 603 2001 891 2040; x_wconf 90' lang='lat' dir='ltr'>demulceret.</span> <span class='ocrx_word' id='word_1_220' title='bbox 916 2003 1135 2040; x_wconf 92' lang='lat' dir='ltr'>Iactantur</span> <span class='ocrx_word' id='word_1_221' title='bbox 1156 2000 1332 2053; x_wconf 91' lang='lat' dir='ltr'>quidem</span> <span class='ocrx_word' id='word_1_222' title='bbox 1354 2014 1672 2052; x_wconf 84' lang='lat' dir='ltr'>saepenumero</span> <span class='ocrx_word' id='word_1_223' title='bbox 1693 2001 1768 2039; x_wconf 54' lang='lat' dir='ltr'>fal-1</span> 
     </span>
     <span class='ocr_line' id='line_1_26' title="bbox 147 2073 1770 2124; baseline 0 -14"><span class='ocrx_word' id='word_1_224' title='bbox 147 2074 182 2111; x_wconf 85' lang='lat' dir='ltr'>si</span> <span class='ocrx_word' id='word_1_225' title='bbox 211 2078 389 2124; x_wconf 85' lang='lat' dir='ltr'>propter</span> <span class='ocrx_word' id='word_1_226' title='bbox 418 2074 735 2112; x_wconf 89' lang='lat' dir='ltr'>maleuolorum</span> <span class='ocrx_word' id='word_1_227' title='bbox 766 2073 1051 2112; x_wconf 89' lang='lat' dir='ltr'>inuidentiam</span> <span class='ocrx_word' id='word_1_228' title='bbox 1073 2086 1287 2121; x_wconf 87' lang='lat' dir='ltr'>rumores,</span> <span class='ocrx_word' id='word_1_229' title='bbox 1310 2074 1396 2124; x_wconf 87' lang='lat' dir='ltr'>qui,</span> <span class='ocrx_word' id='word_1_230' title='bbox 1420 2073 1623 2124; x_wconf 89' lang='lat' dir='ltr'>quoniam</span> <span class='ocrx_word' id='word_1_231' title='bbox 1644 2073 1770 2111; x_wconf 88' lang='lat' dir='ltr'>nullis</span> 
     </span>
     <span class='ocr_line' id='line_1_27' title="bbox 148 2144 1770 2196; baseline 0 -14"><span class='ocrx_word' id='word_1_232' title='bbox 148 2145 239 2182; x_wconf 90' lang='lat' dir='ltr'>ueri</span> <span class='ocrx_word' id='word_1_233' title='bbox 273 2145 563 2183; x_wconf 83' lang='lat' dir='ltr'>fundamentis</span> <span class='ocrx_word' id='word_1_234' title='bbox 594 2146 848 2192; x_wconf 90' lang='lat' dir='ltr'>innituntur,</span> <span class='ocrx_word' id='word_1_235' title='bbox 885 2150 1042 2196; x_wconf 86' lang='lat' dir='ltr'>sponte</span> <span class='ocrx_word' id='word_1_236' title='bbox 1082 2146 1142 2183; x_wconf 77' lang='lat' dir='ltr'>ad</span> <span class='ocrx_word' id='word_1_237' title='bbox 1176 2146 1351 2184; x_wconf 79' lang='lat' dir='ltr'>terram</span> <span class='ocrx_word' id='word_1_238' title='bbox 1386 2144 1636 2183; x_wconf 91' lang='lat' dir='ltr'>concidunt.</span> <span class='ocrx_word' id='word_1_239' title='bbox 1671 2144 1770 2182; x_wconf 90' lang='lat' dir='ltr'>Fuit</span> 
     </span>
     <span class='ocr_line' id='line_1_28' title="bbox 146 2215 1770 2265; baseline 0 -12"><span class='ocrx_word' id='word_1_240' title='bbox 146 2229 231 2253; x_wconf 92' lang='lat' dir='ltr'>non</span> <span class='ocrx_word' id='word_1_241' title='bbox 253 2217 404 2263; x_wconf 90' lang='lat' dir='ltr'>semel,</span> <span class='ocrx_word' id='word_1_242' title='bbox 430 2221 474 2254; x_wconf 91' lang='lat' dir='ltr'>et</span> <span class='ocrx_word' id='word_1_243' title='bbox 495 2215 712 2265; x_wconf 87' lang='lat' dir='ltr'>demortuj</span> <span class='ocrx_word' id='word_1_244' title='bbox 735 2217 748 2236; x_wconf 86' lang='lat'>³</span> <span class='ocrx_word' id='word_1_245' title='bbox 771 2221 815 2254; x_wconf 92' lang='lat' dir='ltr'>et</span> <span class='ocrx_word' id='word_1_246' title='bbox 835 2216 962 2254; x_wconf 91' lang='lat' dir='ltr'>huius</span> <span class='ocrx_word' id='word_1_247' title='bbox 983 2215 1105 2255; x_wconf 90' lang='lat' dir='ltr'>ducis</span> <span class='ocrx_word' id='word_1_248' title='bbox 1126 2216 1260 2264; x_wconf 88' lang='lat' dir='ltr'>iussu,</span> <span class='ocrx_word' id='word_1_249' title='bbox 1279 2216 1332 2254; x_wconf 93' lang='lat' dir='ltr'>D.</span> <span class='ocrx_word' id='word_1_250' title='bbox 1352 2215 1486 2255; x_wconf 89' lang='lat' dir='ltr'>Marci</span> <span class='ocrx_word' id='word_1_251' title='bbox 1503 2216 1648 2254; x_wconf 87' lang='lat' dir='ltr'>oblata</span> <span class='ocrx_word' id='word_1_252' title='bbox 1668 2229 1770 2254; x_wconf 89' lang='lat' dir='ltr'>con-</span> 
     </span>
     <span class='ocr_line' id='line_1_29' title="bbox 147 2285 1769 2338; baseline 0 -13"><span class='ocrx_word' id='word_1_253' title='bbox 147 2286 230 2333; x_wconf 81' lang='lat' dir='ltr'>cio,</span> <span class='ocrx_word' id='word_1_254' title='bbox 268 2285 321 2324; x_wconf 89' lang='lat' dir='ltr'>ad</span> <span class='ocrx_word' id='word_1_255' title='bbox 343 2300 469 2336; x_wconf 89' lang='lat' dir='ltr'>quam</span> <span class='ocrx_word' id='word_1_256' title='bbox 504 2300 591 2325; x_wconf 93' lang='lat' dir='ltr'>non</span> <span class='ocrx_word' id='word_1_257' title='bbox 626 2288 685 2325; x_wconf 90' lang='lat' dir='ltr'>ita</span> <span class='ocrx_word' id='word_1_258' title='bbox 720 2287 898 2326; x_wconf 88' lang='lat' dir='ltr'>cuilibet</span> <span class='ocrx_word' id='word_1_259' title='bbox 932 2287 1070 2326; x_wconf 84' lang='lat' dir='ltr'>facilis</span> <span class='ocrx_word' id='word_1_260' title='bbox 1103 2292 1225 2338; x_wconf 84' lang='lat' dir='ltr'>patet</span> <span class='ocrx_word' id='word_1_261' title='bbox 1259 2299 1310 2325; x_wconf 86' lang='lat' dir='ltr'>ae</span> <span class='ocrx_word' id='word_1_262' title='bbox 1345 2287 1576 2338; x_wconf 87' lang='lat' dir='ltr'>expeditus</span> <span class='ocrx_word' id='word_1_263' title='bbox 1610 2287 1769 2335; x_wconf 81' lang='lat' dir='ltr'>aditus3</span> 
     </span>
     <span class='ocr_line' id='line_1_30' title="bbox 147 2357 1769 2409; baseline 0.001 -14"><span class='ocrx_word' id='word_1_264' title='bbox 147 2371 241 2396; x_wconf 85' lang='lat' dir='ltr'>eam</span> <span class='ocrx_word' id='word_1_265' title='bbox 263 2363 407 2396; x_wconf 85' lang='lat' dir='ltr'>tamen</span> <span class='ocrx_word' id='word_1_266' title='bbox 429 2357 514 2397; x_wconf 77' lang='lat' dir='ltr'>hac</span> <span class='ocrx_word' id='word_1_267' title='bbox 536 2360 641 2397; x_wconf 81' lang='lat' dir='ltr'>aede</span> <span class='ocrx_word' id='word_1_268' title='bbox 659 2357 900 2398; x_wconf 72' lang='lat' dir='ltr'>societatis</span> <span class='ocrx_word' id='word_1_269' title='bbox 920 2358 1069 2398; x_wconf 77' lang='lat' dir='ltr'>nescio</span> <span class='ocrx_word' id='word_1_270' title='bbox 1091 2360 1261 2409; x_wconf 78' lang='lat' dir='ltr'>quanto</span> <span class='ocrx_word' id='word_1_271' title='bbox 1282 2357 1648 2406; x_wconf 79' lang='lat' dir='ltr'>commodiorem,</span> <span class='ocrx_word' id='word_1_272' title='bbox 1671 2372 1769 2397; x_wconf 89' lang='lat' dir='ltr'>cum</span> 
     </span>
     <span class='ocr_line' id='line_1_31' title="bbox 146 2429 1769 2481; baseline 0.001 -15"><span class='ocrx_word' id='word_1_273' title='bbox 146 2429 283 2467; x_wconf 89' lang='lat' dir='ltr'>nollet</span> <span class='ocrx_word' id='word_1_274' title='bbox 304 2429 520 2480; x_wconf 88' lang='lat' dir='ltr'>accipere,</span> <span class='ocrx_word' id='word_1_275' title='bbox 544 2429 753 2468; x_wconf 91' lang='lat' dir='ltr'>maiorem</span> <span class='ocrx_word' id='word_1_276' title='bbox 774 2430 888 2481; x_wconf 89' lang='lat' dir='ltr'>apud</span> <span class='ocrx_word' id='word_1_277' title='bbox 908 2430 1127 2481; x_wconf 88' lang='lat' dir='ltr'>principes</span> <span class='ocrx_word' id='word_1_278' title='bbox 1144 2433 1332 2468; x_wconf 90' lang='lat' dir='ltr'>venetos</span> <span class='ocrx_word' id='word_1_279' title='bbox 1360 2442 1533 2468; x_wconf 89' lang='lat' dir='ltr'>suarum</span> <span class='ocrx_word' id='word_1_280' title='bbox 1553 2429 1769 2468; x_wconf 89' lang='lat' dir='ltr'>rationum</span> 
     </span>
     <span class='ocr_line' id='line_1_32' title="bbox 147 2499 1767 2552; baseline 0.001 -15"><span class='ocrx_word' id='word_1_281' title='bbox 147 2499 477 2538; x_wconf 83' lang='lat' dir='ltr'>admirationem</span> <span class='ocrx_word' id='word_1_282' title='bbox 512 2500 736 2539; x_wconf 87' lang='lat' dir='ltr'>excitauit.</span> <span class='ocrx_word' id='word_1_283' title='bbox 765 2502 857 2552; x_wconf 90' lang='lat' dir='ltr'>Jam</span> <span class='ocrx_word' id='word_1_284' title='bbox 892 2513 999 2540; x_wconf 89' lang='lat' dir='ltr'>uero</span> <span class='ocrx_word' id='word_1_285' title='bbox 1035 2506 1307 2552; x_wconf 87' lang='lat' dir='ltr'>quantopere</span> <span class='ocrx_word' id='word_1_286' title='bbox 1340 2512 1538 2540; x_wconf 88' lang='lat' dir='ltr'>annonae</span> <span class='ocrx_word' id='word_1_287' title='bbox 1572 2501 1767 2552; x_wconf 79' lang='lat' dir='ltr'>penuria,</span> 
     </span>
    </p>
   </div>
   <div class='ocr_carea' id='block_1_3' title="bbox 148 2667 1769 2834">
    <p class='ocr_par' dir='ltr' id='par_1_4' title="bbox 148 2667 1769 2834">
     <span class='ocr_line' id='line_1_33' title="bbox 195 2667 1769 2714; baseline -0.001 -10"><span class='ocrx_word' id='word_1_288' title='bbox 195 2676 213 2693; x_wconf 72' lang='lat' dir='ltr'>a</span> <span class='ocrx_word' id='word_1_289' title='bbox 250 2669 434 2705; x_wconf 86' lang='lat' dir='ltr'>alacrior.</span> <span class='ocrx_word' id='word_1_290' title='bbox 488 2669 553 2693; x_wconf 82' lang='lat' dir='ltr'>—b</span> <span class='ocrx_word' id='word_1_291' title='bbox 574 2667 727 2705; x_wconf 82' lang='lat' dir='ltr'>Praec.</span> <span class='ocrx_word' id='word_1_292' title='bbox 749 2679 788 2704; x_wconf 89' lang='lat' dir='ltr'>v.</span> <span class='ocrx_word' id='word_1_293' title='bbox 809 2672 947 2713; x_wconf 75' lang='lat' dir='ltr'>supra</span> <span class='ocrx_word' id='word_1_294' title='bbox 961 2678 1183 2711; x_wconf 84' lang='lat' dir='ltr'>vers.,·nec</span> <span class='ocrx_word' id='word_1_295' title='bbox 1196 2670 1382 2713; x_wconf 76' lang='lat' dir='ltr'>apparet</span> <span class='ocrx_word' id='word_1_296' title='bbox 1397 2670 1549 2704; x_wconf 86' lang='lat' dir='ltr'>utrum</span> <span class='ocrx_word' id='word_1_297' title='bbox 1565 2667 1693 2714; x_wconf 86' lang='lat' dir='ltr'>ipsum</span> <span class='ocrx_word' id='word_1_298' title='bbox 1709 2677 1769 2703; x_wconf 86' lang='lat' dir='ltr'>an</span> 
     </span>
     <span class='ocr_line' id='line_1_34' title="bbox 148 2725 1766 2773; baseline 0 -11"><span class='ocrx_word' id='word_1_299' title='bbox 148 2727 233 2771; x_wconf 83' lang='lat' dir='ltr'>ipsa</span> <span class='ocrx_word' id='word_1_300' title='bbox 253 2727 500 2773; x_wconf 81' lang='lat' dir='ltr'>legendum.</span> <span class='ocrx_word' id='word_1_301' title='bbox 556 2734 618 2752; x_wconf 82' lang='lat'>—0</span> <span class='ocrx_word' id='word_1_302' title='bbox 640 2739 701 2763; x_wconf 83' lang='lat' dir='ltr'>ex.</span> <span class='ocrx_word' id='word_1_303' title='bbox 756 2727 822 2751; x_wconf 80' lang='lat' dir='ltr'>—d</span> <span class='ocrx_word' id='word_1_304' title='bbox 838 2726 1066 2763; x_wconf 86' lang='lat' dir='ltr'>Patauium.</span> <span class='ocrx_word' id='word_1_305' title='bbox 1123 2734 1188 2752; x_wconf 72' lang='lat' dir='ltr'>-e</span> <span class='ocrx_word' id='word_1_306' title='bbox 1210 2730 1249 2763; x_wconf 80' lang='lat' dir='ltr'>et</span> <span class='ocrx_word' id='word_1_307' title='bbox 1268 2725 1602 2763; x_wconf 86' lang='lat' dir='ltr'>exercitationum</span> <span class='ocrx_word' id='word_1_308' title='bbox 1621 2725 1766 2763; x_wconf 87' lang='lat' dir='ltr'>studia.</span> 
     </span>
     <span class='ocr_line' id='line_1_35' title="bbox 148 2785 1752 2834; baseline -0.001 -11"><span class='ocrx_word' id='word_1_309' title='bbox 148 2788 207 2813; x_wconf 74' lang='lat' dir='ltr'>-t</span> <span class='ocrx_word' id='word_1_310' title='bbox 232 2787 294 2824; x_wconf 93' lang='lat' dir='ltr'>ad.</span> <span class='ocrx_word' id='word_1_311' title='bbox 320 2794 391 2820; x_wconf 77' lang='lat' dir='ltr'>——g</span> <span class='ocrx_word' id='word_1_312' title='bbox 403 2786 641 2834; x_wconf 81' lang='lat' dir='ltr'>profectum.</span> <span class='ocrx_word' id='word_1_313' title='bbox 677 2787 744 2811; x_wconf 78' lang='lat' dir='ltr'>—h</span> <span class='ocrx_word' id='word_1_314' title='bbox 765 2790 973 2833; x_wconf 88' lang='lat' dir='ltr'>quantum.</span> <span class='ocrx_word' id='word_1_315' title='bbox 1012 2787 1068 2812; x_wconf 64' lang='lat' dir='ltr'>—i</span> <span class='ocrx_word' id='word_1_316' title='bbox 1098 2785 1321 2833; x_wconf 76' lang='lat' dir='ltr'>perfectum</span> <span class='ocrx_word' id='word_1_317' title='bbox 1336 2785 1399 2823; x_wconf 86' lang='lat' dir='ltr'>sit.</span> <span class='ocrx_word' id='word_1_318' title='bbox 1441 2785 1497 2818; x_wconf 85' lang='lat' dir='ltr'>—J&#39;</span> <span class='ocrx_word' id='word_1_319' title='bbox 1525 2785 1752 2833; x_wconf 79' lang='lat' dir='ltr'>praeconiis</span> 
     </span>
    </p>
   </div>
   <div class='ocr_carea' id='block_1_4' title="bbox 196 2947 1230 3120">
    <p class='ocr_par' dir='ltr' id='par_1_5' title="bbox 196 2947 1230 3120">
     <span class='ocr_line' id='line_1_36' title="bbox 198 2947 759 2986; baseline -0.002 0"><span class='ocrx_word' id='word_1_320' title='bbox 198 2951 205 2969; x_wconf 94' lang='lat'>¹</span> <span class='ocrx_word' id='word_1_321' title='bbox 258 2949 305 2986; x_wconf 91' lang='lat' dir='ltr'>P.</span> <span class='ocrx_word' id='word_1_322' title='bbox 325 2947 570 2986; x_wconf 85' lang='lat' dir='ltr'>Benedictus</span> <span class='ocrx_word' id='word_1_323' title='bbox 588 2947 759 2985; x_wconf 87' lang='lat' dir='ltr'>Palmio.</span> 
     </span>
     <span class='ocr_line' id='line_1_37' title="bbox 196 3006 692 3055; baseline 0 -10"><span class='ocrx_word' id='word_1_324' title='bbox 196 3008 210 3028; x_wconf 77' lang='lat'><strong>²</strong></span> <span class='ocrx_word' id='word_1_325' title='bbox 259 3008 533 3055; x_wconf 88' lang='lat' dir='ltr'>Hieronymus</span> <span class='ocrx_word' id='word_1_326' title='bbox 550 3006 692 3045; x_wconf 87' lang='lat' dir='ltr'>Priuli.</span> 
     </span>
     <span class='ocr_line' id='line_1_38' title="bbox 197 3066 1230 3120; baseline 0.003 -16"><span class='ocrx_word' id='word_1_327' title='bbox 197 3068 210 3088; x_wconf 84' lang='lat'>³</span> <span class='ocrx_word' id='word_1_328' title='bbox 260 3066 508 3109; x_wconf 83' lang='lat' dir='ltr'>Laurentius</span> <span class='ocrx_word' id='word_1_329' title='bbox 526 3067 668 3112; x_wconf 83' lang='lat' dir='ltr'>Priuli,</span> <span class='ocrx_word' id='word_1_330' title='bbox 688 3066 844 3107; x_wconf 87' lang='lat' dir='ltr'>obierat</span> <span class='ocrx_word' id='word_1_331' title='bbox 864 3068 906 3104; x_wconf 92' lang='lat'>17</span> <span class='ocrx_word' id='word_1_332' title='bbox 925 3067 1108 3120; x_wconf 84' lang='lat' dir='ltr'>Augusti</span> <span class='ocrx_word' id='word_1_333' title='bbox 1127 3067 1230 3107; x_wconf 80' lang='lat'><strong>1559.</strong></span> 
     </span>
    </p>
   </div>
  </div>
 </body>
</html>
