<?xml version="1.0" encoding="UTF-8"?>
<!DOCTYPE html PUBLIC "-//W3C//DTD XHTML 1.0 Transitional//EN"
    "http://www.w3.org/TR/xhtml1/DTD/xhtml1-transitional.dtd">
<html xmlns="http://www.w3.org/1999/xhtml" xml:lang="en" lang="en">
 <head>
  <title>
</title>
<meta http-equiv="Content-Type" content="text/html;charset=utf-8" />
  <meta name='ocr-system' content='tesseract 3.04.00' />
  <meta name='ocr-capabilities' content='ocr_page ocr_carea ocr_par ocr_line ocrx_word'/>
</head>
<body>
  <div class='ocr_page' id='page_1' title='image "./litteraequadrime1806lain_0464.png"; bbox 0 0 1908 3446; ppageno 0'>
   <div class='ocr_carea' id='block_1_1' title="bbox 1802 401 1908 3446">
    <p class='ocr_par' dir='ltr' id='par_1_1' title="bbox 1802 401 1908 3446">
     <span class='ocr_line' id='line_1_1' title="bbox 1864 401 1908 611; baseline 0 -70"><span class='ocrx_word' id='word_1_1' title='bbox 1864 401 1908 611; x_wconf 95' lang='lat' dir='ltr'>   </span> 
     </span>
     <span class='ocr_line' id='line_1_2' title="bbox 1864 611 1908 681; baseline 0 2765"><span class='ocrx_word' id='word_1_2' title='bbox 1864 611 1908 681; x_wconf 95' lang='lat' dir='ltr'> </span> 
     </span>
     <span class='ocr_line' id='line_1_3' title="bbox 1863 681 1908 754; baseline 0 2692"><span class='ocrx_word' id='word_1_3' title='bbox 1863 681 1908 754; x_wconf 95' lang='lat' dir='ltr'> </span> 
     </span>
     <span class='ocr_line' id='line_1_4' title="bbox 1863 754 1908 824; baseline 0 2622"><span class='ocrx_word' id='word_1_4' title='bbox 1863 754 1908 824; x_wconf 95' lang='lat' dir='ltr'> </span> 
     </span>
     <span class='ocr_line' id='line_1_5' title="bbox 1863 824 1908 897; baseline 0 2549"><span class='ocrx_word' id='word_1_5' title='bbox 1863 824 1908 897; x_wconf 95' lang='lat' dir='ltr'> </span> 
     </span>
     <span class='ocr_line' id='line_1_6' title="bbox 1863 897 1908 968; baseline 0 2478"><span class='ocrx_word' id='word_1_6' title='bbox 1863 897 1908 968; x_wconf 95' lang='lat' dir='ltr'> </span> 
     </span>
     <span class='ocr_line' id='line_1_7' title="bbox 1863 968 1908 1039; baseline 0 2407"><span class='ocrx_word' id='word_1_7' title='bbox 1863 968 1908 1039; x_wconf 95' lang='lat' dir='ltr'> </span> 
     </span>
     <span class='ocr_line' id='line_1_8' title="bbox 1862 1039 1908 1112; baseline 0 2334"><span class='ocrx_word' id='word_1_8' title='bbox 1862 1039 1908 1112; x_wconf 95' lang='lat' dir='ltr'> </span> 
     </span>
     <span class='ocr_line' id='line_1_9' title="bbox 1862 1112 1908 1255; baseline 0 0"><span class='ocrx_word' id='word_1_9' title='bbox 1862 1112 1908 1255; x_wconf 95' lang='lat' dir='ltr'>   </span> 
     </span>
     <span class='ocr_line' id='line_1_10' title="bbox 1863 1255 1908 1327; baseline 0 2119"><span class='ocrx_word' id='word_1_10' title='bbox 1863 1255 1908 1327; x_wconf 95' lang='lat' dir='ltr'> </span> 
     </span>
     <span class='ocr_line' id='line_1_11' title="bbox 1861 1327 1908 1397; baseline 0 2049"><span class='ocrx_word' id='word_1_11' title='bbox 1861 1327 1908 1397; x_wconf 95' lang='lat' dir='ltr'> </span> 
     </span>
     <span class='ocr_line' id='line_1_12' title="bbox 1861 1397 1908 1611; baseline 0 -70"><span class='ocrx_word' id='word_1_12' title='bbox 1861 1397 1908 1611; x_wconf 95' lang='lat' dir='ltr'>    </span> 
     </span>
     <span class='ocr_line' id='line_1_13' title="bbox 1858 1611 1908 1825; baseline 0 0"><span class='ocrx_word' id='word_1_13' title='bbox 1858 1611 1908 1825; x_wconf 95' lang='lat' dir='ltr'>   </span> 
     </span>
     <span class='ocr_line' id='line_1_14' title="bbox 1858 1825 1908 1894; baseline 0 1552"><span class='ocrx_word' id='word_1_14' title='bbox 1858 1825 1908 1894; x_wconf 95' lang='lat' dir='ltr'> </span> 
     </span>
     <span class='ocr_line' id='line_1_15' title="bbox 1853 1894 1908 1965; baseline 0 1481"><span class='ocrx_word' id='word_1_15' title='bbox 1853 1894 1908 1965; x_wconf 95' lang='lat' dir='ltr'> </span> 
     </span>
     <span class='ocr_line' id='line_1_16' title="bbox 1853 1965 1908 2038; baseline 0 1408"><span class='ocrx_word' id='word_1_16' title='bbox 1853 1965 1908 2038; x_wconf 95' lang='lat' dir='ltr'> </span> 
     </span>
     <span class='ocr_line' id='line_1_17' title="bbox 1852 2038 1908 2107; baseline 0 1339"><span class='ocrx_word' id='word_1_17' title='bbox 1852 2038 1908 2107; x_wconf 95' lang='lat' dir='ltr'> </span> 
     </span>
     <span class='ocr_line' id='line_1_18' title="bbox 1850 2107 1908 2180; baseline 0 1266"><span class='ocrx_word' id='word_1_18' title='bbox 1850 2107 1908 2180; x_wconf 95' lang='lat' dir='ltr'> </span> 
     </span>
     <span class='ocr_line' id='line_1_19' title="bbox 1850 2180 1908 2251; baseline 0 1195"><span class='ocrx_word' id='word_1_19' title='bbox 1850 2180 1908 2251; x_wconf 95' lang='lat' dir='ltr'> </span> 
     </span>
     <span class='ocr_line' id='line_1_20' title="bbox 1848 2251 1908 2325; baseline 0 1121"><span class='ocrx_word' id='word_1_20' title='bbox 1848 2251 1908 2325; x_wconf 95' lang='lat' dir='ltr'> </span> 
     </span>
     <span class='ocr_line' id='line_1_21' title="bbox 1848 2325 1908 2393; baseline 0 1053"><span class='ocrx_word' id='word_1_21' title='bbox 1848 2325 1908 2393; x_wconf 95' lang='lat' dir='ltr'> </span> 
     </span>
     <span class='ocr_line' id='line_1_22' title="bbox 1848 2393 1908 2464; baseline 0 982"><span class='ocrx_word' id='word_1_22' title='bbox 1848 2393 1908 2464; x_wconf 95' lang='lat' dir='ltr'> </span> 
     </span>
     <span class='ocr_line' id='line_1_23' title="bbox 1848 2464 1908 2538; baseline 0 908"><span class='ocrx_word' id='word_1_23' title='bbox 1848 2464 1908 2538; x_wconf 95' lang='lat' dir='ltr'> </span> 
     </span>
     <span class='ocr_line' id='line_1_24' title="bbox 1848 2538 1908 2603; baseline 0 843"><span class='ocrx_word' id='word_1_24' title='bbox 1848 2538 1908 2603; x_wconf 95' lang='lat' dir='ltr'> </span> 
     </span>
     <span class='ocr_line' id='line_1_25' title="bbox 1847 2603 1908 2660; baseline 0 786"><span class='ocrx_word' id='word_1_25' title='bbox 1847 2603 1908 2660; x_wconf 95' lang='lat' dir='ltr'> </span> 
     </span>
     <span class='ocr_line' id='line_1_26' title="bbox 1802 2660 1908 3446; baseline 0 0"><span class='ocrx_word' id='word_1_26' title='bbox 1802 2660 1908 3446; x_wconf 95' lang='lat' dir='ltr'>   </span> 
     </span>
    </p>
   </div>
   <div class='ocr_carea' id='block_1_2' title="bbox 257 218 1332 265">
    <p class='ocr_par' dir='ltr' id='par_1_2' title="bbox 257 218 1332 265">
     <span class='ocr_line' id='line_1_27' title="bbox 257 218 1332 265; baseline 0.005 -13"><span class='ocrx_word' id='word_1_27' title='bbox 257 218 325 256; x_wconf 72' lang='lat'>444</span> <span class='ocrx_word' id='word_1_28' title='bbox 730 220 948 257; x_wconf 81' lang='lat' dir='ltr'><strong>LITTERAE</strong></span> <span class='ocrx_word' id='word_1_29' title='bbox 977 221 1332 265; x_wconf 75' lang='lat' dir='ltr'>QUADmMESTREs</span> 
     </span>
    </p>
   </div>
   <div class='ocr_carea' id='block_1_3' title="bbox 207 320 1882 2583">
    <p class='ocr_par' dir='ltr' id='par_1_3' title="bbox 210 320 1830 374">
     <span class='ocr_line' id='line_1_28' title="bbox 210 320 1830 374; baseline 0.004 -18"><span class='ocrx_word' id='word_1_30' title='bbox 210 320 320 357; x_wconf 88' lang='lat' dir='ltr'>velis</span> <span class='ocrx_word' id='word_1_31' title='bbox 343 333 421 358; x_wconf 88' lang='lat' dir='ltr'>seu</span> <span class='ocrx_word' id='word_1_32' title='bbox 453 321 649 359; x_wconf 82' lang='lat' dir='ltr'>manibus</span> <span class='ocrx_word' id='word_1_33' title='bbox 671 322 711 359; x_wconf 91' lang='lat' dir='ltr'>in</span> <span class='ocrx_word' id='word_1_34' title='bbox 747 322 1069 360; x_wconf 87' lang='lat' dir='ltr'>concauitatem</span> <span class='ocrx_word' id='word_1_35' title='bbox 1101 322 1351 369; x_wconf 87' lang='lat' dir='ltr'>contractis,</span> <span class='ocrx_word' id='word_1_36' title='bbox 1385 335 1605 372; x_wconf 76' lang='lat' dir='ltr'>aspersam</span> <span class='ocrx_word' id='word_1_37' title='bbox 1636 323 1830 374; x_wconf 86' lang='lat' dir='ltr'>recipere</span> 
     </span>
    </p>

    <p class='ocr_par' dir='ltr' id='par_1_4' title="bbox 207 391 1882 2583">
     <span class='ocr_line' id='line_1_29' title="bbox 210 391 1827 444; baseline 0.002 -15"><span class='ocrx_word' id='word_1_38' title='bbox 210 391 417 441; x_wconf 84' lang='lat' dir='ltr'>gaudent.</span> <span class='ocrx_word' id='word_1_39' title='bbox 442 393 633 443; x_wconf 86' lang='lat' dir='ltr'>Suspiria</span> <span class='ocrx_word' id='word_1_40' title='bbox 655 399 699 431; x_wconf 90' lang='lat' dir='ltr'>et</span> <span class='ocrx_word' id='word_1_41' title='bbox 721 395 927 444; x_wconf 84' lang='lat' dir='ltr'>gemitus,</span> <span class='ocrx_word' id='word_1_42' title='bbox 961 393 1133 443; x_wconf 81' lang='lat' dir='ltr'>quando</span> <span class='ocrx_word' id='word_1_43' title='bbox 1156 394 1339 431; x_wconf 89' lang='lat' dir='ltr'>materia</span> <span class='ocrx_word' id='word_1_44' title='bbox 1358 393 1510 431; x_wconf 78' lang='lat' dir='ltr'>incidit</span> <span class='ocrx_word' id='word_1_45' title='bbox 1529 394 1827 444; x_wconf 88' lang='lat' dir='ltr'>lamentabilis,</span> 
     </span>
     <span class='ocr_line' id='line_1_30' title="bbox 209 463 1882 515; baseline 0.002 -15"><span class='ocrx_word' id='word_1_46' title='bbox 209 463 456 510; x_wconf 83' lang='lat' dir='ltr'>audiuntur,</span> <span class='ocrx_word' id='word_1_47' title='bbox 490 470 536 501; x_wconf 90' lang='lat' dir='ltr'>ut</span> <span class='ocrx_word' id='word_1_48' title='bbox 565 465 608 502; x_wconf 92' lang='lat' dir='ltr'>in</span> <span class='ocrx_word' id='word_1_49' title='bbox 642 465 797 502; x_wconf 87' lang='lat' dir='ltr'>italicis</span> <span class='ocrx_word' id='word_1_50' title='bbox 833 465 1084 502; x_wconf 86' lang='lat' dir='ltr'>mulieribus</span> <span class='ocrx_word' id='word_1_51' title='bbox 1117 463 1375 515; x_wconf 87' lang='lat' dir='ltr'>contingere</span> <span class='ocrx_word' id='word_1_52' title='bbox 1407 466 1534 503; x_wconf 90' lang='lat' dir='ltr'>solet.</span> <span class='ocrx_word' id='word_1_53' title='bbox 1565 466 1688 503; x_wconf 87' lang='lat' dir='ltr'>Haec</span> <span class='ocrx_word' id='word_1_54' title='bbox 1718 470 1763 503; x_wconf 89' lang='lat' dir='ltr'>et</span> <span class='ocrx_word' id='word_1_55' title='bbox 1791 465 1831 504; x_wconf 92' lang='lat' dir='ltr'>id</span> <span class='ocrx_word' id='word_1_56' title='bbox 1874 502 1882 514; x_wconf 31' lang='grc' dir='ltr'>Μ</span> 
     </span>
     <span class='ocr_line' id='line_1_31' title="bbox 209 535 1831 586; baseline 0.001 -14"><span class='ocrx_word' id='word_1_57' title='bbox 209 547 348 586; x_wconf 86' lang='lat' dir='ltr'>genus</span> <span class='ocrx_word' id='word_1_58' title='bbox 368 536 464 582; x_wconf 86' lang='lat' dir='ltr'>alia,</span> <span class='ocrx_word' id='word_1_59' title='bbox 492 541 538 573; x_wconf 88' lang='lat' dir='ltr'>ut</span> <span class='ocrx_word' id='word_1_60' title='bbox 560 542 658 573; x_wconf 86' lang='lat' dir='ltr'>sunt</span> <span class='ocrx_word' id='word_1_61' title='bbox 679 535 732 573; x_wconf 89' lang='lat' dir='ltr'>ad</span> <span class='ocrx_word' id='word_1_62' title='bbox 755 538 890 574; x_wconf 85' lang='lat' dir='ltr'>altare</span> <span class='ocrx_word' id='word_1_63' title='bbox 911 537 952 574; x_wconf 87' lang='lat' dir='ltr'>in</span> <span class='ocrx_word' id='word_1_64' title='bbox 976 536 1151 573; x_wconf 85' lang='lat' dir='ltr'>summis</span> <span class='ocrx_word' id='word_1_65' title='bbox 1181 535 1306 574; x_wconf 84' lang='lat' dir='ltr'>festis</span> <span class='ocrx_word' id='word_1_66' title='bbox 1328 542 1372 573; x_wconf 93' lang='lat' dir='ltr'>et</span> <span class='ocrx_word' id='word_1_67' title='bbox 1392 549 1472 586; x_wconf 92' lang='lat' dir='ltr'>pro</span> <span class='ocrx_word' id='word_1_68' title='bbox 1506 537 1688 574; x_wconf 79' lang='lat' dir='ltr'>mortuis</span> <span class='ocrx_word' id='word_1_69' title='bbox 1720 537 1831 575; x_wconf 88' lang='lat' dir='ltr'>obla-</span> 
     </span>
     <span class='ocr_line' id='line_1_32' title="bbox 211 605 1832 656; baseline 0.001 -13"><span class='ocrx_word' id='word_1_70' title='bbox 211 606 353 643; x_wconf 79' lang='lat' dir='ltr'>tiones</span> <span class='ocrx_word' id='word_1_71' title='bbox 384 605 640 656; x_wconf 82' lang='lat' dir='ltr'>frequentes</span> <span class='ocrx_word' id='word_1_72' title='bbox 663 612 766 652; x_wconf 80' lang='lat' dir='ltr'>etc.‚</span> <span class='ocrx_word' id='word_1_73' title='bbox 800 607 1007 644; x_wconf 90' lang='lat' dir='ltr'>adiuuant</span> <span class='ocrx_word' id='word_1_74' title='bbox 1028 618 1168 644; x_wconf 88' lang='lat' dir='ltr'>meam</span> <span class='ocrx_word' id='word_1_75' title='bbox 1189 606 1541 645; x_wconf 73' lang='lat' dir='ltr'>incredulitatem</span> <span class='ocrx_word' id='word_1_76' title='bbox 1564 609 1571 627; x_wconf 93' lang='lat'>¹</span> <span class='ocrx_word' id='word_1_77' title='bbox 1608 619 1663 645; x_wconf 90' lang='lat' dir='ltr'>ne</span> <span class='ocrx_word' id='word_1_78' title='bbox 1685 606 1738 646; x_wconf 87' lang='lat' dir='ltr'>de</span> <span class='ocrx_word' id='word_1_79' title='bbox 1769 621 1832 646; x_wconf 85' lang='lat' dir='ltr'>re-</span> 
     </span>
     <span class='ocr_line' id='line_1_33' title="bbox 210 676 1879 728; baseline 0.002 -14"><span class='ocrx_word' id='word_1_80' title='bbox 210 676 416 715; x_wconf 89' lang='lat' dir='ltr'>ductione</span> <span class='ocrx_word' id='word_1_81' title='bbox 457 690 508 715; x_wconf 89' lang='lat' dir='ltr'>ac</span> <span class='ocrx_word' id='word_1_82' title='bbox 548 678 688 715; x_wconf 78' lang='lat' dir='ltr'>salute</span> <span class='ocrx_word' id='word_1_83' title='bbox 724 678 942 715; x_wconf 89' lang='lat' dir='ltr'>communi</span> <span class='ocrx_word' id='word_1_84' title='bbox 980 677 1167 715; x_wconf 87' lang='lat' dir='ltr'>nationis</span> <span class='ocrx_word' id='word_1_85' title='bbox 1202 679 1479 728; x_wconf 76' lang='lat' dir='ltr'>germanicae</span> <span class='ocrx_word' id='word_1_86' title='bbox 1520 679 1832 718; x_wconf 88' lang='lat' dir='ltr'>conclamatum</span> <span class='ocrx_word' id='word_1_87' title='bbox 1872 685 1879 727; x_wconf 53' lang='grc' dir='ltr'>ς’</span> 
     </span>
     <span class='ocr_line' id='line_1_34' title="bbox 210 747 1874 799; baseline 0.002 -13"><span class='ocrx_word' id='word_1_88' title='bbox 210 761 308 786; x_wconf 83' lang='lat' dir='ltr'>esse</span> <span class='ocrx_word' id='word_1_89' title='bbox 339 754 503 797; x_wconf 88' lang='lat' dir='ltr'>putem.</span> <span class='ocrx_word' id='word_1_90' title='bbox 528 749 595 786; x_wconf 89' lang='lat' dir='ltr'>Me</span> <span class='ocrx_word' id='word_1_91' title='bbox 629 749 840 799; x_wconf 80' lang='lat' dir='ltr'>siquidem</span> <span class='ocrx_word' id='word_1_92' title='bbox 870 748 1088 786; x_wconf 86' lang='lat' dir='ltr'>interdum</span> <span class='ocrx_word' id='word_1_93' title='bbox 1112 750 1151 786; x_wconf 88' lang='lat' dir='ltr'>in</span> <span class='ocrx_word' id='word_1_94' title='bbox 1185 750 1268 787; x_wconf 88' lang='lat' dir='ltr'>hac</span> <span class='ocrx_word' id='word_1_95' title='bbox 1297 762 1344 787; x_wconf 89' lang='lat' dir='ltr'>re</span> <span class='ocrx_word' id='word_1_96' title='bbox 1364 750 1383 768; x_wconf 65' lang='lat' dir='ltr'>a</span> <span class='ocrx_word' id='word_1_97' title='bbox 1402 750 1701 787; x_wconf 88' lang='lat' dir='ltr'>nutabundum</span> <span class='ocrx_word' id='word_1_98' title='bbox 1730 750 1834 789; x_wconf 86' lang='lat' dir='ltr'>fecit</span> <span class='ocrx_word' id='word_1_99' title='bbox 1872 747 1874 752; x_wconf 70' lang='grc'>’</span> 
     </span>
     <span class='ocr_line' id='line_1_35' title="bbox 210 821 1879 872; baseline 0.001 -14"><span class='ocrx_word' id='word_1_100' title='bbox 210 821 502 859; x_wconf 72' lang='lat' dir='ltr'>consideratio</span> <span class='ocrx_word' id='word_1_101' title='bbox 526 822 670 871; x_wconf 86' lang='lat' dir='ltr'>magni</span> <span class='ocrx_word' id='word_1_102' title='bbox 692 821 914 859; x_wconf 78' lang='lat' dir='ltr'>cuiusdam</span> <span class='ocrx_word' id='word_1_103' title='bbox 937 834 1168 859; x_wconf 79' lang='lat' dir='ltr'>successus</span> <span class='ocrx_word' id='word_1_104' title='bbox 1189 822 1513 860; x_wconf 84' lang='lat' dir='ltr'>haereticorum</span> <span class='ocrx_word' id='word_1_105' title='bbox 1534 822 1576 859; x_wconf 92' lang='lat' dir='ltr'>in</span> <span class='ocrx_word' id='word_1_106' title='bbox 1612 834 1688 859; x_wconf 86' lang='lat' dir='ltr'>sua</span> <span class='ocrx_word' id='word_1_107' title='bbox 1707 822 1832 872; x_wconf 86' lang='lat' dir='ltr'>perfi-</span> <span class='ocrx_word' id='word_1_108' title='bbox 1873 833 1879 852; x_wconf 72' lang='lat' dir='ltr'><em>s</em></span> 
     </span>
     <span class='ocr_line' id='line_1_36' title="bbox 209 892 1833 943; baseline 0.002 -14"><span class='ocrx_word' id='word_1_109' title='bbox 209 892 278 930; x_wconf 86' lang='lat' dir='ltr'>dia</span> <span class='ocrx_word' id='word_1_110' title='bbox 297 893 316 917; x_wconf 72' lang='lat' dir='ltr'>b</span> <span class='ocrx_word' id='word_1_111' title='bbox 339 898 383 930; x_wconf 84' lang='lat' dir='ltr'>et</span> <span class='ocrx_word' id='word_1_112' title='bbox 405 892 663 930; x_wconf 74' lang='lat' dir='ltr'>seductione</span> <span class='ocrx_word' id='word_1_113' title='bbox 683 893 835 929; x_wconf 85' lang='lat' dir='ltr'>mirum</span> <span class='ocrx_word' id='word_1_114' title='bbox 854 894 893 930; x_wconf 88' lang='lat' dir='ltr'>in</span> <span class='ocrx_word' id='word_1_115' title='bbox 911 892 1086 930; x_wconf 90' lang='lat' dir='ltr'>modum</span> <span class='ocrx_word' id='word_1_116' title='bbox 1106 893 1442 942; x_wconf 78' lang='lat' dir='ltr'>proficientium,</span> <span class='ocrx_word' id='word_1_117' title='bbox 1462 894 1720 943; x_wconf 80' lang='lat' dir='ltr'>praesertim</span> <span class='ocrx_word' id='word_1_118' title='bbox 1739 906 1833 933; x_wconf 90' lang='lat' dir='ltr'>cum</span> 
     </span>
     <span class='ocr_line' id='line_1_37' title="bbox 208 963 1882 1014; baseline 0.001 -14"><span class='ocrx_word' id='word_1_119' title='bbox 208 964 323 1001; x_wconf 82' lang='lat' dir='ltr'>nulla</span> <span class='ocrx_word' id='word_1_120' title='bbox 344 963 555 1010; x_wconf 80' lang='lat' dir='ltr'>viderem,</span> <span class='ocrx_word' id='word_1_121' title='bbox 589 969 662 1001; x_wconf 87' lang='lat' dir='ltr'>aut</span> <span class='ocrx_word' id='word_1_122' title='bbox 696 964 821 1001; x_wconf 80' lang='lat' dir='ltr'>nimis</span> <span class='ocrx_word' id='word_1_123' title='bbox 843 964 965 1001; x_wconf 87' lang='lat' dir='ltr'>tarda</span> <span class='ocrx_word' id='word_1_124' title='bbox 994 965 1133 1014; x_wconf 87' lang='lat' dir='ltr'>parari</span> <span class='ocrx_word' id='word_1_125' title='bbox 1165 964 1376 1002; x_wconf 90' lang='lat' dir='ltr'>aduersus</span> <span class='ocrx_word' id='word_1_126' title='bbox 1406 970 1569 1002; x_wconf 88' lang='lat' dir='ltr'>tantam</span> <span class='ocrx_word' id='word_1_127' title='bbox 1600 965 1740 1002; x_wconf 91' lang='lat' dir='ltr'>labem</span> <span class='ocrx_word' id='word_1_128' title='bbox 1770 978 1832 1004; x_wconf 91' lang='lat' dir='ltr'>re·</span> <span class='ocrx_word' id='word_1_129' title='bbox 1872 987 1882 1001; x_wconf 44' lang='lat' dir='ltr'>r</span> 
     </span>
     <span class='ocr_line' id='line_1_38' title="bbox 208 1033 1874 1086; baseline 0.002 -15"><span class='ocrx_word' id='word_1_130' title='bbox 208 1034 364 1072; x_wconf 87' lang='lat' dir='ltr'>media.</span> <span class='ocrx_word' id='word_1_131' title='bbox 390 1034 479 1072; x_wconf 89' lang='lat' dir='ltr'>Sed</span> <span class='ocrx_word' id='word_1_132' title='bbox 501 1047 648 1071; x_wconf 85' lang='lat' dir='ltr'>rursus</span> <span class='ocrx_word' id='word_1_133' title='bbox 671 1047 766 1072; x_wconf 85' lang='lat' dir='ltr'>cum</span> <span class='ocrx_word' id='word_1_134' title='bbox 790 1041 806 1058; x_wconf 78' lang='lat'>⁰</span> <span class='ocrx_word' id='word_1_135' title='bbox 828 1048 882 1072; x_wconf 82' lang='lat' dir='ltr'>ex</span> <span class='ocrx_word' id='word_1_136' title='bbox 905 1033 1050 1072; x_wconf 84' lang='lat' dir='ltr'>diuina</span> <span class='ocrx_word' id='word_1_137' title='bbox 1072 1036 1305 1073; x_wconf 82' lang='lat' dir='ltr'>clementia</span> <span class='ocrx_word' id='word_1_138' title='bbox 1324 1036 1508 1073; x_wconf 88' lang='lat' dir='ltr'>istorum</span> <span class='ocrx_word' id='word_1_139' title='bbox 1530 1036 1832 1086; x_wconf 87' lang='lat' dir='ltr'>magistrorum</span> <span class='ocrx_word' id='word_1_140' title='bbox 1872 1056 1874 1062; x_wconf 57' lang='lat'><em>2</em></span> 
     </span>
     <span class='ocr_line' id='line_1_39' title="bbox 210 1105 1873 1157; baseline 0.002 -15"><span class='ocrx_word' id='word_1_141' title='bbox 210 1105 369 1143; x_wconf 86' lang='lat' dir='ltr'>erroris</span> <span class='ocrx_word' id='word_1_142' title='bbox 390 1105 611 1156; x_wconf 85' lang='lat' dir='ltr'>patefacta</span> <span class='ocrx_word' id='word_1_143' title='bbox 632 1106 686 1142; x_wconf 87' lang='lat' dir='ltr'>sit</span> <span class='ocrx_word' id='word_1_144' title='bbox 710 1107 802 1143; x_wconf 91' lang='lat' dir='ltr'>orbi</span> <span class='ocrx_word' id='word_1_145' title='bbox 826 1106 1072 1156; x_wconf 81' lang='lat' dir='ltr'>insipientia</span> <span class='ocrx_word' id='word_1_146' title='bbox 1094 1111 1136 1143; x_wconf 90' lang='lat' dir='ltr'>et</span> <span class='ocrx_word' id='word_1_147' title='bbox 1157 1105 1449 1157; x_wconf 88' lang='lat' dir='ltr'>ignominiosa</span> <span class='ocrx_word' id='word_1_148' title='bbox 1469 1106 1596 1145; x_wconf 80' lang='lat' dir='ltr'>valde</span> <span class='ocrx_word' id='word_1_149' title='bbox 1620 1107 1830 1155; x_wconf 85' lang='lat' dir='ltr'>confusio,</span> <span class='ocrx_word' id='word_1_150' title='bbox 1872 1130 1873 1135; x_wconf 66' lang='lat'>=</span> 
     </span>
     <span class='ocr_line' id='line_1_40' title="bbox 210 1176 1834 1229; baseline 0.003 -16"><span class='ocrx_word' id='word_1_151' title='bbox 210 1181 253 1213; x_wconf 87' lang='lat' dir='ltr'>et</span> <span class='ocrx_word' id='word_1_152' title='bbox 287 1176 482 1214; x_wconf 89' lang='lat' dir='ltr'>haeresis</span> <span class='ocrx_word' id='word_1_153' title='bbox 513 1177 731 1215; x_wconf 86' lang='lat' dir='ltr'>haeresim</span> <span class='ocrx_word' id='word_1_154' title='bbox 762 1177 1185 1215; x_wconf 78' lang='lat' dir='ltr'>irreconciliabiliter</span> <span class='ocrx_word' id='word_1_155' title='bbox 1218 1184 1456 1229; x_wconf 82' lang='lat' dir='ltr'>oppugnet,</span> <span class='ocrx_word' id='word_1_156' title='bbox 1490 1183 1533 1216; x_wconf 93' lang='lat' dir='ltr'>et</span> <span class='ocrx_word' id='word_1_157' title='bbox 1568 1179 1690 1216; x_wconf 91' lang='lat' dir='ltr'>multi</span> <span class='ocrx_word' id='word_1_158' title='bbox 1713 1190 1767 1216; x_wconf 83' lang='lat' dir='ltr'>ex</span> <span class='ocrx_word' id='word_1_159' title='bbox 1783 1179 1834 1227; x_wconf 87' lang='lat' dir='ltr'>ijs</span> 
     </span>
     <span class='ocr_line' id='line_1_41' title="bbox 207 1246 1863 1300; baseline 0.001 -15"><span class='ocrx_word' id='word_1_160' title='bbox 207 1247 277 1297; x_wconf 78' lang='lat' dir='ltr'>qui</span> <span class='ocrx_word' id='word_1_161' title='bbox 301 1246 472 1285; x_wconf 84' lang='lat' dir='ltr'>seducti</span> <span class='ocrx_word' id='word_1_162' title='bbox 494 1253 607 1294; x_wconf 82' lang='lat' dir='ltr'>sunt,</span> <span class='ocrx_word' id='word_1_163' title='bbox 632 1248 732 1285; x_wconf 88' lang='lat' dir='ltr'>hinc</span> <span class='ocrx_word' id='word_1_164' title='bbox 753 1247 806 1285; x_wconf 89' lang='lat' dir='ltr'>ad</span> <span class='ocrx_word' id='word_1_165' title='bbox 829 1248 1174 1298; x_wconf 82' lang='lat' dir='ltr'>resipiscentiam</span> <span class='ocrx_word' id='word_1_166' title='bbox 1197 1261 1245 1286; x_wconf 89' lang='lat' dir='ltr'>se</span> <span class='ocrx_word' id='word_1_167' title='bbox 1267 1248 1512 1300; x_wconf 84' lang='lat' dir='ltr'>disponant3</span> <span class='ocrx_word' id='word_1_168' title='bbox 1535 1262 1586 1287; x_wconf 86' lang='lat' dir='ltr'>ac</span> <span class='ocrx_word' id='word_1_169' title='bbox 1606 1254 1835 1299; x_wconf 85' lang='lat' dir='ltr'>praeterea</span> <span class='ocrx_word' id='word_1_170' title='bbox 1862 1267 1863 1272; x_wconf 88' lang='lat'>¹</span> 
     </span>
     <span class='ocr_line' id='line_1_42' title="bbox 208 1318 1834 1371; baseline 0.002 -16"><span class='ocrx_word' id='word_1_171' title='bbox 208 1324 274 1355; x_wconf 80' lang='lat' dir='ltr'>tot</span> <span class='ocrx_word' id='word_1_172' title='bbox 295 1319 471 1355; x_wconf 88' lang='lat' dir='ltr'>nomina</span> <span class='ocrx_word' id='word_1_173' title='bbox 507 1331 658 1356; x_wconf 91' lang='lat' dir='ltr'>eorum</span> <span class='ocrx_word' id='word_1_174' title='bbox 680 1318 753 1369; x_wconf 89' lang='lat' dir='ltr'>qui</span> <span class='ocrx_word' id='word_1_175' title='bbox 783 1332 869 1357; x_wconf 88' lang='lat' dir='ltr'>non</span> <span class='ocrx_word' id='word_1_176' title='bbox 901 1318 1197 1357; x_wconf 86' lang='lat' dir='ltr'>adorauerunt</span> <span class='ocrx_word' id='word_1_177' title='bbox 1217 1320 1452 1371; x_wconf 80' lang='lat' dir='ltr'>imaginem</span> <span class='ocrx_word' id='word_1_178' title='bbox 1474 1321 1657 1367; x_wconf 84' lang='lat' dir='ltr'>bestiae,</span> <span class='ocrx_word' id='word_1_179' title='bbox 1691 1333 1834 1371; x_wconf 88' lang='lat' dir='ltr'>super-</span> 
     </span>
     <span class='ocr_line' id='line_1_43' title="bbox 209 1390 1834 1443; baseline 0.002 -16"><span class='ocrx_word' id='word_1_180' title='bbox 209 1391 292 1427; x_wconf 88' lang='lat' dir='ltr'>sint</span> <span class='ocrx_word' id='word_1_181' title='bbox 309 1393 337 1437; x_wconf 74' lang='lat'>23</span> <span class='ocrx_word' id='word_1_182' title='bbox 356 1390 449 1439; x_wconf 86' lang='lat' dir='ltr'>quis</span> <span class='ocrx_word' id='word_1_183' title='bbox 466 1403 553 1428; x_wconf 91' lang='lat' dir='ltr'>non</span> <span class='ocrx_word' id='word_1_184' title='bbox 571 1390 624 1428; x_wconf 88' lang='lat' dir='ltr'>de</span> <span class='ocrx_word' id='word_1_185' title='bbox 643 1390 787 1428; x_wconf 86' lang='lat' dir='ltr'>diuina</span> <span class='ocrx_word' id='word_1_186' title='bbox 804 1391 1001 1429; x_wconf 87' lang='lat' dir='ltr'>bonitate</span> <span class='ocrx_word' id='word_1_187' title='bbox 1021 1391 1227 1438; x_wconf 81' lang='lat' dir='ltr'>confisus,</span> <span class='ocrx_word' id='word_1_188' title='bbox 1243 1391 1296 1430; x_wconf 93' lang='lat' dir='ltr'>de</span> <span class='ocrx_word' id='word_1_189' title='bbox 1315 1393 1446 1430; x_wconf 87' lang='lat' dir='ltr'>rebus</span> <span class='ocrx_word' id='word_1_190' title='bbox 1463 1392 1725 1443; x_wconf 80' lang='lat' dir='ltr'>germanicis</span> <span class='ocrx_word' id='word_1_191' title='bbox 1743 1404 1834 1443; x_wconf 90' lang='lat' dir='ltr'>spe-</span> 
     </span>
     <span class='ocr_line' id='line_1_44' title="bbox 208 1460 1835 1514; baseline 0.002 -16"><span class='ocrx_word' id='word_1_192' title='bbox 208 1467 275 1498; x_wconf 85' lang='lat' dir='ltr'>ret</span> <span class='ocrx_word' id='word_1_193' title='bbox 297 1460 477 1499; x_wconf 88' lang='lat' dir='ltr'>meliora</span> <span class='ocrx_word' id='word_1_194' title='bbox 500 1465 542 1499; x_wconf 85' lang='lat' dir='ltr'>et</span> <span class='ocrx_word' id='word_1_195' title='bbox 565 1462 775 1499; x_wconf 86' lang='lat' dir='ltr'>viciniora</span> <span class='ocrx_word' id='word_1_196' title='bbox 792 1462 939 1500; x_wconf 82' lang='lat' dir='ltr'>saluti?</span> <span class='ocrx_word' id='word_1_197' title='bbox 960 1463 986 1500; x_wconf 81' lang='lat'>³.</span> <span class='ocrx_word' id='word_1_198' title='bbox 1008 1462 1086 1500; x_wconf 86' lang='lat' dir='ltr'>His</span> <span class='ocrx_word' id='word_1_199' title='bbox 1105 1463 1304 1500; x_wconf 88' lang='lat' dir='ltr'>omnibus</span> <span class='ocrx_word' id='word_1_200' title='bbox 1325 1463 1498 1501; x_wconf 87' lang='lat' dir='ltr'>accedit</span> <span class='ocrx_word' id='word_1_201' title='bbox 1525 1463 1641 1514; x_wconf 87' lang='lat' dir='ltr'>quod</span> <span class='ocrx_word' id='word_1_202' title='bbox 1663 1468 1707 1501; x_wconf 87' lang='lat' dir='ltr'>et</span> <span class='ocrx_word' id='word_1_203' title='bbox 1727 1464 1835 1514; x_wconf 87' lang='lat' dir='ltr'>prin-</span> 
     </span>
     <span class='ocr_line' id='line_1_45' title="bbox 209 1533 1835 1585; baseline 0.001 -14"><span class='ocrx_word' id='word_1_204' title='bbox 209 1533 327 1584; x_wconf 84' lang='lat' dir='ltr'>cipes</span> <span class='ocrx_word' id='word_1_205' title='bbox 349 1533 574 1583; x_wconf 80' lang='lat' dir='ltr'>vtriusque</span> <span class='ocrx_word' id='word_1_206' title='bbox 597 1538 735 1571; x_wconf 89' lang='lat' dir='ltr'>status</span> <span class='ocrx_word' id='word_1_207' title='bbox 756 1534 908 1571; x_wconf 87' lang='lat' dir='ltr'>maiori</span> <span class='ocrx_word' id='word_1_208' title='bbox 928 1547 1042 1571; x_wconf 89' lang='lat' dir='ltr'>nunc</span> <span class='ocrx_word' id='word_1_209' title='bbox 1062 1547 1189 1584; x_wconf 83' lang='lat' dir='ltr'>quam</span> <span class='ocrx_word' id='word_1_210' title='bbox 1219 1535 1405 1572; x_wconf 86' lang='lat' dir='ltr'>antehac</span> <span class='ocrx_word' id='word_1_211' title='bbox 1430 1548 1617 1585; x_wconf 86' lang='lat' dir='ltr'>vnquam</span> <span class='ocrx_word' id='word_1_212' title='bbox 1649 1535 1835 1573; x_wconf 88' lang='lat' dir='ltr'>solicitu-</span> 
     </span>
     <span class='ocr_line' id='line_1_46' title="bbox 208 1604 1863 1656; baseline 0.001 -15"><span class='ocrx_word' id='word_1_213' title='bbox 208 1604 306 1642; x_wconf 80' lang='lat' dir='ltr'>dine</span> <span class='ocrx_word' id='word_1_214' title='bbox 330 1604 449 1654; x_wconf 89' lang='lat' dir='ltr'>tangi</span> <span class='ocrx_word' id='word_1_215' title='bbox 468 1604 699 1642; x_wconf 85' lang='lat' dir='ltr'>videantur</span> <span class='ocrx_word' id='word_1_216' title='bbox 720 1604 774 1642; x_wconf 88' lang='lat' dir='ltr'>ad</span> <span class='ocrx_word' id='word_1_217' title='bbox 795 1604 1058 1643; x_wconf 87' lang='lat' dir='ltr'>inuenienda</span> <span class='ocrx_word' id='word_1_218' title='bbox 1078 1618 1129 1643; x_wconf 88' lang='lat' dir='ltr'>ac</span> <span class='ocrx_word' id='word_1_219' title='bbox 1148 1606 1337 1655; x_wconf 89' lang='lat' dir='ltr'>paranda</span> <span class='ocrx_word' id='word_1_220' title='bbox 1360 1606 1672 1656; x_wconf 87' lang='lat' dir='ltr'>opportuniora</span> <span class='ocrx_word' id='word_1_221' title='bbox 1696 1605 1836 1644; x_wconf 66' lang='lat' dir='ltr'>med1‘a</span> <span class='ocrx_word' id='word_1_222' title='bbox 1859 1625 1863 1641; x_wconf 72' lang='grc' dir='ltr'><em>ι</em></span> 
     </span>
     <span class='ocr_line' id='line_1_47' title="bbox 207 1675 1875 1728; baseline 0.001 -15"><span class='ocrx_word' id='word_1_223' title='bbox 207 1689 389 1725; x_wconf 86' lang='lat' dir='ltr'>quorum</span> <span class='ocrx_word' id='word_1_224' title='bbox 421 1689 503 1726; x_wconf 90' lang='lat' dir='ltr'>ope</span> <span class='ocrx_word' id='word_1_225' title='bbox 534 1675 782 1714; x_wconf 89' lang='lat' dir='ltr'>incendium</span> <span class='ocrx_word' id='word_1_226' title='bbox 818 1677 1105 1726; x_wconf 83' lang='lat' dir='ltr'>grassantium</span> <span class='ocrx_word' id='word_1_227' title='bbox 1133 1677 1363 1715; x_wconf 87' lang='lat' dir='ltr'>haeresum</span> <span class='ocrx_word' id='word_1_228' title='bbox 1395 1678 1689 1728; x_wconf 80' lang='lat' dir='ltr'>extinguatur.</span> <span class='ocrx_word' id='word_1_229' title='bbox 1722 1678 1836 1715; x_wconf 82' lang='lat' dir='ltr'>Inter</span> <span class='ocrx_word' id='word_1_230' title='bbox 1870 1681 1875 1695; x_wconf 81' lang='lat'><em>&#39;</em></span> 
     </span>
     <span class='ocr_line' id='line_1_48' title="bbox 208 1747 1872 1801; baseline 0.001 -17"><span class='ocrx_word' id='word_1_231' title='bbox 208 1749 287 1785; x_wconf 82' lang='lat' dir='ltr'>hos</span> <span class='ocrx_word' id='word_1_232' title='bbox 305 1747 441 1797; x_wconf 85' lang='lat' dir='ltr'>magis</span> <span class='ocrx_word' id='word_1_233' title='bbox 457 1747 680 1784; x_wconf 83' lang='lat' dir='ltr'>accinctus</span> <span class='ocrx_word' id='word_1_234' title='bbox 702 1747 875 1785; x_wconf 86' lang='lat' dir='ltr'>videtur</span> <span class='ocrx_word' id='word_1_235' title='bbox 898 1748 1042 1785; x_wconf 83' lang='lat' dir='ltr'>Rmus.</span> <span class='ocrx_word' id='word_1_236' title='bbox 1067 1748 1422 1799; x_wconf 80' lang='lat' dir='ltr'>archiepiscopus</span> <span class='ocrx_word' id='word_1_237' title='bbox 1444 1748 1781 1799; x_wconf 84' lang='lat' dir='ltr'>saltzburgensis</span> <span class='ocrx_word' id='word_1_238' title='bbox 1805 1751 1832 1796; x_wconf 73' lang='lat'>⁴,</span> <span class='ocrx_word' id='word_1_239' title='bbox 1870 1799 1872 1801; x_wconf 21' lang='grc' dir='ltr'>Ι</span> 
     </span>
     <span class='ocr_line' id='line_1_49' title="bbox 207 1811 1877 1869; baseline 0.001 -12"><span class='ocrx_word' id='word_1_240' title='bbox 207 1831 335 1869; x_wconf 84' lang='lat' dir='ltr'>quem</span> <span class='ocrx_word' id='word_1_241' title='bbox 375 1818 495 1856; x_wconf 87' lang='lat' dir='ltr'>hisce</span> <span class='ocrx_word' id='word_1_242' title='bbox 532 1818 686 1856; x_wconf 90' lang='lat' dir='ltr'>diebus</span> <span class='ocrx_word' id='word_1_243' title='bbox 719 1824 1053 1868; x_wconf 86' lang='lat' dir='ltr'>percontantem</span> <span class='ocrx_word' id='word_1_244' title='bbox 1093 1819 1146 1857; x_wconf 91' lang='lat' dir='ltr'>de</span> <span class='ocrx_word' id='word_1_245' title='bbox 1182 1820 1350 1857; x_wconf 83' lang='lat' dir='ltr'>ratione</span> <span class='ocrx_word' id='word_1_246' title='bbox 1392 1825 1436 1858; x_wconf 89' lang='lat' dir='ltr'>et</span> <span class='ocrx_word' id='word_1_247' title='bbox 1472 1820 1628 1868; x_wconf 85' lang='lat' dir='ltr'>officijs</span> <span class='ocrx_word' id='word_1_248' title='bbox 1661 1824 1834 1859; x_wconf 84' lang='lat' dir='ltr'>nostrae</span> <span class='ocrx_word' id='word_1_249' title='bbox 1869 1811 1877 1867; x_wconf 55' lang='grc'>’,</span> 
     </span>
     <span class='ocr_line' id='line_1_50' title="bbox 209 1889 1859 1940; baseline 0 -12"><span class='ocrx_word' id='word_1_250' title='bbox 209 1889 443 1928; x_wconf 79' lang='lat' dir='ltr'>Societatis</span> <span class='ocrx_word' id='word_1_251' title='bbox 474 1889 527 1926; x_wconf 88' lang='lat' dir='ltr'>ad</span> <span class='ocrx_word' id='word_1_252' title='bbox 557 1890 731 1938; x_wconf 86' lang='lat' dir='ltr'>plenum</span> <span class='ocrx_word' id='word_1_253' title='bbox 762 1889 966 1926; x_wconf 81' lang='lat' dir='ltr'>instruxit</span> <span class='ocrx_word' id='word_1_254' title='bbox 995 1895 1146 1928; x_wconf 85' lang='lat' dir='ltr'>noster</span> <span class='ocrx_word' id='word_1_255' title='bbox 1176 1890 1248 1927; x_wconf 85' lang='lat' dir='ltr'>hic</span> <span class='ocrx_word' id='word_1_256' title='bbox 1278 1891 1561 1928; x_wconf 89' lang='lat' dir='ltr'>cancellarius</span> <span class='ocrx_word' id='word_1_257' title='bbox 1583 1890 1741 1928; x_wconf 87' lang='lat' dir='ltr'>Eckius</span> <span class='ocrx_word' id='word_1_258' title='bbox 1760 1901 1835 1940; x_wconf 90' lang='lat' dir='ltr'>per</span> <span class='ocrx_word' id='word_1_259' title='bbox 1858 1908 1859 1912; x_wconf 88' lang='lat'>¹</span> 
     </span>
     <span class='ocr_line' id='line_1_51' title="bbox 208 1960 1874 2012; baseline -0.001 -13"><span class='ocrx_word' id='word_1_260' title='bbox 208 1962 391 2007; x_wconf 79' lang='lat' dir='ltr'>litteras3</span> <span class='ocrx_word' id='word_1_261' title='bbox 425 1965 468 1998; x_wconf 91' lang='lat' dir='ltr'>et</span> <span class='ocrx_word' id='word_1_262' title='bbox 503 1971 618 1997; x_wconf 87' lang='lat' dir='ltr'>nunc</span> <span class='ocrx_word' id='word_1_263' title='bbox 649 1973 703 1997; x_wconf 83' lang='lat' dir='ltr'>ex</span> <span class='ocrx_word' id='word_1_264' title='bbox 740 1960 833 1998; x_wconf 88' lang='lat' dir='ltr'>eius</span> <span class='ocrx_word' id='word_1_265' title='bbox 868 1960 888 1984; x_wconf 80' lang='lat' dir='ltr'>d</span> <span class='ocrx_word' id='word_1_266' title='bbox 919 1960 1026 1998; x_wconf 86' lang='lat' dir='ltr'>Rmi.</span> <span class='ocrx_word' id='word_1_267' title='bbox 1068 1973 1280 2011; x_wconf 87' lang='lat' dir='ltr'>responso</span> <span class='ocrx_word' id='word_1_268' title='bbox 1316 1961 1520 2012; x_wconf 85' lang='lat' dir='ltr'>intelligit</span> <span class='ocrx_word' id='word_1_269' title='bbox 1555 1961 1620 2010; x_wconf 93' lang='lat' dir='ltr'>(ut</span> <span class='ocrx_word' id='word_1_270' title='bbox 1654 1961 1836 2011; x_wconf 82' lang='lat' dir='ltr'>ipsemet</span> <span class='ocrx_word' id='word_1_271' title='bbox 1870 1979 1874 2010; x_wconf 66' lang='grc' dir='ltr'>ς</span> 
     </span>
     <span class='ocr_line' id='line_1_52' title="bbox 210 2031 1871 2082; baseline 0 -12"><span class='ocrx_word' id='word_1_272' title='bbox 210 2033 310 2070; x_wconf 91' lang='lat' dir='ltr'>mihi</span> <span class='ocrx_word' id='word_1_273' title='bbox 331 2033 414 2069; x_wconf 89' lang='lat' dir='ltr'>iam</span> <span class='ocrx_word' id='word_1_274' title='bbox 435 2032 500 2069; x_wconf 90' lang='lat' dir='ltr'>bis</span> <span class='ocrx_word' id='word_1_275' title='bbox 522 2031 730 2080; x_wconf 86' lang='lat' dir='ltr'>narrauit)</span> <span class='ocrx_word' id='word_1_276' title='bbox 753 2031 1029 2082; x_wconf 86' lang='lat' dir='ltr'>designatum</span> <span class='ocrx_word' id='word_1_277' title='bbox 1052 2045 1150 2070; x_wconf 86' lang='lat' dir='ltr'>esse</span> <span class='ocrx_word' id='word_1_278' title='bbox 1172 2032 1255 2070; x_wconf 89' lang='lat' dir='ltr'>iam</span> <span class='ocrx_word' id='word_1_279' title='bbox 1277 2033 1420 2070; x_wconf 87' lang='lat' dir='ltr'>locum</span> <span class='ocrx_word' id='word_1_280' title='bbox 1441 2033 1602 2070; x_wconf 89' lang='lat' dir='ltr'>nostris</span> <span class='ocrx_word' id='word_1_281' title='bbox 1622 2033 1665 2070; x_wconf 90' lang='lat' dir='ltr'>in</span> <span class='ocrx_word' id='word_1_282' title='bbox 1692 2031 1833 2071; x_wconf 88' lang='lat' dir='ltr'>medio</span> <span class='ocrx_word' id='word_1_283' title='bbox 1869 2047 1871 2052; x_wconf 92' lang='lat'>·</span> 
     </span>
     <span class='ocr_line' id='line_1_53' title="bbox 211 2102 1874 2158; baseline -0.001 -17"><span class='ocrx_word' id='word_1_284' title='bbox 211 2104 332 2154; x_wconf 80' lang='lat' dir='ltr'>quasi</span> <span class='ocrx_word' id='word_1_285' title='bbox 367 2103 419 2152; x_wconf 86' lang='lat'>(?)</span> <span class='ocrx_word' id='word_1_286' title='bbox 457 2102 660 2148; x_wconf 87' lang='lat' dir='ltr'>ciuitatis,</span> <span class='ocrx_word' id='word_1_287' title='bbox 699 2108 743 2140; x_wconf 86' lang='lat' dir='ltr'>et</span> <span class='ocrx_word' id='word_1_288' title='bbox 778 2115 865 2140; x_wconf 91' lang='lat' dir='ltr'>non</span> <span class='ocrx_word' id='word_1_289' title='bbox 895 2103 968 2140; x_wconf 87' lang='lat' dir='ltr'>ubi</span> <span class='ocrx_word' id='word_1_290' title='bbox 997 2103 1115 2153; x_wconf 89' lang='lat' dir='ltr'>prius</span> <span class='ocrx_word' id='word_1_291' title='bbox 1150 2103 1191 2141; x_wconf 89' lang='lat' dir='ltr'>in</span> <span class='ocrx_word' id='word_1_292' title='bbox 1225 2109 1347 2153; x_wconf 89' lang='lat' dir='ltr'>parte</span> <span class='ocrx_word' id='word_1_293' title='bbox 1388 2103 1506 2141; x_wconf 90' lang='lat' dir='ltr'>vrbis</span> <span class='ocrx_word' id='word_1_294' title='bbox 1535 2116 1560 2141; x_wconf 87' lang='lat' dir='ltr'>a</span> <span class='ocrx_word' id='word_1_295' title='bbox 1592 2103 1836 2154; x_wconf 85' lang='lat' dir='ltr'>frequentia</span> <span class='ocrx_word' id='word_1_296' title='bbox 1868 2142 1874 2158; x_wconf 36' lang='grc' dir='ltr'><strong>ἲ</strong></span> 
     </span>
     <span class='ocr_line' id='line_1_54' title="bbox 212 2173 1835 2225; baseline 0 -12"><span class='ocrx_word' id='word_1_297' title='bbox 212 2174 359 2225; x_wconf 88' lang='lat' dir='ltr'>populi</span> <span class='ocrx_word' id='word_1_298' title='bbox 382 2173 518 2224; x_wconf 81' lang='lat' dir='ltr'>magis</span> <span class='ocrx_word' id='word_1_299' title='bbox 541 2178 724 2211; x_wconf 85' lang='lat' dir='ltr'>semota.</span> <span class='ocrx_word' id='word_1_300' title='bbox 749 2173 950 2211; x_wconf 77' lang='lat' dir='ltr'>Arbitror</span> <span class='ocrx_word' id='word_1_301' title='bbox 974 2175 1020 2211; x_wconf 82' lang='lat' dir='ltr'>R.</span> <span class='ocrx_word' id='word_1_302' title='bbox 1046 2175 1092 2211; x_wconf 84' lang='lat' dir='ltr'>P.</span> <span class='ocrx_word' id='word_1_303' title='bbox 1113 2175 1164 2212; x_wconf 92' lang='lat' dir='ltr'>V.</span> <span class='ocrx_word' id='word_1_304' title='bbox 1189 2173 1243 2212; x_wconf 91' lang='lat' dir='ltr'>de</span> <span class='ocrx_word' id='word_1_305' title='bbox 1265 2174 1478 2213; x_wconf 88' lang='lat' dir='ltr'>mittenda</span> <span class='ocrx_word' id='word_1_306' title='bbox 1497 2175 1599 2212; x_wconf 90' lang='lat' dir='ltr'>illuc</span> <span class='ocrx_word' id='word_1_307' title='bbox 1619 2175 1798 2213; x_wconf 85' lang='lat' dir='ltr'>fratrum</span> <span class='ocrx_word' id='word_1_308' title='bbox 1818 2180 1835 2199; x_wconf 60' lang='grc' dir='ltr'>θ</span> 
     </span>
     <span class='ocr_line' id='line_1_55' title="bbox 209 2243 1872 2298; baseline 0.001 -14"><span class='ocrx_word' id='word_1_309' title='bbox 209 2246 381 2284; x_wconf 84' lang='lat' dir='ltr'>colonia</span> <span class='ocrx_word' id='word_1_310' title='bbox 401 2250 475 2282; x_wconf 88' lang='lat' dir='ltr'>aut</span> <span class='ocrx_word' id='word_1_311' title='bbox 509 2245 592 2281; x_wconf 89' lang='lat' dir='ltr'>iam</span> <span class='ocrx_word' id='word_1_312' title='bbox 629 2257 726 2282; x_wconf 90' lang='lat' dir='ltr'>esse</span> <span class='ocrx_word' id='word_1_313' title='bbox 763 2243 1043 2291; x_wconf 84' lang='lat' dir='ltr'>admonitam,</span> <span class='ocrx_word' id='word_1_314' title='bbox 1076 2250 1150 2282; x_wconf 91' lang='lat' dir='ltr'>aut</span> <span class='ocrx_word' id='word_1_315' title='bbox 1171 2246 1297 2284; x_wconf 88' lang='lat' dir='ltr'>breui</span> <span class='ocrx_word' id='word_1_316' title='bbox 1326 2245 1645 2284; x_wconf 88' lang='lat' dir='ltr'>admonendam</span> <span class='ocrx_word' id='word_1_317' title='bbox 1681 2259 1872 2298; x_wconf 88' lang='lat' dir='ltr'>rogan-¹</span> 
     </span>
     <span class='ocr_line' id='line_1_56' title="bbox 210 2315 1869 2367; baseline 0.001 -13"><span class='ocrx_word' id='word_1_318' title='bbox 210 2317 380 2354; x_wconf 89' lang='lat' dir='ltr'>damue.</span> <span class='ocrx_word' id='word_1_319' title='bbox 401 2317 633 2353; x_wconf 86' lang='lat' dir='ltr'>Postremo</span> <span class='ocrx_word' id='word_1_320' title='bbox 652 2315 770 2366; x_wconf 87' lang='lat' dir='ltr'>quod</span> <span class='ocrx_word' id='word_1_321' title='bbox 787 2315 840 2353; x_wconf 91' lang='lat' dir='ltr'>ad</span> <span class='ocrx_word' id='word_1_322' title='bbox 857 2316 1177 2354; x_wconf 88' lang='lat' dir='ltr'>institutionem</span> <span class='ocrx_word' id='word_1_323' title='bbox 1198 2329 1435 2367; x_wconf 88' lang='lat' dir='ltr'>puerorum</span> <span class='ocrx_word' id='word_1_324' title='bbox 1449 2317 1621 2364; x_wconf 90' lang='lat' dir='ltr'>attinet,</span> <span class='ocrx_word' id='word_1_325' title='bbox 1639 2317 1683 2355; x_wconf 91' lang='lat' dir='ltr'>in</span> <span class='ocrx_word' id='word_1_326' title='bbox 1703 2317 1834 2356; x_wconf 68' lang='lat' dir='ltr'>fundo</span> <span class='ocrx_word' id='word_1_327' title='bbox 1866 2344 1869 2366; x_wconf 65' lang='lat'><em>3</em></span> 
     </span>
     <span class='ocr_line' id='line_1_57' title="bbox 209 2386 1868 2438; baseline 0.001 -13"><span class='ocrx_word' id='word_1_328' title='bbox 209 2388 335 2425; x_wconf 87' lang='lat' dir='ltr'>huius</span> <span class='ocrx_word' id='word_1_329' title='bbox 370 2386 624 2434; x_wconf 88' lang='lat' dir='ltr'>monasterij</span> <span class='ocrx_word' id='word_1_330' title='bbox 661 2391 838 2436; x_wconf 85' lang='lat' dir='ltr'>paratae</span> <span class='ocrx_word' id='word_1_331' title='bbox 876 2392 974 2424; x_wconf 85' lang='lat' dir='ltr'>sunt</span> <span class='ocrx_word' id='word_1_332' title='bbox 1004 2400 1105 2425; x_wconf 88' lang='lat' dir='ltr'>aere</span> <span class='ocrx_word' id='word_1_333' title='bbox 1143 2387 1246 2426; x_wconf 90' lang='lat' dir='ltr'>dicti</span> <span class='ocrx_word' id='word_1_334' title='bbox 1276 2388 1480 2438; x_wconf 86' lang='lat' dir='ltr'>principis</span> <span class='ocrx_word' id='word_1_335' title='bbox 1501 2388 1639 2426; x_wconf 88' lang='lat' dir='ltr'>nostri</span> <span class='ocrx_word' id='word_1_336' title='bbox 1661 2389 1835 2428; x_wconf 78' lang='lat' dir='ltr'>scholae</span> <span class='ocrx_word' id='word_1_337' title='bbox 1857 2418 1868 2435; x_wconf 60' lang='grc'>.,</span> 
     </span>
     <span class='ocr_line' id='line_1_58' title="bbox 210 2457 1835 2511; baseline 0 -14"><span class='ocrx_word' id='word_1_338' title='bbox 210 2457 444 2497; x_wconf 89' lang='lat' dir='ltr'>admodum</span> <span class='ocrx_word' id='word_1_339' title='bbox 467 2462 663 2504; x_wconf 81' lang='lat' dir='ltr'>ornatae,</span> <span class='ocrx_word' id='word_1_340' title='bbox 687 2458 842 2507; x_wconf 85' lang='lat' dir='ltr'>quibus</span> <span class='ocrx_word' id='word_1_341' title='bbox 864 2463 1009 2496; x_wconf 89' lang='lat' dir='ltr'>tamen</span> <span class='ocrx_word' id='word_1_342' title='bbox 1031 2457 1191 2508; x_wconf 87' lang='lat' dir='ltr'>aliquid</span> <span class='ocrx_word' id='word_1_343' title='bbox 1212 2458 1339 2497; x_wconf 89' lang='lat' dir='ltr'>deest</span> <span class='ocrx_word' id='word_1_344' title='bbox 1361 2472 1415 2497; x_wconf 85' lang='lat' dir='ltr'>ex</span> <span class='ocrx_word' id='word_1_345' title='bbox 1445 2463 1538 2509; x_wconf 88' lang='lat' dir='ltr'>arte</span> <span class='ocrx_word' id='word_1_346' title='bbox 1568 2459 1677 2497; x_wconf 85' lang='lat' dir='ltr'>fabri</span> <span class='ocrx_word' id='word_1_347' title='bbox 1707 2460 1835 2511; x_wconf 71' lang='lat' dir='ltr'>ligna-</span> 
     </span>
     <span class='ocr_line' id='line_1_59' title="bbox 211 2528 1867 2583; baseline 0.001 -15"><span class='ocrx_word' id='word_1_348' title='bbox 211 2529 260 2578; x_wconf 88' lang='lat' dir='ltr'>rij</span> <span class='ocrx_word' id='word_1_349' title='bbox 292 2528 604 2578; x_wconf 76' lang='lat' dir='ltr'>adijciendum3</span> <span class='ocrx_word' id='word_1_350' title='bbox 637 2529 715 2567; x_wconf 88' lang='lat' dir='ltr'>sed</span> <span class='ocrx_word' id='word_1_351' title='bbox 745 2542 842 2567; x_wconf 92' lang='lat' dir='ltr'>cum</span> <span class='ocrx_word' id='word_1_352' title='bbox 863 2529 1115 2568; x_wconf 86' lang='lat' dir='ltr'>videremus</span> <span class='ocrx_word' id='word_1_353' title='bbox 1136 2531 1189 2568; x_wconf 87' lang='lat' dir='ltr'>ab</span> <span class='ocrx_word' id='word_1_354' title='bbox 1210 2530 1332 2568; x_wconf 89' lang='lat' dir='ltr'>initio</span> <span class='ocrx_word' id='word_1_355' title='bbox 1354 2529 1570 2568; x_wconf 85' lang='lat' dir='ltr'>aduentus</span> <span class='ocrx_word' id='word_1_356' title='bbox 1589 2535 1836 2570; x_wconf 84' lang='lat' dir='ltr'>nostrorum</span> <span class='ocrx_word' id='word_1_357' title='bbox 1865 2579 1867 2583; x_wconf 29' lang='grc' dir='ltr'>Ι</span> 
     </span>
    </p>
   </div>
   <div class='ocr_carea' id='block_1_4' title="bbox 209 2661 1868 2771">
    <p class='ocr_par' dir='ltr' id='par_1_5' title="bbox 209 2661 1868 2771">
     <span class='ocr_line' id='line_1_60' title="bbox 257 2661 1868 2711; baseline 0.001 -10"><span class='ocrx_word' id='word_1_358' title='bbox 257 2666 276 2685; x_wconf 65' lang='lat'>³</span> <span class='ocrx_word' id='word_1_359' title='bbox 325 2677 369 2701; x_wconf 85' lang='lat' dir='ltr'>re</span> <span class='ocrx_word' id='word_1_360' title='bbox 388 2669 526 2710; x_wconf 81' lang='lat' dir='ltr'>supra</span> <span class='ocrx_word' id='word_1_361' title='bbox 545 2674 656 2700; x_wconf 79' lang='lat' dir='ltr'>vers.</span> <span class='ocrx_word' id='word_1_362' title='bbox 677 2663 762 2700; x_wconf 82' lang='lat' dir='ltr'>ead</span> <span class='ocrx_word' id='word_1_363' title='bbox 781 2674 934 2700; x_wconf 83' lang='lat' dir='ltr'>manu.</span> <span class='ocrx_word' id='word_1_364' title='bbox 1012 2665 1078 2689; x_wconf 83' lang='lat' dir='ltr'>-b</span> <span class='ocrx_word' id='word_1_365' title='bbox 1099 2663 1253 2701; x_wconf 82' lang='lat' dir='ltr'>Praec.</span> <span class='ocrx_word' id='word_1_366' title='bbox 1274 2675 1312 2701; x_wconf 90' lang='lat' dir='ltr'>v.</span> <span class='ocrx_word' id='word_1_367' title='bbox 1329 2667 1466 2711; x_wconf 79' lang='lat' dir='ltr'>supra</span> <span class='ocrx_word' id='word_1_368' title='bbox 1485 2675 1595 2702; x_wconf 74' lang='lat' dir='ltr'>vers.</span> <span class='ocrx_word' id='word_1_369' title='bbox 1664 2674 1728 2692; x_wconf 86' lang='lat'>—0</span> <span class='ocrx_word' id='word_1_370' title='bbox 1747 2674 1837 2703; x_wconf 68' lang='lat' dir='ltr'>cum</span> <span class='ocrx_word' id='word_1_371' title='bbox 1863 2661 1868 2710; x_wconf 56' lang='lat' dir='ltr'><em>j</em></span> 
     </span>
     <span class='ocr_line' id='line_1_61' title="bbox 209 2722 1865 2771; baseline -0.001 -8"><span class='ocrx_word' id='word_1_372' title='bbox 209 2730 348 2771; x_wconf 72' lang='lat' dir='ltr'>supra</span> <span class='ocrx_word' id='word_1_373' title='bbox 366 2734 475 2760; x_wconf 82' lang='lat' dir='ltr'>vers.</span> <span class='ocrx_word' id='word_1_374' title='bbox 498 2722 651 2760; x_wconf 78' lang='lat' dir='ltr'>eadem</span> <span class='ocrx_word' id='word_1_375' title='bbox 671 2733 824 2759; x_wconf 84' lang='lat' dir='ltr'>manu.</span> <span class='ocrx_word' id='word_1_376' title='bbox 891 2724 957 2748; x_wconf 79' lang='lat' dir='ltr'>—d</span> <span class='ocrx_word' id='word_1_377' title='bbox 979 2723 1173 2761; x_wconf 86' lang='lat' dir='ltr'>eiusdem.</span> <span class='ocrx_word' id='word_1_378' title='bbox 1239 2731 1303 2750; x_wconf 70' lang='grc' dir='ltr'>-θ</span> <span class='ocrx_word' id='word_1_379' title='bbox 1327 2723 1480 2762; x_wconf 82' lang='lat' dir='ltr'>Praec.</span> <span class='ocrx_word' id='word_1_380' title='bbox 1501 2735 1540 2762; x_wconf 92' lang='lat' dir='ltr'>v.</span> <span class='ocrx_word' id='word_1_381' title='bbox 1562 2729 1700 2770; x_wconf 79' lang='lat' dir='ltr'>supra</span> <span class='ocrx_word' id='word_1_382' title='bbox 1726 2729 1835 2770; x_wconf 50' lang='lat' dir='ltr'>versi:</span> <span class='ocrx_word' id='word_1_383' title='bbox 1856 2747 1865 2758; x_wconf 41' lang='grc' dir='ltr'>,ι</span> 
     </span>
    </p>
   </div>
   <div class='ocr_carea' id='block_1_5' title="bbox 266 2804 476 2809">
    <p class='ocr_par' dir='ltr' id='par_1_6' title="bbox 266 2804 476 2809">
     <span class='ocr_line' id='line_1_62' title="bbox 266 2804 476 2809; baseline 0 0"><span class='ocrx_word' id='word_1_384' title='bbox 266 2804 476 2809; x_wconf 95' lang='lat' dir='ltr'> </span> 
     </span>
    </p>
   </div>
   <div class='ocr_carea' id='block_1_6' title="bbox 324 2840 804 3067">
    <p class='ocr_par' dir='ltr' id='par_1_7' title="bbox 324 2840 804 3067">
     <span class='ocr_line' id='line_1_63' title="bbox 324 2840 739 2887; baseline -0.01 -5"><span class='ocrx_word' id='word_1_385' title='bbox 324 2843 387 2882; x_wconf 81' lang='lat' dir='ltr'>Cf.</span> <span class='ocrx_word' id='word_1_386' title='bbox 412 2843 569 2887; x_wconf 81' lang='lat' dir='ltr'>MARc.,</span> <span class='ocrx_word' id='word_1_387' title='bbox 591 2840 739 2884; x_wconf 75' lang='lat' dir='ltr'><strong>1X.23.</strong></span> 
     </span>
     <span class='ocr_line' id='line_1_64' title="bbox 324 2900 724 2946; baseline -0.013 -5"><span class='ocrx_word' id='word_1_388' title='bbox 324 2902 387 2941; x_wconf 79' lang='lat' dir='ltr'>Cf.</span> <span class='ocrx_word' id='word_1_389' title='bbox 404 2903 554 2943; x_wconf 66' lang='lat' dir='ltr'>Apoc„</span> <span class='ocrx_word' id='word_1_390' title='bbox 575 2900 671 2946; x_wconf 82' lang='lat' dir='ltr'>XX,</span> <span class='ocrx_word' id='word_1_391' title='bbox 691 2901 724 2937; x_wconf 82' lang='grc'>4.</span> 
     </span>
     <span class='ocr_line' id='line_1_65' title="bbox 325 2961 716 3006; baseline -0.01 -5"><span class='ocrx_word' id='word_1_392' title='bbox 325 2962 390 3001; x_wconf 76' lang='lat' dir='ltr'>Cf.</span> <span class='ocrx_word' id='word_1_393' title='bbox 411 2961 564 3006; x_wconf 83' lang='lat' dir='ltr'>HEBR.,</span> <span class='ocrx_word' id='word_1_394' title='bbox 588 2961 661 3004; x_wconf 87' lang='lat' dir='ltr'>VI,</span> <span class='ocrx_word' id='word_1_395' title='bbox 680 2961 716 2998; x_wconf 83' lang='lat'>9.</span> 
     </span>
     <span class='ocr_line' id='line_1_66' title="bbox 324 3019 804 3067; baseline -0.004 -7"><span class='ocrx_word' id='word_1_396' title='bbox 324 3021 503 3060; x_wconf 74' lang='lat' dir='ltr'>Michael</span> <span class='ocrx_word' id='word_1_397' title='bbox 521 3033 544 3058; x_wconf 87' lang='lat' dir='ltr'>a</span> <span class='ocrx_word' id='word_1_398' title='bbox 562 3019 804 3067; x_wconf 88' lang='lat' dir='ltr'>Kuenburg.</span> 
     </span>
    </p>
   </div>
   <div class='ocr_carea' id='block_1_7' title="bbox 259 2848 274 3044">
    <p class='ocr_par' dir='ltr' id='par_1_8' title="bbox 259 2848 274 3044">
     <span class='ocr_line' id='line_1_67' title="bbox 259 2848 274 3044; textangle 90"><span class='ocrx_word' id='word_1_399' title='bbox 259 2848 274 3044; x_wconf 55' lang='lat' dir='ltr'>*wis-2¹-</span> 
     </span>
    </p>
   </div>
  </div>
 </body>
</html>
