1908 3446
272 255 319 292 70
740 256 959 294 LirrfflzAss
987 257 1343 303 QUADffiMEsrREs

219 370 459 408 speramus,
494 359 563 397 hic
585 372 608 396 a
639 359 764 398 nobis
797 364 863 397 est
894 359 1115 398 hominum
1137 360 1328 399 societas
1360 361 1556 400 instituta
1591 374 1677 400 non
1709 363 1851 401 multis
1906 368 1908 377 ’

218 429 376 468 abhinc
397 429 567 476 diebus,
593 430 664 481 qui
687 436 1013 469 sacrosanctum
1037 430 1326 469 eucharistiae
1350 438 1669 471 sacramentum
1694 439 1850 473 octauo
1906 422 1908 441 ἲ

217 513 394 551 quoque
426 500 495 538 die
519 505 708 547 sumunt,
735 502 883 552 sicque
908 501 947 539 in
972 502 1086 539 omni
1109 502 1317 540 virtutum
1339 515 1504 553 genere
1527 503 1774 553 proficiunt,
1809 511 1852 542 vt
1906 490 1908 498 Α

219 572 356 609 verbo
381 577 424 609 et
447 564 652 622 exemplo
688 573 847 610 multos
870 585 955 610 non
981 573 1183 624 vulgares
1205 573 1479 624 plebeaeque
1501 579 1633 612 notae
1656 575 1853 613 homines
1906 575 1908 579 ’

218 642 301 680 iam
324 641 377 680 ad
395 642 510 680 idem
529 641 777 681 faciendum
795 642 1130 691 commouerint,
1151 649 1195 681 et
1216 644 1362 694 plures
1379 644 1432 682 ad
1449 657 1527 682 sua
1543 643 1703 683 nostris
1722 647 1852 684 confi-
1906 642 1908 691 J

219 712 351 752 tenda
386 718 569 764 peccata
606 713 853 752 excitarint.
888 715 972 764 Ipsi
1004 715 1117 753 enim
1149 714 1377 753 dominicis
1412 716 1650 767 faestisque
1682 715 1850 761 diebus,
1906 762 1908 767 .

218 790 315 836 post
340 785 601 823 concionem
622 785 710 823 R.di
736 786 780 823 P.
806 785 991 824 rectoris
1011 788 1016 805 ¹
1038 786 1213 837 vesperi
1234 785 1275 824 in
1296 800 1425 825 vnam
1458 787 1657 825 classium
1689 793 1853 827 nostra·
1905 771 1908 802 l

219 869 312 894 rum
337 855 621 903 conueniunt,
647 856 721 894 vbi
745 868 857 907 quae
879 857 933 894 ad
955 857 1147 895 diuinum
1169 870 1363 896 amorem
1391 859 1558 896 animos
1589 859 1853 899 inflammare

219 932 416 977 possunt,
442 926 596 965 sedulo
619 926 803 978 quisque
826 927 1010 978 peragit,
1044 928 1234 978 nihilque
1270 930 1624 980 praetermittunt
1645 930 1762 980 quod
1785 932 1853 969 vel
1905 932 1907 973 j

218 997 271 1036 ad
293 998 358 1036 sui
380 997 709 1046 demissionem,
735 999 806 1037 vel
824 999 877 1036 ad
895 998 1064 1037 rudium
1082 1013 1133 1038 ac
1149 1005 1352 1049 tyronum
1369 1001 1722 1040 aedificationem
1747 1002 1854 1041 vtili-
1905 1002 1907 1039 ζ

219 1074 443 1121 tatemque
463 1069 693 1108 maximam
713 1070 946 1120 pertineat.
968 1070 1014 1108 Id
1031 1070 1147 1120 quod
1166 1085 1218 1110 eo
1242 1072 1373 1122 pluris
1395 1073 1591 1120 facimus,
1616 1086 1701 1124 quo
1725 1076 1854 1113 rario-
1905 1067 1908 1091 Ξ

219 1153 288 1178 res
310 1140 382 1192 qui
403 1141 653 1179 huiusmodi
677 1141 855 1180 viuendi
883 1142 1097 1180 rationem
1121 1147 1372 1193 sequantur,
1405 1144 1446 1182 in
1477 1145 1557 1183 hac
1590 1145 1767 1198 ciuitate
1790 1160 1854 1185 re·

218 1211 423 1262 perimus.
451 1213 593 1261 Quem
618 1224 726 1251 vero
752 1212 928 1251 modum
960 1214 1000 1251 in
1038 1214 1237 1252 omnibus
1259 1220 1453 1262 teneant,
1488 1222 1530 1254 et
1553 1221 1759 1267 quantum
1790 1218 1854 1256 his

218 1282 511 1330 delectentur,
536 1282 591 1321 ad
612 1283 695 1321 alia
717 1284 943 1331 festinans,
970 1285 1179 1323 omittam.
1207 1285 1573 1337 Quandoquidem
1595 1288 1667 1338 qui
1696 1301 1773 1327 eos
1796 1290 1854 1327 vi-

218 1353 335 1400 deat,
359 1353 518 1404 aliquid
537 1352 675 1392 nostri
696 1353 885 1393 instituti
907 1354 1088 1393 eosdem
1111 1356 1334 1394 imbibisse
1357 1357 1545 1396 fateatur
1561 1371 1747 1398 necesse
1771 1365 1851 1399 est.

219 1424 327 1462 Nam
345 1424 400 1463 ad
416 1425 652 1476 ingenuam
672 1424 803 1464 animi
825 1425 1048 1473 virtutem,
1063 1439 1190 1477 quam
1207 1428 1321 1477 apud
1340 1441 1491 1466 omnes
1507 1442 1611 1479 prae
1630 1442 1676 1468 se
1693 1430 1851 1477 ferunt,

220 1500 387 1534 tantum
410 1495 562 1534 salutis
584 1494 822 1534 animarum
846 1496 1036 1535 studium
1058 1496 1244 1545 accedit,
1264 1504 1310 1536 vt
1327 1511 1374 1537 se
1391 1503 1482 1537 tum
1500 1499 1675 1539 demum
1697 1502 1850 1540 beatos
1907 1527 1908 1550 ᾗ

221 1579 321 1605 esse
342 1572 512 1617 putent,
538 1580 636 1606 cum
667 1567 822 1618 aliquis
845 1567 958 1618 apud
979 1580 1059 1606 nos
1087 1569 1370 1608 confessurus
1399 1582 1476 1621 per
1501 1583 1578 1609 eos
1609 1570 1851 1611 adducitur.
1907 1560 1908 1606 J

271 1648 309 1685 3.
386 1639 483 1677 Fuit
506 1652 560 1676 ex
582 1638 648 1677 his
670 1652 795 1686 vnus,
820 1639 893 1690 qui
915 1653 1013 1678 cum
1035 1641 1286 1691 coniugem,
1309 1641 1482 1690 fratres,
1507 1642 1704 1693 quamuis
1734 1644 1853 1683 iuue-

218 1723 310 1757 nes,
335 1723 386 1749 ac
407 1714 632 1761 postremo
656 1715 825 1762 patrem
849 1709 902 1749 ad
923 1710 965 1749 id
982 1711 1100 1762 quod
1117 1712 1209 1762 ipse
1231 1712 1399 1751 faceret
1421 1714 1474 1751 ab
1497 1714 1613 1752 omni
1635 1714 1716 1753 alia
1738 1715 1854 1767 cogi·
1907 1721 1908 1748 l

217 1782 386 1820 tatione
417 1781 608 1821 mirificis
645 1782 902 1833 quibusdam
939 1784 1318 1822 cohortationibus
1353 1785 1636 1834 traduxisset,
1675 1799 1728 1825 eo
1765 1792 1854 1826 tan·
1907 1813 1908 1822 η

217 1852 317 1891 dem
340 1866 410 1891 res
433 1853 622 1892 adducta
655 1857 736 1900 est,
760 1859 807 1891 vt
828 1853 894 1892 his
915 1867 1189 1906 nequaquam
1211 1859 1460 1903 contentus,
1486 1857 1540 1895 ad
1570 1857 1725 1897 altiora
1745 1857 1853 1909 aspi-

216 1923 335 1971 rarit,
360 1929 491 1975 atque
515 1924 596 1963 sibi
619 1925 830 1975 sanguine
863 1925 1123 1964 coniunctos
1152 1926 1238 1964 hoc
1269 1926 1428 1965 eodem
1459 1928 1587 1966 hamo
1623 1929 1854 1968 nonnullos

217 1995 401 2045 ceperit;
424 2007 553 2046 quem
584 2000 754 2034 tantum
777 1995 901 2034 abest
924 2000 970 2034 vt
1001 1996 1162 2048 aliquid
1181 1997 1430 2036 huiusmodi
1450 1998 1628 2049 pudeat,
1653 2005 1699 2037 vt
1722 2000 1852 2039 etiam
1903 1990 1905 2025 ῗ

218 2065 442 2104 cuiusdam
466 2066 628 2114 militis,
654 2066 727 2116 qui
746 2067 833 2105 hoc
855 2081 978 2105 suum
1004 2067 1180 2106 viuendi
1210 2068 1454 2107 institutum
1490 2082 1576 2108 non
1606 2069 1665 2109 ita
1686 2069 1852 2121 pridem

217 2136 443 2185 illudebat,
467 2136 784 2188 impudentiam
807 2136 868 2176 sic
889 2138 1164 2188 represserit,
1192 2144 1236 2177 vt
1257 2152 1344 2177 non
1366 2140 1514 2187 modo,
1537 2139 1654 2191 quod
1670 2141 1852 2192 primum
1902 2171 1904 2183 2

216 2209 257 2247 in
281 2221 334 2247 eo
359 2208 609 2257 damnabat,
643 2209 789 2247 statim
820 2209 990 2247 ratione
1013 2210 1153 2248 victus
1174 2216 1275 2260 post
1295 2211 1504 2261 probarit,
1529 2225 1683 2251 verum
1705 2213 1850 2260 etiam,

219 2280 289 2318 vbi
312 2281 449 2319 semel
472 2280 586 2331 apud
608 2280 795 2331 aliquem
820 2293 874 2318 ex
895 2281 1057 2320 nostris
1075 2282 1303 2321 confessus
1327 2288 1461 2330 esset,
1481 2286 1558 2321 sua
1580 2290 1736 2335 sponte
1753 2298 1852 2336 pro-
1902 2291 1904 2295 ⁴

217 2352 384 2390 miserit
405 2353 521 2390 velle
544 2352 626 2391 sibi
650 2351 822 2403 saepius
852 2353 964 2391 hanc
999 2354 1233 2392 salutarem
1270 2354 1559 2394 confessionis
1594 2356 1851 2395 medicinam
1901 2357 1903 2360 ’

217 2423 443 2470 adhibere,
483 2424 600 2474 quod
637 2430 681 2462 et
717 2423 950 2474 praestitit3
982 2430 1278 2475 quantumque
1299 2425 1382 2464 iam
1403 2439 1664 2477 progressus
1687 2428 1756 2475 sit,
1780 2428 1852 2466 vix
1901 2458 1903 2462 Α

218 2492 303 2532 dici
324 2499 488 2544 potest3
512 2495 584 2545 qui
607 2495 879 2534 confessario
903 2495 957 2533 sit
979 2495 1276 2534 absoluendus
1292 2509 1449 2544 necne,
1468 2510 1682 2549 persaepe
1701 2499 1852 2547 sclrlu-
1900 2546 1902 2556 Ι

221 2567 369 2616 pulum
395 2566 544 2615 {niicit3
566 2570 717 2605 tantae
740 2571 807 2605 est
828 2565 1004 2616 pietatis
1028 2567 1216 2617 optimus
1238 2567 1513 2608 adolescens.

269 2648 307 2685 4.
367 2637 435 2675 Ab
460 2637 635 2684 eodem,
661 2650 790 2688 quern
811 2649 915 2687 prae
934 2637 1122 2675 caeteris
1143 2638 1368 2676 nominare
1386 2639 1620 2687 voluimus,
1643 2641 1774 2680 etiam
1796 2642 1852 2680 al·
1900 2626 1901 2630 Ἰ

264 2806 273 2825 ¹
325 2804 444 2843 Initio
461 2805 557 2842 anni
578 2805 669 2842 1559
688 2810 820 2842 rector
839 2805 1004 2852 collegii
1032 2804 1290 2842 ferrariensis
1317 2806 1480 2844 videtur
1506 2807 1631 2846 fuisse
1659 2809 1704 2846 P.
1732 2808 1853 2856 joan·
1898 2815 1901 2842 ἰ

214 2877 288 2903 nes
306 2863 518 2908 Pelletier,
534 2864 603 2912 qui
621 2870 742 2902 antea
760 2864 1104 2910 superintendens
1118 2864 1264 2902 fuerat.
1286 2863 1411 2903 Pater
1426 2867 1535 2904 enim
1549 2865 1684 2906 Guido
1699 2869 1851 2914 Roilet,
1897 2892 1900 2903 .

215 2924 284 2970 qui
309 2923 422 2971 prius
447 2936 519 2971 per
544 2924 709 2971 aliquod
736 2929 896 2971 tempus
922 2924 1092 2962 rectoris
1116 2937 1264 2962 munus
1281 2925 1454 2972 obierat,
1475 2938 1582 2964 nunc
1601 2926 1851 2965 foroliviensi

216 2983 393 3032 collegio
412 2988 617 3032 praeerat.
638 2982 1105 3031 cf.Laz·n2·1·Monum.,
1127 2983 1202 3031 IV,
1222 2983 1281 3030 47,
1300 2984 1383 3031 253,
1404 2985 1486 3029 311,
1506 2985 1588 3039 451„
1897 2976 1901 2999 ¹
