1908 3446
525 265 912 305 355f—BELL1MARE
937 264 983 304 28
1010 266 1168 305 MAR‘rn
1199 267 1287 305 1560
1609 264 1679 307 503

101 374 217 419 pant,
237 376 364 419 prout
395 371 540 417 rebus,
572 371 771 420 personis
795 376 838 409 et
861 369 1132 421 temporibus
1155 370 1302 408 utilius
1323 371 1365 408 in
1399 370 1585 409 Domino
1619 371 1724 410 iudi-

103 446 214 478 cant.
240 442 333 479 Nec
362 442 475 492 perit
506 441 686 480 fruetus.
721 443 830 480 Nam
865 443 994 492 aliqui
1015 443 1216 492 parrochi
1249 444 1453 492 exemplo
1475 448 1724 481 nostrorum

102 512 392 550 vehementer
437 513 543 550 moti
574 513 685 551 haec
718 514 861 552 omnia
900 526 1055 564 magna
1090 526 1188 551 cum
1223 512 1498 552 subditorum
1539 514 1726 552 utilitate

101 595 226 633 quam
251 584 414 633 optime
435 589 674 634 praestant.
696 586 877 635 Insuper
896 590 940 622 et
962 585 1134 622 saculos
1151 590 1342 635 portant,
1367 598 1389 622 a
1412 584 1618 623 diuitibus
1641 585 1727 623 ele-

103 666 335 704 emosynas
375 655 573 705 flagitant
617 654 806 694 ostiatim
846 658 1055 706 petentes,
1091 668 1198 706 quas
1238 655 1421 694 subinde
1465 656 1727 707 pauperibus

102 725 276 771 Christi,
300 731 430 776 prout
470 725 627 776 cuique
651 739 759 776 opus
792 733 873 774 est,
899 732 1050 765 curant
1070 726 1397 777 impertiendas.
1428 727 1552 765 Haec
1585 727 1727 764 fuerat

102 797 203 834 olim
235 798 497 848 episcopalis
533 797 805 845 constitutio,
843 799 927 836 iam
961 811 1075 849 pene
1110 797 1288 845 abolita,
1325 811 1438 849 quae
1477 804 1727 836 nostrorum

101 868 294 906 aduentu
325 869 638 919 aliquantulum
675 870 849 908 reuixit.
875 870 1110 920 Speramus
1131 870 1243 918 fore,
1281 871 1466 909 ducente
1487 877 1505 895 a
1526 870 1657 916 Dno.,
1682 876 1728 907 ut

100 938 253 989 reliqui
292 940 509 990 parrochi,
543 952 640 978 cum
689 940 888 988 istorum,
939 946 1030 979 tum
1062 941 1193 980 etiam
1223 946 1475 979 nostrorum
1505 942 1725 991 exemplo,

100 1011 209 1047 haec
231 1010 387 1048 eadem
411 1017 699 1061 exequantur.
726 1010 857 1061 Quod
874 1013 907 1049 si
925 1012 987 1059 fit,
1022 1025 1224 1064 magnum
1255 1011 1343 1051 erit
1363 1013 1382 1038 b
1412 1013 1454 1050 in
1471 1013 1553 1050 hac
1584 1012 1727 1062 regio-

98 1094 151 1120 ne
182 1081 384 1119 fidelibus
405 1082 566 1120 Christi
589 1090 633 1121 et
656 1095 889 1133 corporum
912 1090 956 1121 et
977 1084 1214 1122 animarum
1237 1085 1596 1123 emolumentum.
1617 1085 1726 1123 Nam

98 1152 387 1203 agricolarum
405 1153 659 1191 reformatio
684 1158 791 1201 tota,
816 1160 889 1192 aut
924 1160 940 1179 c
965 1155 1152 1193 maxima
1187 1155 1206 1179 <¹
1230 1160 1368 1205 parte,
1395 1168 1448 1193 ex
1472 1153 1727 1194 eorumdem

101 1229 322 1262 rectorum
344 1224 509 1275 pendet
531 1225 862 1263 reformatione.

152 1304 188 1342 5.
249 1295 543 1334 Disseminant
577 1297 716 1334 nostri
750 1297 933 1335 verbum
972 1298 1053 1335 Dei
1087 1310 1164 1348 per
1200 1297 1376 1335 diuersa
1410 1298 1522 1345 loca,
1564 1299 1726 1336 nullum

97 1378 274 1416 prorsus
297 1370 524 1416 sperantes
544 1368 789 1418 temporale
811 1367 1090 1418 stipendium.
1121 1369 1175 1406 Et
1205 1382 1259 1407 ne
1292 1368 1398 1406 dent
1427 1369 1557 1407 ullam
1590 1369 1727 1407 offen-

99 1437 268 1475 sionem
299 1439 436 1476 uerbo
469 1438 566 1485 Dei,
599 1439 851 1477 necessaria
882 1440 1013 1477 etiam
1035 1440 1152 1478 vitae
1174 1440 1376 1490 accipere
1400 1446 1619 1479 recusant.
1643 1440 1727 1479 Co-

98 1515 259 1559 guntur
280 1522 429 1560 saepe,
454 1516 500 1548 ut
522 1511 677 1549 saltem
713 1511 908 1549 diurnam
943 1518 1114 1549 sumant
1137 1511 1444 1550 refectionem.
1469 1511 1558 1550 Sed
1579 1524 1723 1563 neque

99 1582 239 1619 coacti
261 1581 437 1632 quidem
459 1582 750 1621 refectionem
773 1589 947 1621 sumunt
979 1583 1183 1621 oblatam.
1210 1583 1342 1633 Quod
1363 1584 1561 1634 quamuis
1583 1588 1726 1621 auste-

97 1665 190 1690 rum
221 1658 266 1691 et
300 1653 438 1692 veluti
472 1667 559 1692 non
594 1654 833 1704 polyticum
869 1655 922 1692 ab
953 1655 1167 1705 aliquibus
1199 1654 1433 1701 iudicetur,
1471 1654 1726 1694 incredibile

97 1730 243 1762 tamen
264 1730 458 1775 praestat
490 1726 533 1763 in
569 1725 735 1764 eisdem
771 1727 909 1765 verbo
947 1726 1232 1765 disseminato
1265 1726 1579 1765 adiumentum.
1617 1726 1727 1765 Cum

99 1796 212 1834 enim
234 1796 388 1835 fideles
411 1803 688 1848 cognoscunt
707 1803 883 1836 nostros
906 1811 992 1836 non
1014 1811 1092 1836 sua
1112 1810 1344 1848 quaerere,
1370 1798 1448 1837 sed
1469 1810 1580 1849 quae
1603 1798 1725 1837 Chri-

98 1868 152 1905 sti
174 1872 286 1914 sunt,
312 1873 356 1906 et
376 1868 569 1919 ipsorum
591 1868 784 1907 fidelium
806 1869 993 1908 salutem
1015 1870 1268 1916 animarum,
1293 1882 1451 1921 magna
1472 1881 1570 1908 cum
1593 1868 1728 1907 auidi-

2 1957 5 1997 :
49 1956 51 1959 ·
98 1944 189 1976 tate
226 1939 400 1977 insitum
436 1941 619 1978 verbum
665 1939 919 1992 suscipiunt,
956 1941 1148 1979 retinent
1183 1947 1314 1992 atque
1348 1941 1469 1991 operi
1507 1940 1726 1979 mandant.

98 2011 324 2061 Tantaque
344 2016 521 2049 nostros
542 2017 867 2062 prosequuntur
890 2012 1119 2059 charitate,
1153 2017 1199 2050 ut
1229 2012 1312 2050 illis
1338 2013 1492 2062 procul
1514 2012 1728 2050 venienti-

97 2083 177 2120 bus
200 2083 373 2120 obviam
409 2089 427 2107 e
456 2083 648 2134 benigne
684 2084 889 2131 salutent,
923 2090 968 2122 et
1002 2083 1044 2122 in
1080 2085 1161 2122 Dei
1196 2083 1348 2122 laudes
1384 2083 1440 2122 ob
1476 2089 1726 2122 nostrorum

99 2154 482 2193 conuersationem
516 2161 833 2206 prorrumpant.
874 2156 1004 2194 Pueri
1038 2155 1214 2206 insuper
1250 2160 1295 2193 et
1325 2155 1524 2202 iuuenes,
1562 2155 1634 2205 qui
1655 2155 1727 2193 vel

97 2232 251 2264 natura
270 2226 363 2276 ipsa
385 2228 444 2264 ad
461 2226 646 2278 gaudia
665 2227 678 2251 f
703 2228 916 2266 secularia
936 2228 1157 2278 proclives
1180 2232 1293 2274 sunt,
1328 2239 1425 2265 cum
1461 2231 1636 2265 nostros
1667 2226 1728 2264 vi-

98 2296 217 2343 dent,
241 2297 367 2335 ludos
388 2298 651 2349 relinquunt,
677 2299 838 2337 saltare
860 2304 1050 2346 cessant,
1085 2304 1291 2349 tympana
1321 2303 1531 2349 spernunt
1552 2298 1727 2349 (instru-

98 2374 245 2406 menta
274 2369 564 2420 agricolarum
594 2371 792 2420 musica),
827 2376 871 2409 et
901 2370 955 2409 ad
985 2376 1162 2409 nostros
1194 2370 1455 2409 unanimiter
1487 2371 1728 2416 confluunt,

97 2444 308 2490 tantoque
339 2440 555 2479 ducuntur
586 2454 731 2480 rerum
762 2442 1005 2480 diuinarum
1036 2455 1202 2489 amore,
1240 2448 1285 2480 ut
1313 2443 1424 2480 alter
1451 2443 1637 2480 alterum
1673 2441 1727 2479 ad

97 2511 361 2550 audiendum
382 2513 566 2551 verbum
596 2512 789 2551 diuinum
818 2517 1053 2563 prouocet,
1085 2513 1203 2564 quod
1233 2526 1321 2552 non
1352 2513 1539 2551 audierit
1570 2526 1726 2563 expro-

97 2583 210 2630 bret,
235 2588 279 2621 et
299 2583 624 2623 inconsiderate
645 2585 862 2623 iurantem
882 2583 1189 2623 fraternaliter
1212 2591 1233 2617 g
1266 2589 1437 2635 arguat.

150 2654 188 2693 6.
247 2655 313 2693 Ex
346 2656 456 2694 locis
476 2657 582 2694 item
602 2656 811 2707 proximis
833 2668 960 2707 quam
984 2655 1155 2707 plurimi
1178 2657 1449 2695 conueniunt
1471 2657 1624 2694 Patres
1647 2657 1725 2695 So-

99 2725 270 2764 cietatis
290 2739 369 2765 sua
387 2727 524 2765 sasuri
546 2728 565 2752 ¹¹
594 2733 792 2779 peccata.
824 2727 1048 2766 patentur
1078 2727 1113 2775 i,
1146 2733 1191 2766 et
1221 2728 1403 2766 mirabili
1425 2727 1610 2779 quadarn
1643 2727 1727 2765 suf-

97 2795 181 2835 fusi
214 2797 394 2845 laetitia,
431 2798 594 2849 gratias
629 2799 724 2837 Deo
756 2798 1019 2845 referentes,
1052 2799 1095 2836 in
1124 2799 1301 2850 propria
1330 2804 1544 2837 remeant.
1578 2799 1729 2836 Placet

100 2867 313 2916 omnibus,
338 2873 382 2907 et
403 2870 591 2909 maxime
613 2869 833 2922 agricolis,
865 2870 983 2921 quod
1010 2870 1150 2908 nostri
1171 2883 1219 2909 se
1242 2869 1437 2909 offerunt
1457 2869 1586 2908 valde
1609 2869 1729 2907 fami-

146 3028 164 3047 a
195 3019 373 3058 fauente.
418 3021 484 3047 —b
504 3026 710 3068 sequetur.
774 3027 828 3047 -0
855 3025 979 3058 certe.
1030 3020 1098 3046 —d
1119 3032 1183 3057 ex.
1237 3028 1302 3047 -e
1324 3025 1431 3057 eant.
1474 3020 1533 3045 —f
1557 3020 1607 3056 ad
1626 3019 1731 3056 sola-

99 3081 154 3117 tia
173 3082 219 3117 in
239 3091 377 3126 marg.
432 3088 500 3113 —g
519 3079 713 3118 fraterne.
770 3081 834 3106 ——h
855 3079 1073 3117 confesuri.
1127 3081 1185 3107 —ssi
1209 3079 1468 3117 confitentur.
