2095 3623
419 301 461 338 14
881 303 1099 341 LtrrERAE
1125 303 1480 350 QUADRIMESTRES

371 409 397 434 a
429 396 825 448 disputationibus,
850 413 925 439 sex
960 401 1112 439 obolos
1142 403 1419 447 numeraret,
1454 413 1566 450 qnae
1602 401 1752 438 tamen
1774 407 1792 425 a
1813 399 1998 450 pecunia

370 480 457 506 non
480 470 520 507 in
543 483 689 509 metim
711 472 729 495 b
752 471 1045 518 commodum,
1071 472 1148 510 sed
1170 473 1211 510 in
1233 473 1448 522 publicam
1470 472 1661 521 ipsorum
1679 472 1913 510 vtilitatem
1936 485 2001 511 re-

372 540 489 579 direz‘
512 548 541 578 C:
568 550 814 580 curaturum
840 542 951 580 enim
975 556 1059 587 me,
1085 550 1129 581 vt
1154 556 1204 581 ea
1226 544 1362 581 tribus
1384 542 1545 593 primis,
1570 556 1679 593 quos
1707 549 1882 594 praeter
1906 556 2001 581 cae-

367 617 489 650 teros
525 612 827 663 diligentiores
859 620 953 652 toto
987 628 1097 652 anno
1132 620 1339 665 expertus
1372 627 1530 661 essem,
1572 615 1642 652 vel
1674 614 1770 652 libri
1801 615 2003 665 physico-

369 696 461 721 rum
486 690 529 721 et
560 685 886 735 metaphysicae
919 692 1288 736 compararentur,
1315 687 1383 723 vel
1414 685 1777 735 praeceptoribus
1808 686 2002 723 externis

370 754 741 793 examinatoribus
765 762 807 793 et
829 757 937 794 fisco
960 757 1176 794 facultatis
1198 757 1368 803 artium,
1392 757 1434 794 in
1455 756 1734 806 promotione
1765 769 1842 806 pro
1865 756 2002 807 gradu

369 826 703 864 baculaureatus
722 827 741 851 (ἴ
763 827 1013 865 satisfieret.
1033 827 1221 878 Rogant?
1236 827 1479 866 sentenfias
1498 827 1714 874 omnium,
1732 828 1887 865 nullus
1904 829 2003 866 erat

364 899 560 946 prorsus
582 897 657 935 cui
678 911 766 936 non
789 897 834 935 id
850 911 1020 937 summe
1037 899 1250 948 placeret.
1270 897 1391 935 lstud
1412 898 1529 948 quod
1550 898 1592 935 in
1615 911 1712 936 mea
1734 899 1883 936 schola
1900 904 2001 936 tunc

370 967 532 1005 factum
558 973 639 1016 est,
664 969 705 1006 in
745 969 965 1007 rhetorica
989 970 1127 1006 classe
1150 969 1405 1019 frequenter
1429 969 1602 1008 accidit.

418 1050 456 1088 4.
517 1040 644 1077 Circa
674 1040 834 1077 festum
865 1040 1067 1078 Omnium
1097 1041 1372 1088 Sanctorum,
1409 1041 1525 1079 facta
1561 1046 1627 1079 est
1663 1041 1905 1079 studiorum
1940 1041 2001 1078 in-

366 1111 560 1158 nouatio,
585 1124 668 1161 qua
690 1111 888 1162 discipuli
909 1125 1021 1161 pene
1053 1124 1205 1150 omnes
1241 1113 1419 1150 altiores
1452 1113 1613 1150 classes
1645 1112 1881 1163 petierunt,
1914 1125 1999 1149 non

366 1182 459 1219 sine
482 1181 679 1232 diligenti
703 1183 902 1220 examine
925 1183 1172 1233 priusquam
1195 1183 1249 1221 ad
1271 1196 1501 1221 ascensum
1534 1182 1882 1221 admitterentur.
1918 1185 2001 1221 Per

367 1265 562 1291 mensem
600 1255 712 1291 enim
752 1254 972 1304 integrum
1006 1260 1320 1305 praeceptores
1361 1255 1490 1304 aliqui
1524 1254 1565 1292 in
1603 1254 1892 1293 examinando
1931 1268 2000 1293 oc-

366 1325 510 1375 cupati
530 1325 721 1372 fuerunt,
744 1324 927 1374 scripiis
949 1325 1152 1363 omnium
1174 1325 1516 1375 qnaesfz‘onibns
1537 1328 1576 1365 et
1597 1325 1849 1373 erroribus,
1883 1325 2000 1363 audi-

365 1395 504 1444 tisque
520 1396 744 1434 rhetorum
763 1394 1168 1443 declamationibus,
1191 1400 1234 1433 et
1255 1396 1396 1443 lectis,
1417 1400 1508 1434 tum
1526 1398 1767 1443 rhetorum,
1786 1401 1877 1434 tum
1895 1409 2000 1447 poe-

364 1471 504 1505 tarum
523 1473 567 1505 et
588 1469 971 1518 grammaticorum
995 1468 1279 1515 orationibus,
1305 1468 1567 1506 carminibus
1587 1474 1630 1506 et
1653 1469 1864 1520 epistolis,
1889 1480 1999 1518 quae

365 1539 519 1588 partim
543 1552 597 1577 ex
619 1544 834 1590 tempore,
854 1540 978 1578 nobis
999 1541 1323 1590 praesentibus,
1343 1540 1498 1590 partim
1517 1539 1589 1577 diu
1611 1545 1712 1577 ante
1731 1539 2000 1589 conscripse-

365 1615 473 1648 rant.
498 1609 637 1649 Finito
662 1611 877 1658 examine,
902 1611 1065 1661 aliquot
1088 1611 1247 1649 deinde
1269 1617 1367 1661 post
1389 1610 1498 1658 dies,
1533 1611 1712 1648 cuilibet
1741 1610 1783 1648 in
1814 1622 2000 1648 ascensu

365 1680 488 1719 locus
517 1695 595 1732 pro
629 1682 875 1720 eruditione
908 1688 951 1720 et
986 1682 1150 1732 pietate
1182 1682 1322 1731 (cuius
1355 1682 1485 1720 etiam
1517 1681 1627 1719 ratio
1650 1682 1911 1730 habebatur)
1934 1685 2000 1718 est

367 1752 634 1803 designatus.
660 1754 776 1791 Talis
799 1754 912 1791 enim
935 1754 1120 1804 gloriola
1145 1754 1367 1802 juuentuti
1389 1753 1443 1791 ad
1473 1754 1615 1791 acrius
1646 1752 1909 1790 studendum
1939 1752 2001 1790 vi-

367 1823 494 1861 detur
515 1824 713 1862 stimulos
735 1824 914 1862 addere.
939 1825 1038 1862 Dati
1060 1829 1158 1862 sunt
1181 1825 1311 1862 etiam
1334 1825 1430 1862 libri
1452 1830 1542 1862 tres
1569 1824 1707 1862 tribus
1729 1822 2000 1861 doctioribus

368 1907 421 1932 ex
444 1896 664 1934 rhetorica
685 1896 739 1934 ad
760 1896 947 1947 logicam
974 1896 1328 1934 ascendentibus.
1355 1895 1563 1944 Quorum
1591 1895 1795 1934 omnium
1820 1895 2001 1945 primus

366 1965 422 2015 (is
444 1965 686 2005 Societatis
706 1968 785 2017 est)
808 1979 1043 2018 organum
1072 1967 1332 2006 Aristotelis
1365 1967 1409 2005 in
1441 1969 1623 2017 quarto,
1657 1965 1890 2016 Parrysiis
1918 1965 1999 2004 im-

361 2039 568 2087 pressam
587 2040 718 2088 atque
737 2052 764 2076 a
780 2038 928 2076 variis
945 2038 1084 2077 latine
1104 2038 1344 2086 redditmn,
1363 2038 1546 2088 accepit.
1566 2037 1812 2084 Secundus,
1832 2039 1998 2076 domes-

366 2108 482 2147 ticas
505 2109 645 2148 bonae
678 2109 771 2159 spei
804 2109 996 2155 iuuenis,
1023 2109 1137 2147 idem
1160 2122 1394 2161 organum
1415 2109 1464 2148 in
1486 2111 1664 2148 octauo.
1700 2108 1890 2156 Tertius,
1915 2109 1999 2147 leo-

367 2178 533 2218 diensis
554 2179 755 2229 qnidam,
780 2179 917 2218 etiam
939 2179 1188 2226 conztz'cior,
1213 2179 1474 2218 Aristotelis
1496 2179 1727 2218 aethicam
1749 2178 1794 2216 in
1819 2181 1999 2224 octaua·

367 2263 477 2300 qnos
511 2249 654 2289 libros
686 2264 738 2290 ex
773 2250 953 2289 mulctis
988 2263 1101 2300 qaas
1130 2250 1217 2288 sibi
1248 2250 1598 2301 impossaerant,
1640 2263 1804 2302 regens
1842 2262 1998 2289 eorum

360 2324 629 2372 praeceptor
648 2321 744 2360 illis
766 2322 1069 2372 comparauit,
1095 2322 1282 2361 (calecas
1303 2324 1454 2362 tamen
1474 2321 1645 2369 multis,
1666 2324 1784 2372 quod
1805 2322 2000 2360 mulctae

365 2405 457 2431 non
476 2392 764 2444 suffecerint.
790 2393 987 2431 Recitata
1008 2398 1098 2430 turn
1119 2394 1330 2443 temporis
1352 2393 1529 2431 fuerunt
1557 2406 1580 2431 a
1610 2391 1818 2431 studiosis
1850 2405 1999 2431 ascen—

366 2463 584 2511 dentibus,
606 2464 761 2514 partim
784 2465 987 2511 carmina,
1011 2465 1165 2514 partim
1184 2465 1406 2503 orationes
1427 2465 1468 2502 in
1485 2465 1701 2503 variarum
1720 2464 1997 2502 scientiarum

367 2534 809 2574 commendationem.

421 2615 457 2655 5.
517 2606 775 2644 Lectionum
805 2618 940 2656 parua
969 2606 1084 2643 facta
1114 2611 1181 2643 est
1211 2606 1394 2645 mutatio
1426 2613 1458 2645 e.
1490 2606 1613 2645 Nam
1644 2607 1702 2644 M.
1735 2605 1999 2645 Balduinns

365 2677 475 2725 suis,
498 2680 642 2728 nuper
661 2677 710 2716 in
732 2676 996 2716 bacularios
1018 2677 1191 2716 artium
1208 2678 1448 2728 promotis,
1473 2677 1586 2730 legit
1597 2677 1832 2729 physicam
1853 2679 1892 2716 et
1913 2690 1999 2715 me-

367 2748 661 2800 taphysicam.
686 2748 788 2800 Ego
815 2748 925 2787 meis
950 2748 1085 2786 nonis
1112 2748 1278 2800 logicis
1312 2748 1573 2788 Aristotelis
1608 2748 1911 2795 dialecticam,
1949 2746 1998 2785 in

358 2821 481 2872 festo
497 2821 695 2871 paschae
718 2818 1021 2858 adiuncturus
1044 2819 1285 2858 aethicam:
1312 2833 1422 2858 nam
1448 2819 1703 2859 senioribus
1736 2818 1998 2858 baculareis

411 2986 430 3005 a
480 2987 588 3023 licet.
646 2987 707 3011 -b
741 2992 933 3022 nostrum.
988 2991 1051 3010 -e
1085 2990 1172 3021 erat
1199 2985 1392 3022 reditura.
1448 2987 1514 3011 -d
1548 2998 1702 3023 eorum.
1768 2993 1833 3011 —e
1857 2984 1910 3022 In
1937 2995 1999 3021 se-

363 3047 516 3093 quenti
546 3045 830 3091 paragrapho
869 3046 995 3091 prius
1039 3045 1191 3091 aliqua
1232 3046 1526 3090 castigaverat
1559 3045 1801 3087 Polancus‚
1846 3048 1995 3090 postea

363 3106 516 3143 omnia
535 3104 810 3160 cancellavit.

2089 3186 2095 3336 ι
