1908 3446
197 279 268 315 518
680 283 898 319 LITTERAE
926 282 1282 328 QUADRIMESTRES

149 392 242 418 rum
266 395 395 421 uersu
419 390 660 432 exametro,
685 386 842 436 quippe
861 386 931 434 qui
949 389 1100 435 aperte
1119 390 1163 423 et
1184 386 1379 424 breuiter
1401 387 1625 425 materiam
1647 401 1782 426 asser-

151 451 318 491 tionum
354 457 607 505 aperiebant
639 464 671 494 a·
707 457 872 494 Cantus
908 456 1213 507 gregorianus,
1247 457 1476 496 inusitatus
1506 464 1548 497 et
1568 459 1785 508 jucundus

151 523 252 562 ideo
290 528 503 575 omnibus,
536 529 786 580 incipiebat,
822 529 1109 579 vltimumque
1145 528 1310 566 addidit
1343 529 1633 580 positionibus
1668 532 1787 569 colo·

149 597 360 646 phonem.

206 680 244 718 4.
307 671 461 710 Solent
479 671 701 720 jnterdum
725 685 779 709 ex
802 672 962 709 nostris
993 670 1122 722 aliqui
1153 672 1459 711 concionatum
1483 673 1640 724 oppida
1660 673 1784 711 finiti-

152 754 219 779 ma
240 747 410 792 petere3
444 743 574 781 modo
599 744 878 794 euangelium
912 749 1202 794 exponentes,
1223 743 1354 782 modo
1378 750 1421 782 et
1450 747 1622 796 saepius
1653 747 1784 784 chris-

150 813 309 852 tianam
337 814 670 852 instructionem
701 814 959 852 edocentes.
985 814 1110 853 Adeo
1144 827 1295 853 omnes
1327 816 1475 853 colunt
1509 822 1700 864 nostros,
1740 823 1785 855 vt

150 885 358 935 proximis
382 885 681 935 superioribus
704 885 874 932 diebus,
900 898 997 923 cum
1019 885 1191 936 quidam
1215 898 1269 923 ex
1291 887 1377 924 hoc
1410 888 1600 937 collegio
1623 888 1705 926 iter
1727 889 1784 926 fa-

153 961 289 1002 ceret,
314 956 406 1005 ipso
434 956 589 994 itinere
621 957 760 1007 ipsum
790 969 1019 1008 quousque
1051 956 1388 995 concionaretur
1411 957 1706 997 detinuerunt.
1730 959 1785 998 Et

153 1040 250 1065 cum
272 1028 374 1065 alias
397 1027 496 1065 alibi
519 1028 741 1067 aedituum
763 1034 957 1080 rogaret,
976 1033 1023 1066 vt
1039 1041 1116 1078 per
1139 1041 1237 1066 eum
1259 1029 1338 1067 sibi
1360 1029 1516 1067 liceret
1538 1043 1706 1068 sacrum
1728 1031 1785 1068 ibi

151 1098 314 1145 facere,
348 1112 434 1137 non
462 1100 576 1149 passi
608 1104 707 1138 sunt
739 1100 860 1138 ciues
891 1103 1133 1138 nostratem
1164 1100 1281 1149 prius
1312 1101 1555 1148 celebrare,
1580 1114 1706 1151 quam
1728 1102 1784 1139 ibi

154 1171 412 1208 concionem
434 1171 632 1210 haberet.
658 1173 721 1209 Ex
743 1172 931 1222 quodam
964 1170 1123 1221 oppido
1145 1169 1217 1221 (de
1249 1185 1334 1222 quo
1363 1170 1404 1209 in
1435 1172 1546 1221 alijs)
1568 1173 1785 1223 quendam

155 1255 207 1280 ex
230 1241 392 1280 nostris
413 1242 483 1280 die
505 1243 637 1281 natali
659 1243 832 1292 Dominj
871 1243 1231 1281 concionaturum
1252 1243 1437 1294 petitum
1465 1244 1690 1291 miserunt3
1713 1246 1785 1295 qui

154 1313 455 1362 concionibus,
479 1319 570 1352 tum
606 1314 958 1353 confessionibus
988 1314 1215 1352 audiendis
1250 1327 1527 1366 summopere
1558 1316 1714 1363 arrisit,
1739 1322 1785 1354 vt

155 1397 305 1422 eorum
328 1384 510 1423 deuotio
532 1386 552 1410 b
574 1390 617 1424 et
639 1385 826 1424 affectus
847 1384 1024 1424 indicat.
1045 1385 1176 1423 Modo
1193 1385 1351 1423 iterum
1372 1385 1520 1424 literas
1541 1386 1595 1424 ad
1612 1387 1658 1424 Ρ.
1679 1387 1785 1425 Rec-

154 1462 294 1495 torem
317 1457 573 1496 mandarunt
608 1472 663 1496 ex
685 1470 903 1496 consensu
929 1457 1139 1507 judicum,
1159 1460 1439 1496 coeterorum
1460 1458 1707 1508 regentium
1742 1463 1785 1496 et

156 1530 426 1580 optimatum,
451 1534 498 1567 vt
521 1530 674 1568 saltem
705 1529 859 1568 diebus
894 1529 1123 1569 dominicis
1149 1530 1510 1580 quadragesimae
1535 1535 1784 1569 nostrorum

155 1600 415 1638 concionem
437 1601 652 1649 audirent,
686 1614 774 1640 non
802 1602 1025 1653 signantes
1054 1602 1170 1640 hunc
1203 1606 1277 1640 aut
1310 1601 1444 1648 illum,
1469 1601 1548 1640 sed
1569 1602 1782 1652 quemuis,

156 1672 391 1710 dummodo
428 1673 481 1710 sit
518 1685 572 1710 ex
603 1673 844 1720 Societate,
870 1674 1126 1725 efflagitant.
1159 1673 1247 1711 Illis
1276 1677 1455 1723 propter
1484 1673 1785 1712 incredibilem

155 1743 362 1781 affectum
387 1748 453 1781 est
475 1744 816 1782 assentiendum.
843 1744 1066 1783 Interdum
1087 1744 1311 1783 inuisimus
1334 1744 1574 1794 de[ten]tos
1591 1752 1608 1770 e
1632 1745 1675 1783 in
1695 1745 1785 1783 uin-

156 1815 278 1863 culis,
304 1815 367 1853 eis
390 1815 667 1854 christianam
689 1815 931 1855 doctrinam
954 1816 1229 1868 exponimus3
1251 1816 1469 1854 interdum
1496 1817 1690 1867 aegrotis
1712 1830 1785 1855 xe-

155 1886 363 1935 nodochij
388 1886 670 1934 medicamur,
696 1892 740 1926 et
762 1888 796 1926 si
820 1901 927 1938 opus
950 1893 1031 1934 est,
1057 1887 1371 1937 co[nfes]sione
1393 1887 1604 1926 audimus.

237 1958 359 1996 Haec
389 1963 503 2006 sunt,
538 1960 665 1997 Pater
697 1957 949 2006 colendiss.,
981 1972 1092 2010 quae
1123 1971 1171 1997 se
1202 1958 1305 1997 mihi
1325 1958 1555 1997 scribenda
1577 1958 1781 1997 offerunt.

157 2030 382 2080 Superest,
416 2035 463 2067 vt
493 2030 578 2068 tuis
609 2029 819 2081 de[uo]tis
844 2029 907 2082 [?]‚
940 2030 1136 2078 fratrum,
1154 2035 1412 2081 patrumque
1442 2029 1646 2080 precibus
1668 2042 1783 2068 com-

157 2100 352 2139 mendes.
378 2102 640 2153 Monteregij
665 2111 686 2150 7
708 2101 804 2140 idus
830 2102 1085 2149 februarias,
1108 2113 1220 2140 anno
1248 2101 1361 2151 1560.
1385 2102 1449 2140 Ex
1477 2098 1784 2139 commissione

157 2173 204 2211 P.
229 2173 444 2211 Rectoris.
469 2173 603 2221 Tuus,
628 2174 675 2211 P.
700 2175 765 2221 R.‚
788 2185 942 2212 seruus
963 2173 1005 2212 in
1025 2174 1101 2212 Χ.Ο

1147 2281 1341 2319 mansus
1366 2293 1421 2318 DE
1450 2281 1566 2318 LARA
1596 2284 1622 2319 ¹.

240 2402 497 2453 Inscriptio.
521 2406 549 2454 †
571 2404 655 2442 Ihs.
679 2404 732 2442 Al
754 2417 855 2454 muy
877 2403 974 2442 R.d0
995 2417 1035 2454 p.
1059 2402 1102 2442 in
1123 2403 1198 2442 Χ.ο
1227 2404 1268 2442 01
1297 2404 1345 2442 P.
1379 2404 1624 2443 Prouincial
1654 2404 1708 2443 de
1744 2405 1783 2442 la

158 2473 389 2513 Prouincia
409 2474 464 2512 de
486 2474 644 2513 Sicilia.

207 2661 225 2680 ὃ
258 2653 496 2700 aperiabant
516 2664 595 2690 ms.
663 2654 728 2678 ——b
748 2652 933 2690 deuoetio
952 2662 1031 2689 ms.
1084 2659 1150 2678 —0
1174 2652 1439 2698 Consumpta
1471 2652 1624 2689 charta
1655 2652 1725 2689 hic
1744 2655 1784 2689 et

174 2713 307 2756 infra.

208 2883 218 2902 ¹
271 2879 378 2918 Vide
398 2879 498 2917 Litt.
520 2879 770 2926 Quadrim.‚
795 2878 846 2923 V,
866 2877 949 2923 909,
969 2881 1105 2915 annot.
1129 2877 1160 2914 l.
