1908 3446
216 173 285 210 768
684 174 898 210 LiTTERAE
926 172 1279 216 QUADmMESTREs

172 275 531 325 Transsyluaniae
553 279 576 317 ¹,
603 276 709 313 R.ffl0
740 275 928 324 quinque
951 273 1233 319 Ecclesiensi,
1259 274 1366 310 R.¹³³0
1384 272 1612 310 viennensi
1634 276 1678 309 et
1698 271 1793 319 alijs

171 345 359 393 duobus,
378 359 560 396 quorum
584 346 757 383 nomina
777 358 864 382 non
888 350 1108 390 ocurrunt,
1133 343 1186 381 ad
1207 356 1287 381 nos
1308 343 1490 389 uocatis,
1522 341 1794 392 splendidum

173 418 421 455 conuiuium
470 418 623 468 parari.
656 417 795 454 missis
825 415 878 453 ad
908 416 994 453 hoc
1024 416 1161 466 ipsum
1193 416 1280 453 suis
1317 415 1482 465 coquis,
1515 414 1654 460 iussit3
1686 425 1795 463 quos

173 501 325 527 omnes
346 490 469 539 pueri
490 489 543 526 ad
565 490 647 526 hoc
671 488 870 525 instructi
893 487 1082 525 carmine
1105 487 1253 533 latino,
1277 498 1439 536 graeco
1463 491 1594 536 atque
1629 496 1795 535 germa-

171 561 269 598 nico
293 564 577 610 exceperunt.
600 559 833 596 Assidebat
851 557 1016 595 eisdem
1035 559 1081 595 R.
1104 558 1149 595 P.
1171 556 1456 595 Prouincialis
1476 555 1675 594 omnibus
1692 555 1796 592 mul-

173 632 227 669 tis
249 631 388 670 modis
421 637 463 669 et
499 636 627 668 notus
660 636 703 667 et
734 635 897 681 gratus.
934 630 1094 667 Rector
1126 641 1233 666 uero
1266 641 1363 666 cum
1396 629 1445 666 D.
1480 627 1712 665 Lamberto
1737 625 1797 663 of-

172 703 332 749 ficium,
357 703 474 753 quod
496 714 575 739 nos
607 700 882 749 credentiarij
917 712 1139 743 uocamns,
1168 697 1498 736 administrauit.
1528 697 1648 735 Idem
1669 697 1798 734 R.¹³¹³us

174 775 350 821 Hosius,
375 773 630 812 varmiensis
654 773 900 823 episcopus,
926 783 1244 822 saepenumero
1267 782 1437 808 sacrum
1457 769 1571 819 apud
1587 781 1668 816 nos
1685 768 1797 806 cele-

173 846 282 892 brat,
306 858 358 883 ac
388 858 441 883 eo
474 845 690 889 absoluto,
728 843 922 893 plurimis
958 842 1010 879 ad
1046 842 1131 879 hoc
1161 842 1321 891 paratis
1356 853 1521 879 sacram
1551 839 1733 890 synaxin
1753 838 1798 875 li-

173 918 293 955 benti
314 917 456 954 animo
480 916 764 961 administrat,
789 915 919 965 idque
945 926 1033 951 non
1055 914 1218 963 absque
1242 925 1397 963 inagna
1426 912 1659 949 multorum
1681 910 1799 961 spiri·

173 988 277 1026 tuali
299 988 617 1028 consolatione:
641 987 910 1035 multumque
928 985 969 1022 in
992 984 1155 1034 templo
1176 988 1327 1022 nostro
1351 995 1398 1021 se
1420 982 1646 1029 delectari,
1669 994 1799 1032 quan-

174 1066 261 1097 tum
291 1059 503 1105 intellexi,
540 1058 741 1103 affirmat3
773 1056 889 1106 quod
919 1069 1006 1094 non
1041 1055 1172 1094 modo
1206 1055 1357 1093 ordine
1394 1067 1488 1102 suo,
1521 1053 1600 1092 sed
1631 1058 1797 1099 ornate,

174 1128 416 1180 splendide,
440 1129 727 1179 appositeque
752 1129 894 1166 omnia
915 1132 1137 1178 gerantur,
1168 1132 1212 1164 et
1243 1126 1449 1177 singulari
1478 1124 1662 1176 quadarn
1683 1137 1801 1162 mun-

173 1201 284 1239 dicia
306 1201 473 1251 singula
494 1212 693 1250 quaeque
717 1199 845 1237 etiam
868 1198 1048 1236 niteant.
1069 1197 1276 1236 Eiusdem
1295 1197 1476 1235 consilio
1493 1208 1544 1234 ac
1564 1196 1801 1245 autoritate

174 1272 333 1309 factum
358 1277 439 1318 est,
465 1276 509 1308 ut
531 1276 731 1321 tempore
754 1270 1031 1320 rogationum
1061 1274 1236 1320 praeter
1267 1281 1434 1307 morem
1464 1268 1506 1306 in
1536 1268 1621 1306 hoc
1649 1273 1800 1306 nostro

174 1344 336 1394 templo
359 1357 430 1381 res
448 1356 569 1381 sacra
588 1343 621 1389 ³,
647 1342 716 1380 cui
736 1342 827 1392 ipse
852 1353 948 1379 cum
971 1342 1019 1380 R.
1038 1341 1090 1379 D.
1112 1341 1340 1388 Cromero,
1362 1341 1408 1378 R.
1428 1340 1636 1390 episcopo
1656 1340 1800 1377 electo

174 1415 416 1461 viennensi,
442 1418 561 1452 totus
592 1414 749 1461 cleruS,
773 1414 1047 1464 populusque
1069 1412 1321 1450 viennensis
1342 1411 1549 1459 interfuit,
1569 1422 1802 1462 peragere-

176 1493 261 1533 tur3
284 1486 401 1537 quod
425 1499 519 1524 eam
552 1487 607 1524 ob
637 1498 810 1524 causam
845 1486 1006 1524 factum
1037 1490 1159 1535 puto,
1192 1484 1347 1535 partim
1376 1483 1489 1522 forte
1520 1488 1700 1533 propter
1721 1482 1802 1519 iarn

170 1559 337 1596 dictum
355 1558 505 1608 templi
528 1563 727 1595 ornatum
749 1570 799 1595 ac
821 1555 1113 1607 splendorem,
1136 1568 1223 1605 quo
1242 1553 1548 1594 uehementius
1570 1551 1802 1604 impellitur

176 1643 297 1668 mens
330 1631 515 1667 humana
544 1628 598 1667 ad
629 1629 885 1666 caelestium
921 1627 1353 1678 contemplationem,
1386 1637 1438 1663 ac
1470 1624 1637 1663 facilius
1675 1635 1803 1662 manu

1212 1698 1224 1716 ²
1255 1698 1540 1737 concionibus
1569 1695 1804 1735 haereticis

175 1702 363 1748 ducitur3
385 1701 540 1752 partim
570 1701 688 1751 quod
718 1706 941 1738 scotorum
973 1700 1181 1750 templum

176 1786 226 1811 ac
247 1773 621 1811 administratione
640 1772 901 1810 sacramenti
919 1771 1214 1820 jacobelitica,
1238 1770 1280 1808 id
1303 1775 1370 1808 est
1391 1769 1470 1807 sub
1492 1772 1691 1818 utraque,
1714 1767 1803 1818 pol-

177 1845 313 1882 lutum
348 1856 480 1894 saepe
512 1843 779 1882 intellexerit
813 1843 840 1881 ³.
866 1842 985 1881 Idem
1019 1842 1194 1889 ordines
1226 1854 1375 1879 sacros
1407 1840 1544 1879 semel
1574 1844 1705 1889 atque
1725 1838 1804 1876 ite-

178 1929 270 1954 rum
293 1917 374 1953 iam
396 1916 437 1953 in
459 1916 622 1966 templo
645 1920 796 1952 nostro
816 1913 1015 1952 contulit.

258 1988 381 2025 Haec
412 1993 524 2033 sunt,
560 1988 605 2024 R.
640 1988 704 2033 P„
729 1998 838 2037 quae
862 1986 914 2023 R.
945 1986 989 2022 P.
1012 1984 1061 2022 T.
1094 1997 1209 2022 nunc
1245 1983 1457 2033 temporis
1488 1980 1719 2020 scribenda
1749 1993 1804 2018 ex

177 2059 368 2109 pluribus
393 2059 557 2109 putaui,
590 2059 711 2108 plura
742 2063 800 2105 et,
833 2062 879 2094 ut
914 2068 1059 2107 spero,
1093 2056 1270 2102 maiora,
1304 2055 1527 2105 multoque
1550 2051 1805 2091 iucundiora

177 2131 301 2169 breui
336 2131 588 2181 scripturuS,
623 2142 719 2168 cum
751 2135 796 2167 et
827 2128 1127 2179 operariorum
1156 2139 1361 2165 numerus
1389 2124 1609 2176 copiosior
1641 2123 1737 2171 erit,
1762 2128 1805 2161 et

224 2257 243 2276 a
294 2257 428 2294 Prius
447 2269 620 2293 sacrum.

227 2381 235 2399 ¹
284 2378 463 2425 Joannes
485 2376 721 2412 Abstemius
739 2375 788 2411 de
810 2374 1063 2411 Bornemisa.

224 2439 237 2458 ²
288 2437 491 2474 Henricus
517 2435 796 2483 Jasomirgott,
829 2435 918 2476 dux,
951 2446 1056 2470 anno
1090 2432 1180 2469 1158
1210 2431 1501 2469 monasterium
1537 2430 1577 2467 in
1613 2432 1804 2467 honorem

178 2498 224 2535 Β.
248 2497 298 2534 V.
322 2496 480 2534 Mariae
500 2500 539 2532 et
558 2494 699 2532 Sancti
725 2493 895 2540 Georgii
927 2493 1116 2530 Viennae
1143 2492 1355 2536 exstruxit,
1384 2496 1425 2528 et
1451 2490 1658 2528 monachis
1684 2489 1805 2526 bene-

177 2557 335 2595 dictinis
365 2555 516 2592 ibernis
535 2567 607 2591 seu
625 2554 783 2591 scoticis
801 2553 977 2598 tradidit3
998 2552 1117 2600 quod,
1138 2551 1322 2599 quamvis
1341 2554 1480 2597 postea
1499 2563 1522 2587 a
1540 2548 1806 2594 benedictinis

179 2617 386 2664 germanis
413 2616 674 2657 incoleretur,
703 2626 864 2660 semper
895 2611 1185 2659 monasterium
1215 2616 1417 2648 scotorum
1448 2614 1509 2647 est
1539 2609 1805 2656 appellatum.

181 2676 244 2714 Cf.
274 2675 573 2716 HEIMBUCHER,
601 2673 687 2711 Die
714 2673 861 2710 Orden
880 2672 976 2710 und
990 2672 1390 2717 Kongregationem
1409 2669 1490 2707 der
1505 2667 1807 2706 katholischen

180 2737 342 2774 Kz'rche
361 2734 396 2780 (2
414 2734 516 2778 ed.),
539 2733 566 2778 Ι,
587 2733 657 2770 260
674 2755 682 2758 -
699 2732 780 2770 261.
1187 2771 1190 2774 .

225 2797 238 2816 ⁸
283 2795 480 2843 Jacobum
498 2805 571 2831 seu
585 2793 839 2840 Jacobellum
854 2793 902 2829 de
923 2791 1041 2835 MieS,
1054 2791 1222 2838 Joannis
1241 2790 1330 2827 Hus
1349 2788 1680 2835 condiscipulum,
1701 2799 1804 2824 com-

180 2857 411 2893 munionem
430 2854 504 2891 sub
522 2858 694 2900 utraque
709 2853 857 2900 specie,
875 2852 997 2889 etiam
1017 2864 1087 2899 pro
1106 2851 1233 2895 laicis,
1254 2850 1415 2896 Pragae
1430 2848 1471 2885 in
1489 2860 1606 2884 usum
1621 2846 1804 2883 deduxis-

178 2928 222 2953 se
240 2915 388 2953 ferunt.
411 2913 474 2951 Cf.
496 2913 893 2956 HERGENROETHER,
916 2912 1059 2950 Storz'a
1084 2910 1334 2948 universale
1359 2909 1480 2946 della
1503 2907 1652 2944 Chz‘esa
1679 2905 1716 2950 (4
1741 2906 1802 2943 ed.

179 2974 435 3025 Traduzione
453 2972 620 3010 italiana
639 2972 705 3009 del
723 2970 769 3008 P.
789 2971 937 3009 Enrico
957 2972 1080 3017 Rosa,
1102 2970 1149 3009 S.
1173 2970 1236 3015 L),
1261 2968 1313 3015 V,
1332 2967 1415 3006 211.
