1908 3446
565 176 955 213 242.—V1N120130NA
984 179 1027 213 14
1058 177 1158 214 FER.
1192 178 1281 214 15:39
1657 180 1703 216 85

117 277 158 316 in
191 277 479 315 xenodochiis
503 282 546 315 et
566 277 660 315 aliis
682 276 722 315 in
743 278 852 315 locis
880 289 958 328 per
979 278 1061 316 Dei
1082 278 1263 328 gratiam
1287 291 1310 315 a
1332 279 1491 316 nostris
1514 284 1609 316 aeta
1632 287 1745 317 sunt.

119 351 216 387 Hoc
236 360 367 387 vnum
390 348 545 395 dicam,
569 349 680 386 tales
701 348 862 399 vbique
890 354 1081 395 nostros,
1116 348 1260 386 diuina
1291 350 1350 387 ita
1380 350 1640 400 disponente
1665 352 1748 388 cle-

118 421 293 467 mentia,
323 432 423 458 sese
453 424 693 470 praestare,
727 426 774 458 vt
805 420 1005 458 omnibus
1040 420 1195 470 ingens
1232 419 1296 457 sui
1327 419 1591 459 desiderium
1624 422 1747 459 relin-

116 498 263 543 quant,
289 496 332 529 et
355 504 408 529 ex
431 497 553 542 parte
576 492 731 529 beatos
762 503 809 528 se
845 490 1101 542 praedicent
1137 491 1353 537 homines,
1379 504 1474 529 cum
1497 498 1744 530 nostrorum

117 563 345 614 colloquiis
374 562 428 600 ad
459 568 630 613 tempus
661 562 744 600 frui
776 563 880 600 licet
910 570 942 600 ²¹.
977 561 1104 600 Soliti
1133 568 1231 599 sunt
1262 566 1409 600 autem
1436 564 1589 609 nostri,
1633 577 1748 601 corn-

114 635 260 686 plures
282 635 469 681 libellos,
493 635 648 684 quibus
670 634 871 672 doctrina
892 633 1127 671 christiana
1144 634 1408 681 continetur,
1434 635 1598 672 rosaria
1617 635 1745 673 etiarn

114 707 297 757 plurima
322 706 342 730 b
360 706 542 756 captiuis
560 704 839 752 distribuere,
860 717 971 756 quae
988 705 1047 743 illi
1068 718 1156 743 non
1178 707 1318 744 solum
1341 718 1508 744 summa
1526 719 1622 743 cum
1646 719 1748 744 con-

115 777 330 815 solatione
354 777 584 827 recipiunt,
609 777 688 815 sed
712 781 755 814 et
777 776 974 826 quotidie
1006 790 1053 815 se
1077 789 1129 815 ea
1160 777 1423 815 recitaturos
1454 777 1618 815 deuote
1649 791 1746 828 pro—

115 849 302 886 mittunt.
328 850 437 888 Cum
459 853 607 886 autem
628 860 732 898 prae
755 847 1031 886 multitudine
1061 846 1241 899 singulis
1264 849 1367 886 dare
1397 861 1483 885 non
1514 848 1745 898 possimus,

113 918 301 957 vicissim
326 919 406 970 ipsi
427 919 586 957 habitis
608 923 802 965 vtuntur,
829 923 873 956 et
894 918 948 955 ad
970 918 1181 968 pietatem
1204 919 1313 956 alter
1335 919 1519 957 alterum
1551 920 1747 957 hortatur

114 996 158 1028 et
179 990 394 1029 accendit.
420 991 673 1029 Conciones
694 991 910 1029 habentur
932 1004 956 1029 a
977 991 1139 1029 nostris
1161 990 1347 1028 diuersis
1375 992 1417 1028 in
1446 991 1570 1037 locis,
1593 1004 1690 1028 nam
1714 991 1748 1028 si

112 1062 352 1101 catholicus
387 1062 665 1113 quaerendus
694 1070 710 1087 0
746 1063 1048 1110 concionator,
1080 1069 1257 1113 praeter
1287 1068 1485 1100 nostrum
1509 1061 1581 1100 vix
1613 1063 1741 1101 alium

112 1134 320 1184 reperias.
345 1135 510 1184 Estque
532 1147 603 1172 res
635 1134 941 1184 compassione
973 1134 1241 1185 dignissima,
1275 1133 1392 1184 quod
1415 1146 1511 1171 cum
1542 1134 1747 1171 nonnulla

111 1204 326 1256 virginum
348 1204 390 1243 in
410 1206 606 1255 partibus
622 1204 716 1243 istis
738 1205 904 1256 reliqua
924 1205 1067 1243 adhuc
1087 1206 1172 1243 sint
1201 1204 1482 1252 monasteria,
1513 1205 1573 1242 ita
1601 1210 1745 1242 tamen

113 1275 168 1315 ab
190 1276 320 1324 omni,
345 1289 443 1315 cum
465 1275 710 1328 temporali,
734 1281 825 1314 tum
848 1276 1028 1327 spiritali
1049 1276 1261 1315 destituta
1282 1277 1365 1315 sint
1394 1277 1566 1323 solatio,
1592 1282 1638 1314 vt
1667 1290 1744 1327 pro

111 1347 297 1386 maximo
320 1348 539 1386 beneficio
561 1346 722 1386 ducant
758 1347 792 1385 si
823 1347 960 1385 semel
997 1353 1070 1385 aut
1105 1348 1263 1385 iterum
1298 1348 1340 1385 in
1375 1360 1487 1385 anno
1524 1361 1655 1384 vnum
1692 1359 1745 1384 ex

110 1418 269 1457 nostris
291 1431 316 1456 a
340 1428 385 1456 12
406 1418 479 1456 vel
506 1418 553 1456 16
573 1418 729 1456 italicis
750 1417 771 1443 d
791 1418 1030 1456 miliaribus
1050 1419 1237 1469 petitum
1259 1417 1410 1456 audire
1432 1418 1607 1455 valeant
1644 1429 1743 1455 con-

111 1490 375 1537 cionantem,
401 1493 444 1527 et
465 1489 538 1527 vel
559 1489 704 1527 leuem
726 1489 770 1527 in
800 1489 1084 1540 grauissimis,
1110 1502 1216 1539 quas
1245 1490 1475 1536 sustinent,
1502 1488 1744 1528 afflictioni-

112 1562 194 1600 bus
216 1561 634 1599 consolatiunculam
656 1560 996 1612 impartientem.

161 1644 200 1682 4.
248 1631 577 1671 ‘Confessiones
611 1645 699 1670 non
733 1632 1036 1683 infrequentes
1072 1637 1188 1680 sunt,
1221 1637 1265 1670 et
1295 1632 1331 1670 si
1364 1633 1550 1683 populus
1585 1632 1656 1670 hic
1690 1632 1743 1669 ad

111 1703 348 1742 confitendi
371 1703 631 1742 exercitium
667 1703 826 1741 adduci
854 1702 1085 1755 aliquando
1121 1708 1290 1755 posset,
1328 1716 1415 1741 non
1446 1702 1744 1741 dubitaremus

109 1774 218 1822 fore,
242 1780 290 1813 vt
316 1775 369 1813 ab
393 1773 509 1813 omni
530 1774 658 1813 facile
680 1774 853 1813 haeresi
884 1776 1026 1825 (cuius
1055 1775 1299 1814 fomentum
1329 1775 1612 1825 praecipuum
1636 1779 1703 1812 est
1727 1781 1744 1798 θ

109 1847 219 1885 mala
238 1846 361 1896 vita),
386 1846 481 1884 Deo
504 1845 701 1893 iuuante,
725 1845 1000 1884 liberaretur.
1022 1848 1115 1898 Jam
1148 1845 1261 1884 enirn
1299 1846 1574 1896 experientia
1595 1844 1743 1884 didici-

109 1930 202 1955 mus
223 1929 351 1968 quam
374 1917 530 1955 efficax
554 1917 608 1955 sit
630 1922 785 1955 contra
806 1930 960 1956 omnes
982 1917 1247 1957 Germaniae
1268 1922 1419 1968 pestes
1440 1918 1527 1955 hoc
1545 1918 1742 1968 pharma-

110 2000 222 2035 cum3
246 1986 460 2039 siquidem
480 2000 727 2038 perpaucos
750 2000 848 2026 esse
870 2001 986 2036 reor,
1010 1989 1081 2039 qui
1112 1989 1229 2027 facta
1262 1988 1423 2027 nostris
1457 1993 1742 2039 peccatorum

109 2072 285 2098 suorum
307 2059 602 2107 confessione,
627 2059 662 2098 si
693 2059 813 2098 dubii
842 2060 885 2098 in
914 2059 1001 2098 fide
1038 2061 1292 2107 extiterant,
1325 2073 1412 2098 non
1442 2059 1485 2099 in
1517 2073 1569 2098 ea
1597 2060 1609 2084 f
1644 2072 1742 2097 eua-

109 2131 244 2170 serint
265 2130 640 2179 constantissimi3
663 2130 700 2169 si
728 2130 812 2169 iam
844 2144 995 2170 errore
1028 2131 1158 2169 etiam
1189 2132 1332 2182 aliquo
1355 2131 1565 2182 impliciti,
1589 2144 1677 2169 non
1697 2130 1742 2168 li-

108 2203 362 2241 bentissime
384 2202 602 2241 haeresim
625 2216 800 2241 ornnem
822 2204 1075 2249 abiurarint3
1098 2204 1133 2241 si
1159 2204 1355 2254 peccatis
1377 2202 1553 2250 addicti,
1578 2216 1665 2241 non
1687 2215 1740 2241 ex

108 2275 249 2313 animo
271 2273 389 2313 vitae
410 2275 546 2313 totius
568 2275 924 2314 emendationem
954 2274 1236 2316 instituerint.
1261 2274 1484 2313 Sufficerit
1511 2279 1658 2313 autern
1682 2287 1740 2312 ex

108 2345 251 2383 multis
272 2358 404 2383 vnum
425 2346 498 2385 vel
525 2346 711 2384 alterum
737 2345 809 2384 hic
830 2359 1194 2385 commemorare.
1219 2347 1323 2384 Erat
1344 2345 1518 2397 quidam
1540 2345 1612 2396 qui
1633 2358 1740 2385 vxo-

108 2428 199 2454 rem
216 2416 391 2467 quidem
412 2417 593 2465 habens,
617 2417 881 2456 matrimonii
902 2423 1048 2456 tamen
1069 2416 1162 2456 iura
1182 2418 1396 2468 legesque
1413 2417 1485 2455 vel
1507 2417 1742 2467 spernebat

108 2487 179 2526 vel
196 2492 318 2526 certe
338 2488 610 2539 negligebat,
634 2501 774 2540 vagus
794 2501 871 2540 per
894 2487 1085 2540 compita
1107 2489 1251 2527 omnia
1268 2487 1457 2526 ciuitatis
1474 2487 1737 2534 discurrens,

108 2559 385 2597 tabernarum
405 2559 709 2609 frequentator
740 2565 784 2598 et
814 2559 1128 2598 dissolutorum
1149 2559 1435 2611 quorumdam
1458 2571 1607 2597 comes
1633 2557 1739 2596 indi-

109 2628 278 2668 viduus.
302 2631 506 2669 Habebat
526 2631 561 2669 is
578 2643 764 2670 vxorem
785 2631 899 2682 piam
921 2630 1156 2670 admodum
1178 2636 1222 2670 et
1248 2631 1409 2670 nostris
1440 2630 1641 2669 confiteri
1671 2642 1738 2667 so-

107 2700 239 2745 litam.
263 2702 388 2741 Haec
409 2714 506 2741 cum
536 2702 731 2754 grauiter
762 2702 903 2741 mariti
931 2702 1160 2741 continuas
1182 2702 1494 2741 dissolutiones
1515 2702 1668 2748 ferret,
1694 2706 1737 2738 et

157 2909 175 2928 ὅ
213 2903 348 2942 Prius
367 2903 425 2941 eis
443 2902 522 2941 frui
541 2903 680 2942 licebit
699 2904 769 2948 (P).
824 2905 890 2930 --b
929 2905 995 2941 vel
1021 2917 1202 2942 coronas.
1256 2910 1321 2930 —0
1366 2907 1444 2940 est.
1503 2903 1569 2928 -d
1632 2902 1734 2938 itali-

110 2960 164 2998 cis
181 2967 318 3009 supra
335 2973 445 3000 vers.
497 2971 564 2990 -θ
603 2968 666 3000 est
683 2967 822 3011 supra
840 2973 947 3001 vers.
1002 2964 1060 2990 —¹
1107 2963 1346 3001 confirmati.
