1908 3446
563 251 857 289 265.—BURG1s
886 250 929 288 18
956 249 1065 296 MAJ1
1094 248 1184 285 1559
1584 247 1654 284 205

160 354 350 394 Polanci
369 366 560 392 manu...
585 350 1009 390 Emendata.-—Alia
1031 362 1222 388 mana...
1249 348 1449 386 Mandata
1470 361 1546 398 per
1568 353 1697 386 tutto.

160 425 322 477 Sigilli
341 423 600 475 vesfigium.

836 664 946 715 265

508 806 916 854 ALPHONSUS
950 806 1260 853 RAMIRUS

628 943 778 970 BURGIS
807 933 850 968 18
875 942 969 978 MAJI
999 932 1088 969 1559
1116 933 1140 969 ¹.

78 1043 108 1081 1.
132 1041 373 1081 Sociorum
392 1053 625 1080 munera&
651 1039 934 1079 Domesticae
956 1039 1224 1091 disciplinae
1245 1037 1498 1091 vigor.—-2.
1526 1038 1705 1078 Contio-

154 1120 230 1147 nes
249 1108 289 1146 et
310 1105 407 1145 alia
427 1106 696 1157 spiritualia
717 1105 994 1145 ministeria.
1016 1105 1705 1157 Sacramentorztmfrequenta-

159 1171 335 1212 tia—3.
367 1172 554 1212 Artium
584 1174 624 1212 et
654 1172 913 1224 theologiae
939 1171 1109 1211 studia.
1146 1171 1344 1223 Collegiz'
1373 1170 1707 1211 bellimarensis

160 1239 465 1278 exstructum.
490 1237 734 1277 Sociorum
755 1238 981 1276 valetudo.

136 1375 169 1403 1.
227 1367 255 1415 †
276 1364 360 1401 Ihs.
386 1362 634 1401 Admodum
656 1361 764 1400 Rde.
788 1362 831 1400 in
851 1362 986 1400 Chro.
1012 1363 1157 1400 Pater.
1178 1363 1268 1400 Pax
1286 1362 1449 1400 Christi
1467 1368 1554 1401 etc.
1582 1363 1707 1410 [Bre-

81 1447 173 1474 vem
193 1447 236 1473 se
257 1433 480 1485 faturum
501 1432 642 1482 dicit.]
683 1433 964 1484 Collegarum
999 1438 1249 1471 nostrorum
1284 1445 1492 1471 numerus
1513 1434 1707 1484 (praeter

78 1506 186 1544 duos
206 1509 277 1557 qui
297 1505 520 1544 Simancas
554 1504 673 1543 missi
706 1510 821 1552 sunt,
856 1505 1003 1555 ibique
1039 1505 1208 1556 recepti
1242 1504 1284 1542 in
1315 1503 1605 1554 Societatem)
1627 1517 1706 1544 sex

81 1579 252 1616 Patrum
275 1582 340 1616 est
360 1590 412 1616 ac
445 1577 626 1615 fratrum
661 1576 834 1615 decem.
873 1576 1148 1627 Religionem
1185 1588 1339 1614 omnes
1360 1588 1412 1615 ac
1432 1576 1626 1615 debitam
1648 1577 1708 1615 le-

80 1662 179 1700 gum
201 1648 524 1688 obseruantiam
546 1653 713 1687 curant.
746 1647 794 1686 Id
828 1647 947 1699 quod
982 1647 1212 1686 assiduitas
1242 1647 1523 1698 quotidianae
1548 1648 1706 1687 oratio-

79 1721 157 1769 nis,
181 1724 552 1760 sacramentorum
575 1733 711 1767 amor,
750 1719 940 1758 studium
975 1719 1345 1768 mortificationis,
1368 1720 1542 1771 publica
1563 1721 1707 1771 culpa-

78 1805 169 1830 rum
190 1792 409 1831 confessio
433 1796 477 1830 et
499 1791 737 1830 earundem
771 1791 979 1841 frequens
1010 1791 1242 1843 castigatio
1266 1791 1505 1830 declarant.
1530 1793 1708 1830 Permo-

79 1867 147 1901 tos
168 1862 300 1901 credo
321 1863 551 1913 plurimum
587 1862 727 1901 Patris
760 1861 1039 1913 prouincialis
1061 1864 1073 1882 ²⁴
1095 1861 1345 1901 dulcissima
1366 1864 1707 1902 conuersatione

79 1945 129 1971 ac
149 1934 430 1981 sanctissima,
455 1933 526 1983 qui
565 1933 725 1971 bonam
759 1938 929 1983 partem
964 1933 1329 1984 quadragesimae
1359 1934 1474 1985 apud
1494 1947 1575 1973 nos
1598 1935 1705 1986 egit,

11 2000 15 2015 ’
79 2016 173 2043 cum
196 2017 250 2043 ex
271 2005 410 2056 patria
429 2005 511 2043 hac
531 2005 615 2043 iter
636 2005 820 2042 haberet
843 2004 1051 2043 Pinciam.

130 2086 167 2115 2.
225 2077 354 2115 Pater
375 2081 522 2115 rector
546 2081 590 2114 et
612 2077 658 2114 P.
692 2075 854 2114 Sancta
888 2074 1002 2114 Cruz
1022 2078 1035 2098 ³
1058 2076 1297 2115 conciones
1318 2077 1484 2115 habent
1504 2076 1708 2128 frequen-

79 2152 145 2186 tes
165 2147 282 2186 domi
302 2147 511 2198 forisque,
536 2151 579 2185 et
600 2159 729 2198 spero
754 2146 959 2198 equidem
995 2147 1388 2196 commodissimas,
1419 2154 1466 2186 ut
1488 2153 1587 2186 sunt
1608 2149 1708 2186 illae

14 2232 16 2278 ξ
82 2223 125 2256 et
145 2217 342 2257 doctrina
364 2224 408 2257 et
430 2219 581 2270 spiritu
602 2218 866 2258 foecundae.
905 2219 1003 2267 Hic,
1041 2232 1139 2258 cum
1160 2219 1203 2258 in
1224 2219 1394 2270 regium
1417 2219 1708 2258 diuersorium

14 2331 16 2338 χ
83 2289 415 2328 concionaturus
436 2290 648 2337 uenisset,
681 2290 903 2329 sacerdoti
935 2290 1105 2329 cuidam
1127 2290 1249 2329 breui
1272 2292 1489 2342 persuasit
1510 2292 1645 2330 vitam
1666 2292 1708 2330 in

14 2362 17 2401 ἶ
83 2360 204 2400 Chr.0
223 2361 452 2400 instituere
467 2362 642 2410 ‘maiori‚
665 2374 794 2412 quam
817 2366 1093 2410 consuesset,
1117 2362 1297 2413 pietate.
1322 2362 1415 2411 Ille,
1439 2362 1598 2402 latroni
1618 2376 1708 2402 sus-

16 2443 17 2477 4
79 2431 309 2482 pendendo
330 2433 482 2481 adfuit,
507 2433 833 2473 confessionum
868 2433 1041 2473 auditor
1077 2439 1121 2472 et
1157 2446 1308 2473 comes
1330 2434 1432 2473 dum
1454 2434 1705 2473 duceretur.

81 2504 126 2542 In
146 2504 299 2555 quibus
322 2505 478 2543 officiis
498 2506 559 2543 ita
579 2506 802 2544 hominem
824 2505 989 2553 affecit,
1014 2512 1060 2544 ut
1090 2504 1379 2545 deuotissimo
1403 2507 1547 2545 animo
1569 2506 1611 2544 in
1632 2506 1708 2545 ho-

79 2586 227 2614 norem
248 2576 496 2615 Seruatoris
518 2576 714 2615 crucifixi
735 2581 924 2615 mortem
945 2577 1059 2615 illam
1082 2582 1322 2628 pateretur.
1353 2577 1475 2616 Idem
1497 2578 1628 2616 Pater
1651 2590 1704 2616 ex

127 2761 136 2781 ¹
187 2760 247 2798 Ex
264 2762 528 2809 autographo„
549 2766 592 2798 ut
614 2761 783 2805 videtur,
802 2761 844 2798 in
862 2762 948 2798 cod.
969 2762 1098 2808 Hisp.
1124 2761 1188 2805 96,
1208 2761 1249 2799 ff.
1270 2762 1352 2807 336,
1373 2762 1454 2808 337;
1486 2762 1597 2809 prius
1623 2763 1706 2799 311.

81 2819 191 2857 Anni
208 2821 413 2857 notatione
431 2826 556 2864 caret,
577 2821 648 2857 sed
667 2821 716 2857 ad
746 2820 838 2858 1559
863 2821 1070 2868 pertinere
1099 2822 1271 2865 videtur,
1301 2828 1345 2859 ut
1372 2821 1539 2868 antiqua
1566 2834 1708 2858 manus

80 2879 128 2915 ad
146 2880 299 2917 calcem
317 2880 540 2917 annotavit.

126 2939 139 2958 ¹
187 2937 236 2974 Ρ.
265 2938 463 2977 Antonius
483 2940 633 2983 Araoz„
654 2954 704 2978 ex
722 2942 868 2989 oppido
891 2941 1095 2988 Vergara.
1115 2942 1155 2978 in
1175 2942 1382 2988 provincia
1401 2940 1652 2988 Guipuzcoa.

126 2996 139 3016 ¹
188 2996 232 3034 P.
247 2996 424 3043 Joannes
451 2998 580 3036 Santa
607 2998 728 3037 Cruz.
761 2999 896 3046 (Prius
920 2999 1102 3046 Joannes
1130 2999 1305 3037 Cussola
1335 2999 1495 3044 dietus).
1529 2998 1707 3045 Collegii

82 3060 210 3093 rector
228 3056 350 3094 fuisse
371 3058 530 3095 videtur
551 3059 593 3095 P.
615 3057 779 3106 Gaspar
798 3060 844 3096 dc
866 3059 1073 3097 Acebedo.
