1908 3446
171 312 246 349 604
667 310 887 349 LITTERAE
912 310 1270 356 QUADRIMESTRES

125 414 225 464 ipso
248 413 317 452 die
342 414 535 452 cinerum
557 417 731 463 praeter
754 411 943 451 omnium
966 425 1087 463 spem
1108 413 1148 450 in
1171 414 1257 451 hoc
1285 419 1437 452 nostro
1469 414 1649 464 templo,
1686 414 1758 464 qui

135 497 291 536 magna
326 497 422 523 cum
458 484 621 534 pietate
657 488 788 534 atque
820 483 948 521 animi
978 483 1155 521 feruore
1177 485 1248 522 uel
1271 484 1412 534 capita
1433 485 1756 531 submitterent,

134 557 204 595 uel
225 556 394 595 frontes
416 555 554 605 hylari
576 555 698 592 uultu
730 555 862 593 sacris
893 555 1179 605 suscipiendis
1215 554 1432 593 cineribus
1466 556 1758 606 porrigerent3

134 629 301 679 fuitque
340 641 393 666 eo
430 626 497 665 die
534 632 655 664 tanta
689 628 881 665 uirorum
916 627 1292 677 foeminarumque
1329 628 1468 677 copia,
1500 632 1546 665 ut
1568 628 1713 678 plures
1737 639 1760 664 e

133 701 294 739 nostris
331 698 635 738 sacerdotibus
671 698 742 737 uix
778 701 914 737 multo
946 705 1147 750 tempore
1171 699 1370 737 omnibus
1391 699 1539 737 facere
1561 700 1666 737 satis
1687 712 1760 750 po-

133 772 296 810 tuerint
324 779 355 809 a.
390 772 485 809 Nec
519 772 577 808 ita
615 771 749 809 multo
784 777 883 822 post
917 775 1166 810 nostrorum
1204 782 1338 820 opera
1372 775 1501 820 atque
1537 770 1763 821 diligentia

136 844 344 883 effectum
370 849 450 885 est,
476 843 570 880 Deo
594 844 694 893 Opt.
720 843 832 880 Max.
858 844 964 889 laus,
989 848 1034 880 ut
1055 842 1252 893 quamuis
1275 841 1593 880 sanctissimum
1624 854 1762 880 sacra-

135 921 329 953 mentum
353 914 695 952 confirmationis
712 914 815 951 nulli
832 914 1029 963 amplius,
1049 915 1119 951 uel
1138 919 1258 951 certe
1277 913 1511 951 admodum
1534 926 1647 960 raro,
1668 914 1763 951 usui

137 986 207 1023 hic
228 986 423 1024 Viennae
457 989 590 1031 esset,
625 986 671 1022 R.
697 991 843 1023 tamen
866 986 965 1035 Eps.
991 983 1354 1033 Transsyluaniae
1380 984 1403 1031 ¹,
1428 983 1592 1022 amicus
1612 989 1763 1022 noster

138 1069 189 1095 ac
209 1062 433 1107 patronus,
458 1057 584 1094 huius
606 1057 668 1094 rei
691 1053 1059 1094 administrandae
1082 1067 1213 1093 causa
1233 1055 1444 1105 templum
1464 1060 1661 1093 nostrum
1697 1067 1765 1093 ac-

139 1127 336 1174 cederet,
361 1128 434 1165 ubi
454 1140 541 1165 non
564 1128 656 1165 sine
678 1128 911 1165 multorum
934 1126 1257 1173 aedificatione,
1281 1132 1456 1176 praeter
1478 1135 1551 1174 150
1568 1138 1622 1163 ex
1639 1126 1763 1164 scho-

140 1199 304 1237 lasticis
339 1199 515 1245 nostris,
555 1204 839 1236 externorum
873 1198 892 1222 b
929 1198 1040 1235 ultra
1060 1196 1340 1248 quingentOS,
1361 1203 1407 1235 ut
1436 1203 1541 1248 puto
1570 1202 1601 1244 0,
1635 1202 1765 1247 atque

138 1271 251 1309 inter
274 1271 355 1308 hos
375 1283 462 1308 non
483 1282 648 1320 paucos
670 1270 788 1308 uiros
810 1282 861 1307 ac
883 1269 1087 1307 mulieres
1109 1269 1323 1307 maximae
1354 1268 1631 1306 authoritatis
1666 1280 1765 1306 con-

140 1342 340 1380 firmauit.
367 1342 550 1381 Gratum
572 1353 676 1379 sane
698 1342 783 1380 hoc
806 1346 849 1378 et
870 1340 1105 1379 iucundum
1137 1341 1436 1391 spectaculum
1470 1340 1597 1378 nobis
1634 1352 1766 1377 omm-

140 1413 235 1460 bus,
273 1416 404 1463 atque
440 1413 492 1462 ijs
528 1413 657 1450 etiam
691 1412 786 1459 fuit,
824 1412 894 1462 qui
918 1412 1196 1451 Germaniam
1228 1424 1359 1449 uerae
1381 1411 1485 1449 fidei
1507 1410 1767 1449 christianae

140 1483 379 1535 religionis,
405 1485 634 1535 cultusque
667 1483 801 1522 diuini
830 1482 1006 1534 puritati
1037 1483 1283 1521 restitutam
1319 1496 1417 1522 esse
1451 1483 1681 1534 plurimum
1716 1482 1768 1520 si-

141 1555 266 1594 tiunt.
306 1556 401 1593 Nec
431 1555 586 1601 minus,
617 1560 662 1592 ut
684 1567 924 1605 speramus,
951 1554 1139 1592 caeteris
1160 1553 1203 1592 id
1225 1554 1356 1592 etiam
1377 1553 1457 1592 fuit
1477 1554 1765 1593 fructuosum.

143 1628 276 1667 Cuius
297 1627 361 1666 rei
381 1627 581 1665 inditium
604 1632 672 1665 est
693 1639 780 1664 non
804 1626 1041 1673 minimum,
1065 1625 1182 1677 quod
1206 1638 1318 1672 curn,
1342 1625 1488 1663 multis
1509 1625 1551 1663 id
1581 1626 1768 1676 petenti-

141 1700 238 1747 bus,
262 1700 419 1737 iterum
454 1699 496 1736 in
520 1698 679 1737 eodem
701 1699 719 1723 ‘¹
748 1704 900 1737 nostro
924 1699 1087 1748 templo
1110 1698 1163 1735 ab
1187 1696 1435 1747 eodemque
1458 1698 1566 1735 ΚΜ
1588 1697 1769 1747 transyl-

143 1770 340 1809 uaniensi
362 1774 683 1808 sacramentum
704 1770 790 1808 hoc
812 1769 1039 1807 Ecclesiae
1071 1768 1332 1815 catholicae,
1358 1768 1532 1808 Christo
1567 1768 1768 1815 authore,

142 1856 231 1882 non
260 1842 501 1894 indignum,
534 1841 924 1887 administraretur,
948 1854 1036 1879 non
1057 1840 1188 1878 modo
1211 1839 1404 1887 uidendi,
1428 1839 1507 1879 sed
1528 1839 1645 1879 idem
1666 1853 1770 1891 quo-

143 1927 228 1965 que
250 1914 516 1965 suscipiendi
535 1914 677 1965 gratia
698 1912 931 1951 multitudo
955 1913 1058 1951 satis
1089 1924 1246 1964 magna
1274 1912 1504 1963 primariae
1536 1912 1667 1950 etiarn
1695 1924 1771 1950 no-

144 1986 322 2024 bilitatis
356 1987 442 2025 huc
477 1986 682 2038 singulari
717 1985 847 2023 animi
881 1986 1122 2032 alacritate,
1154 1990 1201 2022 ut
1233 1997 1287 2023 ex
1317 1984 1449 2023 certis
1471 1983 1605 2035 signis
1626 1983 1773 2034 colligi

145 2063 334 2110 poterat,
360 2058 587 2105 confluxit;
611 2063 655 2095 et
676 2058 758 2095 iam
778 2057 911 2095 tertio
934 2056 1065 2101 idern,
1085 2055 1201 2107 quod
1223 2069 1246 2094 a
1266 2055 1460 2107 plurimis
1480 2055 1664 2106 petitum
1688 2061 1770 2100 est,

147 2130 200 2169 ad
238 2130 399 2169 festum
435 2130 728 2168 Pentecostes'
762 2128 953 2175 tandem,
996 2129 1092 2166 Deo
1127 2127 1321 2174 fauente,
1358 2127 1623 2165 instituetur.
1662 2124 1774 2163 Hinc

146 2203 261 2241 forte
296 2202 438 2252 aliqua
474 2214 528 2239 ex
562 2205 686 2252 parte
720 2200 883 2238 factum
907 2206 988 2247 est,
1013 2205 1059 2238 ut
1080 2199 1202 2238 multi
1224 2197 1278 2237 ad
1298 2212 1379 2237 nos
1401 2198 1495 2236 libri
1517 2197 1651 2236 delati
1671 2197 1771 2242 sint,

147 2286 257 2324 quos
278 2273 476 2312 heretica
504 2272 696 2323 prauitas
733 2271 923 2310 omnium
958 2272 1128 2321 piorum
1163 2270 1325 2309 iudicio
1361 2269 1506 2308 multis
1541 2267 1680 2307 modis
1714 2268 1773 2305 in-

147 2344 304 2395 dignos
327 2344 561 2382 efficiebat.
585 2342 674 2381 Sed
695 2342 749 2382 de
771 2343 837 2381 his
858 2343 1085 2380 hactenus.

203 2427 240 2464 4.
305 2416 423 2453 Multi
447 2427 551 2454 sane
574 2420 673 2453 sunt
703 2413 775 2465 qui
803 2414 918 2452 filios
954 2426 1056 2451 suos
1089 2412 1305 2452 Societati
1338 2411 1544 2450 dedicare
1580 2410 1772 2461 cupiunt.

152 2489 262 2527 Sunt
297 2483 428 2525 etiarn
457 2494 474 2511 θ
503 2488 795 2537 quamplures,
825 2498 1010 2536 quorum
1032 2485 1162 2535 aliqui
1184 2490 1328 2522 tamen
1349 2496 1437 2522 non
1459 2483 1562 2521 satis
1582 2483 1698 2520 bene
1720 2480 1774 2519 de

149 2559 236 2598 fide
260 2559 476 2598 catholica
498 2557 661 2596 sentire
678 2557 895 2605 dicuntur,
918 2557 990 2607 qui
1007 2556 1108 2595 dum
1128 2555 1266 2607 probe
1288 2568 1449 2606 pueros
1471 2567 1573 2592 suos
1607 2566 1776 2591 morum

150 2632 386 2670 honestate
410 2636 453 2668 et
475 2630 675 2668 doctrina
697 2630 873 2681 cupiunt
897 2629 1055 2676 ornari,
1079 2627 1132 2666 ad
1163 2640 1259 2675 nos,
1291 2640 1402 2678 quos
1438 2626 1626 2678 optimos
1660 2625 1775 2663 uitae

153 2702 387 2754 magistros
420 2701 690 2752 praedicant,
724 2701 996 2752 confugiunt,
1029 2713 1081 2739 ac
1103 2700 1303 2738 omnibus
1325 2697 1465 2738 modis
1487 2696 1774 2744 contendunt,

199 2865 219 2885 ⁸
241 2856 426 2895 Emend.
448 2867 498 2893 ex
516 2860 747 2903 potuerunt.
818 2855 882 2880 ——b
920 2853 1073 2891 Praec.
1095 2863 1134 2889 v.
1156 2856 1294 2899 supra
1312 2860 1439 2893 vers..
1460 2849 1598 2888 deleto
1628 2847 1778 2887 eodem

153 2918 219 2956 v.?
282 2924 346 2942 —0
366 2920 462 2964 puto
481 2919 614 2961 supra
634 2925 761 2957 vers„
789 2913 925 2951 deleto
961 2911 1165 2959 suspicor?
1216 2910 1282 2936 —d
1322 2910 1353 2947 4
1373 2921 1442 2947 vv.
1474 2914 1616 2957 praec.
1642 2912 1778 2955 supra

153 2988 263 3016 vers.
286 2975 443 3014 eadem
462 2984 615 3018 manu,
633 2973 784 3010 deletis
813 2972 933 3010 etiam
965 2972 1039 3010 fuit
1069 2971 1330 3009 fructuosum.
1386 2977 1450 2996 -Θ
1470 2967 1601 3006 Delet.
1622 2967 1704 3016 alij.

205 3127 214 3147 ¹
269 3124 423 3163 Paulus
441 3122 680 3160 Abstemius
698 3121 747 3159 de
765 3119 1019 3158 Bornemiza.
