1908 3446
200 300 270 337 512
666 302 883 339 Lir'rERAE
919 305 1276 349 QUADRIMESTRES

646 358 659 372 .

155 415 248 441 mus
269 410 447 442 nostrae
468 405 696 456 angustiae
726 405 985 455 (communis
1019 407 1154 444 totius
1190 406 1425 445 Societatis
1461 408 1658 458 querela)
1693 421 1779 446 am-

153 475 336 524 pliorem
370 488 598 514 numerum
632 489 719 514 non
755 477 1014 515 substinent.
1058 478 1209 528 Itaque
1243 479 1522 529 transigimus
1560 478 1693 517 vitam
1733 485 1781 516 ut

154 545 337 596 quimus,
367 547 585 597 quoniam,
616 552 663 584 vt
683 548 901 595 volumus,
925 561 1012 585 non
1033 549 1152 587 licet.
1177 549 1241 586 Ex
1263 549 1330 587 his
1351 554 1441 587 tres
1462 555 1620 588 vacant
1640 563 1780 600 gram-

154 615 338 655 maticae
360 616 670 664 instituendae,
694 631 778 668 qua
798 618 839 656 in
861 631 908 656 re
931 624 1097 656 tantum
1119 620 1245 657 abest
1273 625 1321 658 vt
1348 620 1520 658 ludatur
1549 633 1697 671 opera,
1734 627 1780 658 ut

155 699 209 724 ex
230 687 347 725 nullo
366 688 448 725 alio
467 688 709 726 ministerio
727 689 908 740 amplior
924 690 1066 728 bonae
1083 689 1219 740 frugis
1240 695 1483 741 proventus
1501 695 1777 741 expectetur.

154 758 321 808 Reliqui
358 759 509 795 Patres
537 771 588 796 ac
607 758 765 797 fratres
801 759 888 797 suis
918 759 1073 798 intenti
1097 760 1270 810 officijs,
1293 761 1397 799 nihil
1420 761 1580 800 laboris
1610 761 1780 800 detrec-

152 833 311 875 tantes,
335 828 468 878 quiin
499 834 586 867 tam
620 843 784 880 paucos
816 830 996 877 diuisus,
1035 836 1156 869 certe
1188 831 1297 869 leuis
1331 845 1419 870 non
1455 838 1536 880 est,
1573 833 1615 870 in
1650 833 1778 871 vinea

152 900 341 947 Domini,
378 913 455 950 pro
497 912 544 938 se
579 901 762 952 quisque
800 901 990 940 fideliter
1031 908 1310 941 exercentur.
1354 903 1565 942 Seruandi
1606 905 1779 954 regulas

152 971 306 1021 ingens
328 970 440 1021 apud
470 984 622 1009 omnes
658 972 921 1021 sollicitudo,
958 973 1160 1024 propriae
1196 974 1492 1025 abnegationi,
1531 987 1628 1013 curn
1664 961 1779 1013 omni

150 1046 349 1092 tempore
372 1042 542 1093 ingens,
561 1047 652 1080 tum
674 1044 861 1081 maxime
882 1044 1082 1094 proximo
1106 1044 1413 1095 Redemptoris
1434 1045 1627 1084 aduentu
1648 1045 1777 1084 ardor

152 1118 218 1151 est
240 1112 472 1151 adhibitus.
496 1113 786 1152 Xenodochia
807 1115 986 1165 singulis
1008 1114 1163 1153 diebus
1198 1116 1410 1167 cujusque
1445 1117 1776 1155 haebdomadae

151 1182 347 1221 uisuntur
381 1184 400 1202 ²³²

406 1214 414 1231 ,
453 1189 497 1222 et
530 1184 799 1224 infirmorum
839 1186 1142 1224 confessiones
1181 1186 1361 1225 audiunt
1401 1189 1569 1235 Patres,
1612 1200 1778 1239 eosque

153 1255 449 1293 consolantur.
483 1256 581 1294 Hoc
610 1257 749 1307 ipsum
777 1257 825 1295 fit
844 1257 887 1295 in
907 1257 960 1306 ijs
983 1257 1054 1307 qui
1074 1256 1117 1295 in
1136 1258 1310 1308 publica
1332 1258 1533 1297 custodia
1553 1271 1779 1297 asseruan-

150 1332 233 1374 tur,
257 1340 441 1378 quorum
464 1334 532 1367 est
551 1341 786 1367 numerosa
806 1330 946 1376 turba,
971 1329 1089 1379 quod
1118 1329 1247 1379 hujus
1281 1335 1514 1380 praeturae
1546 1330 1652 1369 ditio
1688 1331 1776 1369 late

150 1403 314 1448 pateat.
339 1400 607 1438 Decantatur
627 1400 710 1439 illis
732 1413 855 1439 sacra
876 1400 1076 1439 doctrina
1096 1399 1252 1439 diebus
1273 1401 1454 1440 feriatis.
1486 1403 1714 1440 Habentur
1736 1408 1779 1441 et

151 1470 264 1520 apud
297 1471 395 1508 illos
430 1472 684 1519 conciones,
720 1472 875 1523 quibus
911 1472 1016 1511 fecit
1052 1473 1220 1510 initium
1248 1474 1316 1510 Pr.
1355 1473 1719 1514 Nr..Franeiseus
1752 1475 1775 1513 ¹.

150 1542 274 1590 Quae
299 1541 442 1580 omnia
462 1543 748 1581 libentissimo
771 1543 913 1582 animo
950 1545 1192 1594 suscipiunt
1228 1549 1270 1582 et
1305 1544 1533 1583 nobiscum
1570 1550 1776 1596 expostu-

149 1613 253 1660 lant,
286 1614 321 1651 si
342 1613 514 1665 quando
537 1615 600 1652 ire
622 1615 965 1663 intermittimus3
988 1615 1106 1666 quod
1127 1616 1168 1653 in
1189 1616 1261 1653 illa
1281 1616 1503 1653 hominum
1525 1614 1776 1654 conditione

148 1697 285 1735 prope
308 1685 560 1724 miraculum
584 1686 652 1725 sit.

199 1766 237 1804 3.
297 1757 363 1794 Ad
394 1758 684 1796 confessionis
714 1764 845 1809 atque
881 1758 1170 1797 eucharistiae
1203 1763 1475 1797 sacramenta
1505 1771 1769 1797 concurren-

148 1828 254 1866 tium
275 1828 317 1865 in
339 1829 432 1867 dies
451 1830 609 1868 crescit
629 1843 853 1869 numerus.
882 1831 1005 1869 Haud
1028 1830 1204 1868 dubium
1226 1831 1327 1881 quin
1359 1831 1503 1869 multis
1535 1830 1773 1869 sacerdoti-

149 1900 229 1937 bus
252 1901 499 1939 exhibitura
529 1906 649 1939 esset
678 1902 906 1953 negotium
937 1902 1087 1952 populi
1117 1903 1378 1953 frequentia,
1411 1903 1491 1940 nisi
1522 1907 1777 1940 arcerentur

149 1973 298 2010 sacelli
332 1985 482 2023 parum
518 1974 688 2024 capacis
723 1974 951 2025 angustijs.
991 1974 1288 2012 Conoionatur
1318 1986 1395 2025 per
1428 1974 1624 2012 diuersas
1655 1975 1772 2013 urbis

148 2043 276 2092 hujus
311 2044 512 2082 basilicas
554 2046 622 2082 Pr.
660 2045 903 2083 Santander
925 2051 952 2092 ²²,
990 2045 1118 2094 hujus
1150 2046 1325 2096 collegij
1364 2051 1527 2093 rector3
1562 2046 1617 2084 ad
1647 2058 1775 2097 quein

148 2119 293 2152 tantus
327 2115 374 2153 fit
404 2115 551 2167 populi
583 2129 822 2155 concursus
853 2122 1029 2168 tamque
1060 2124 1128 2156 est
1159 2118 1373 2165 omnibus,
1408 2119 1584 2157 summis
1614 2119 1775 2169 pariter

148 2191 278 2236 atque
300 2187 471 2234 infimis,
506 2188 544 2237 ej
556 2202 600 2226 us
631 2188 831 2226 doctrina
858 2195 1055 2239 accepta,
1089 2195 1136 2227 ut
1164 2202 1321 2240 magna
1352 2190 1406 2227 sit
1435 2190 1478 2228 in
1511 2190 1627 2228 omni
1656 2191 1773 2237 loco,

148 2258 220 2295 ubi
242 2259 311 2295 ille
335 2259 635 2306 concionatur,
660 2260 883 2298 hominum
905 2260 1184 2311 constipatio,
1208 2273 1292 2299 nec
1313 2262 1476 2312 templa
1496 2265 1661 2299 tantam
1684 2267 1771 2299 tur-

147 2330 244 2367 bam
266 2331 434 2380 possint
456 2343 629 2381 capere,
655 2344 751 2369 cum
773 2345 859 2369 non
881 2332 984 2370 alias
1007 2332 1143 2370 maior
1166 2332 1221 2370 sit
1245 2332 1609 2371 concionatorum
1632 2333 1771 2383 copia.

200 2413 239 2450 4.
299 2402 580 2440 Conueniunt
601 2403 643 2440 in
663 2408 857 2441 nostram
879 2404 1073 2441 scholam
1095 2403 1219 2454 pueri
1240 2403 1294 2441 ad
1316 2408 1492 2441 centum
1524 2408 1568 2442 et
1605 2404 1770 2454 viginti,

148 2471 202 2509 de
225 2471 379 2522 quibus
402 2478 467 2510 est
488 2474 643 2523 ingens
666 2474 932 2524 expectatio.
957 2474 1066 2511 Sunt
1089 2474 1202 2512 enim
1233 2473 1286 2511 ad
1320 2487 1449 2512 vnum
1473 2486 1625 2512 omnes
1648 2486 1772 2525 egre-

147 2543 217 2593 gia
237 2543 365 2581 animi
386 2544 548 2591 indole,
572 2542 644 2594 qui
664 2544 706 2582 in
728 2544 949 2582 literarum
967 2544 1136 2593 studijs,
1160 2556 1244 2582 nec
1265 2545 1445 2595 segnius
1467 2544 1654 2592 virtutis,
1675 2557 1772 2583 cum

148 2628 313 2652 summa
345 2621 575 2665 parentum
608 2616 774 2654 laetitia
807 2629 991 2667 magnos
1024 2616 1188 2654 faciunt
1222 2628 1498 2667 progressus.
1537 2616 1772 2654 Orationes

147 2690 270 2723 certe
299 2686 403 2735 (non
434 2687 526 2724 sine
557 2687 743 2725 maxima
772 2688 962 2726 omnium
983 2688 1269 2726 admiratione
1292 2687 1364 2737 qui
1386 2687 1591 2736 literarijs
1612 2687 1772 2725 nostris

148 2758 538 2796 exercitationibus
559 2759 792 2809 intersunt)
815 2759 1005 2798 carmine
1041 2765 1085 2797 et
1107 2759 1249 2796 soluta
1273 2759 1472 2796 oratione
1504 2763 1771 2808 componunt

195 2901 215 2921 a
263 2902 538 2940 Praecedens
555 2914 595 2940 v.
616 2908 753 2949 supra
771 2913 963 2941 versum.

197 3050 206 3069 ¹
258 3048 368 3086 Stus.
388 3049 631 3086 Franciscus
651 3047 816 3094 Borgia.

195 3109 208 3128 ²
258 3109 303 3146 P.
324 3108 555 3146 Ludovicus
573 3108 816 3145 Santander.
