1908 3446
254 229 323 266 378
715 228 934 264 LITTERAE
966 227 1318 272 QUAofflMESTREs

208 331 406 381 Denique
427 335 606 380 peracta
628 330 832 376 ecclesia,
858 334 1006 378 optata
1027 340 1103 377 per
1126 326 1294 376 aliquos
1315 338 1466 372 annos,
1493 330 1535 362 et
1557 325 1599 363 in
1623 337 1716 362 eam
1738 325 1826 375 qui-

208 402 307 440 dem
330 402 537 453 speciem,
562 414 673 450 quae
695 401 788 438 fere
813 399 1012 437 omnibus
1034 396 1324 448 placidissima
1344 402 1425 443 est,
1451 396 1520 434 die
1549 395 1732 445 quadarn
1754 394 1826 433 do·
1883 391 1886 404 '

209 473 364 511 minica
385 472 545 510 mensis
577 471 783 509 Octobris
815 471 944 508 missa
973 469 1145 519 publice
1179 472 1245 504 est
1277 467 1514 512 celebrata,
1539 478 1666 516 quam
1698 465 1829 503 abbas

208 543 392 593 quidam,
417 544 478 581 vir
500 543 658 580 nobilis
682 548 724 580 et
746 542 871 580 nobis
894 540 1096 584 deuotus,
1122 538 1389 584 (100311131111,
1414 537 1586 576 duobus
1608 538 1688 575 sibi
1705 535 1828 575 assis-

207 615 416 661 tentibus,
440 613 659 665 frequenti
680 614 889 652 nobilium
913 624 1143 655 concursu,
1169 608 1561 660 praesentibusque
1579 608 1829 648 haereticae

208 686 433 736 prauitatis
455 686 784 737 inquisitoribus
801 684 982 734 aliisque
1000 683 1239 734 permultis.
1253 683 1362 720 Tum
1381 682 1496 720 R-dus
1514 683 1642 719 Pater
1659 681 1829 732 prouin-

209 757 327 796 cialis
363 758 649 796 concionatus
681 763 762 803 est,
803 762 933 805 atque
964 756 1005 793 in
1042 768 1140 792 eum
1175 753 1352 792 modum
1387 753 1624 792 Societatis
1653 757 1830 790 nostrae

209 829 507 867 substantialia
538 842 591 867 eo
628 830 726 866 loco
766 826 1007 866 accomoda
1041 825 1295 876 prudenter,
1332 824 1553 862 humiliter
1590 825 1630 861 et
1662 823 1829 861 erudite

210 900 403 938 audienti
424 901 584 951 populo
608 898 862 946 declar-anit,
888 904 934 936 ut
956 897 1136 936 mirifice
1160 896 1359 934 omnibus
1381 897 1445 945 (ut
1477 908 1531 933 ex
1562 896 1705 933 multis
1727 894 1831 933 didi·
1885 925 1887 945 2

211 971 344 1010 cimus
361 973 397 1021 ἢ)
420 972 698 1018 satisfecerit3
721 983 804 1009 nec
826 971 964 1008 solum
987 969 1150 1015 amicis,
1176 980 1328 1005 verum
1352 973 1396 1004 et
1426 967 1624 1013 aemulis3
1653 966 1770 1017 quod
1792 967 1831 1003 in
1885 961 1888 968 ’

211 1044 275 1081 1115
293 1044 311 1068 b
342 1044 494 1081 mirum
517 1049 532 1067 0
563 1042 703 1081 videri
738 1042 872 1080 debet
907 1042 1053 1091 (prout
1075 1039 1219 1090 gentis
1255 1038 1447 1077 conditio
1472 1038 1571 1087 est).
1595 1038 1733 1088 Spero
1751 1037 1771 1061 <¹
1792 1037 1832 1074 in

212 1115 398 1152 Domino
421 1114 626 1161 futurum,
659 1119 707 1151 vt
738 1126 791 1151 ex
824 1113 910 1151 hoc
939 1111 1033 1162 ipso
1066 1112 1200 1149 multa
1231 1110 1467 1160 spiritualia
1496 1109 1831 1159 necessariaque

211 1187 326 1223 bona
352 1186 626 1235 proueniant.
661 1184 803 1235 Aliqui
833 1190 933 1235 post
968 1184 1078 1221 haec
1102 1190 1119 1207 θ
1154 1186 1370 1219 venerunt
1398 1181 1451 1219 ad
1472 1194 1552 1219 nos
1575 1180 1830 1226 confessuri,

212 1258 283 1308 qui
304 1263 432 1295 antea
453 1270 540 1295 non
562 1262 791 1294 venerant.
818 1256 963 1306 Atque
985 1256 1098 1292 inter
1130 1266 1207 1291 eos
1237 1253 1425 1304 quidam,
1457 1252 1557 1290 olim
1587 1252 1713 1290 nobis
1735 1263 1833 1289 con-

213 1329 383 1375 trarius,
416 1328 488 1378 qui
518 1327 665 1365 audita
698 1327 837 1365 Patris
869 1326 1100 1372 concione,
1134 1325 1243 1363 dixit
1273 1325 1412 1362 amico
1448 1328 1601 1362 nostro
1633 1335 1680 1360 se
1710 1322 1833 1360 nobis

212 1400 307 1438 fore
330 1399 556 1447 deuotum,
581 1404 713 1450 atque
735 1399 921 1449 aliquem
945 1410 991 1435 se
1015 1410 1069 1435 ex
1091 1398 1250 1435 nostris
1271 1397 1313 1434 in
1336 1396 1648 1434 confessarium
1682 1394 1694 1419 f
1723 1395 1834 1432 elec-

214 1477 370 1509 turum.
406 1471 536 1521 Quod
573 1476 616 1508 et
646 1470 752 1508 fecit
775 1474 839 1518 (111
872 1470 1039 1517 credo),
1077 1481 1174 1506 nam
1204 1481 1281 1518 per
1311 1467 1528 1519 quendam
1561 1480 1615 1504 ex
1638 1466 1834 1504 Patribus

214 1543 361 1589 homo,
386 1541 465 1592 qui
485 1541 719 1592 confessus
740 1542 816 1588 est,
842 1553 865 1578 a
886 1541 1011 1578 nobis
1034 1540 1233 1578 omnibus
1255 1539 1309 1577 de
1341 1538 1526 1588 antiquis
1557 1535 1835 1575 detractioni-

214 1615 294 1652 bus
316 1613 486 1652 veniam
509 1612 760 1664 postulauit.
782 1612 949 1650 Eodem
972 1612 1041 1649 die
1066 1611 1203 1649 Patris
1221 1610 1407 1649 rectoris
1429 1609 1748 1660 professionem
1765 1607 1835 1646 ad-

218 1685 331 1722 misit
359 1692 395 1731 a,
420 1684 537 1735 quod
558 1684 708 1734 vtique
730 1696 817 1721 non
838 1696 987 1734 parum
1008 1682 1186 1733 profuit3
1207 1687 1251 1719 et
1272 1682 1385 1719 inter
1407 1680 1503 1726 alia,
1527 1680 1627 1731 quia
1647 1679 1769 1717 multi
1790 1691 1835 1716 se

217 1755 457 1793 credidisse
480 1755 685 1793 dicebant
706 1754 747 1792 in
770 1754 984 1804 religione
1006 1759 1156 1791 nostra
1176 1752 1359 1791 liberum
1389 1764 1486 1790 esse
1518 1752 1673 1801 cuique
1695 1762 1836 1788 reces-

217 1841 324 1874 sum,
350 1840 446 1865 cum
468 1827 695 1864 voluisset.
716 1826 910 1863 Tandem
930 1826 949 1849 h
968 1827 1096 1863 Pater
1113 1824 1391 1876 prouincialis
1409 1836 1433 1862 a
1449 1822 1625 1870 nostris,
1649 1822 1721 1873 qui
1737 1823 1836 1859 Bar-

218 1898 374 1936 cinone
410 1902 522 1945 sunt,
560 1903 745 1935 vocatus
780 1897 1040 1947 soliciteque
1075 1901 1271 1947 rogatus,
1305 1908 1358 1933 eo
1394 1894 1464 1932 die
1495 1907 1580 1945 quo
1617 1893 1837 1943 profectus

218 1974 298 2016 est,
321 1981 489 2006 summo
518 1981 642 2006 mane
665 1968 942 2006 renouationi
974 1973 1175 2006 uotorum
1206 1972 1457 2004 nostrorum
1487 1965 1698 2013 interfuit,
1722 1969 1836 2015 post-

217 2053 343 2090 quam
378 2040 431 2078 ad
461 2053 542 2077 nos
574 2052 806 2078 sermonen
840 2040 1054 2077 habuerat
1084 2045 1127 2077 et
1164 2039 1375 2077 charitate
1407 2042 1450 2076 et
1479 2038 1722 2075 humilitate
1752 2037 1837 2087 ple-

217 2124 333 2158 num,
358 2111 654 2162 spiritualique
677 2111 887 2149 refertum
911 2110 1123 2157 doctrina,
1148 2116 1279 2161 atque
1301 2109 1507 2148 remediis
1538 2112 1580 2147 et
1608 2108 1662 2146 ad
1683 2107 1837 2146 anima·
1890 2122 1893 2128 ·

216 2195 308 2220 rum
331 2182 542 2220 curandas
562 2182 834 2220 infirmitates
853 2188 896 2220 et
913 2182 967 2220 ad
985 2183 1168 2233 optimas
1185 2183 1372 2220 virtutes
1392 2179 1748 2228 introducendas,
1767 2180 1838 2217 ha-

217 2253 416 2304 bitasque
438 2253 652 2291 fouendas
675 2253 1002 2304 augendasque,
1027 2252 1216 2303 denique
1234 2253 1308 2291 tali
1329 2252 1422 2290 uiro
1447 2251 1640 2303 dignum,
1663 2251 1735 2302 qui
1759 2250 1768 2274 i
1797 2255 1838 2288 et

218 2326 346 2363 Pater
368 2325 513 2363 suauis
546 2323 617 2362 etJ'
644 2323 769 2362 fortis
785 2324 825 2371 k,
845 2325 1030 2375 zeloque
1054 2328 1096 2362 et
1117 2336 1267 2362 amore
1287 2323 1442 2374 plenus
1465 2335 1571 2374 erga
1590 2322 1719 2368 filios;
1750 2326 1822 2359 tan

219 2396 317 2434 dem
347 2396 572 2446 profectus
609 2402 690 2443 est,
728 2401 773 2433 ut
811 2408 864 2433 ex
900 2395 1033 2446 ipsius
1070 2396 1177 2434 Pris.
1204 2394 1370 2448 11110115
1401 2393 1618 2444 intelliget
1648 2391 1837 2431 Paterni-

220 2473 286 2506 tas
304 2472 390 2505 tua.

273 2549 311 2588 7.
371 2539 417 2577 In
441 2537 630 2577 ecclesia
650 2544 802 2577 nostra
824 2538 1003 2590 singulis
1025 2537 1253 2577 dominicis
1270 2539 1339 2576 Pr.
1360 2537 1495 2588 Magr.
1515 2537 1686 2575 Xuarez
1708 2537 1715 2555 ¹
1741 2547 1838 2574 con-

266 2671 285 2690 a
336 2670 519 2708 Emend.
555 2681 605 2706 ex
636 2668 878 2706 didiscimus.
949 2669 1014 2694 —b
1049 2668 1233 2705 Emend.
1268 2678 1317 2704 ex
1347 2667 1423 2716 hijs
1454 2666 1499 2712 (P)
1565 2673 1629 2691 με
1665 2664 1838 2712 quidem.

220 2731 288 2756 —d
308 2742 531 2776 speramus.
586 2736 648 2754 -e
673 2729 817 2774 Supra
845 2739 1021 2765 versum
1050 2728 1137 2765 duo
1168 2730 1388 2773 postrema
1419 2726 1567 2768 verbm
1596 2725 1763 2769 addita,
1795 2725 1842 2759 ut

220 2789 407 2830 videtur,
424 2788 577 2825 eadem
595 2799 746 2824 manu.
793 2788 849 2812 --f
877 2800 978 2824 esse.
1034 2795 1101 2820 -g
1123 2786 1307 2824 Emend.
1326 2797 1376 2824 ex
1394 2785 1587 2823 admissit‚
1639 2785 1706 2810 —h
1728 2783 1839 2820 ΚΜ*

221 2850 279 2875 -i
307 2847 493 2886 Emend.
516 2857 566 2884 ex
583 2847 689 2893 quia.
743 2847 799 2879 —J'
827 2847 972 2883 animo.
1025 2847 1091 2871 —k
1114 2850 1186 2883 est.

271 2976 279 2995 ¹
331 2973 376 3011 P.
411 2972 590 3010 Didacus
616 2971 779 3019 Juarez,
818 2971 883 3007 vel
919 2970 1097 3016 Xuarez,
1134 2971 1201 3007 vel
1236 2971 1359 3008 etiam
1393 2969 1560 3007 Suarez.
1594 2968 1658 3006 Cf.
1696 2968 1843 3006 Laim'i
1890 3019 1893 3031 ι

225 3035 435 3077 Monum.‚
456 3032 537 3077 555,
559 3035 694 3068 annot.
714 3030 769 3067 14.
