1908 3446
246 242 315 279 3116
710 243 930 281 LITTERAE
957 244 1313 289 QuriDmMEsTREs

200 357 291 382 rem
314 358 428 391 esse,
451 345 536 384 11110
560 346 763 397 quicquid
785 348 837 384 ab
860 346 940 386 illis
963 347 1157 384 foenoris
1179 346 1318 397 gratia
1339 347 1599 397 accepisset,
1625 359 1671 385 se
1700 347 1820 385 resti-

200 420 341 454 turum
356 415 465 467 fore
483 418 723 464 asserebat,
747 417 863 467 quod
882 423 926 456 et
944 419 1069 468 paulo
1088 424 1186 468 post
1202 418 1307 456 fecit
1328 426 1346 443 ὃ
1371 448 1379 465 ,
1399 416 1545 456 ascitis
1566 417 1818 468 quibusdam

200 487 466 537 numularijs,
494 494 537 526 ut
571 501 650 526 suo
684 489 887 540 exemplo
920 501 997 527 eos
1027 489 1081 527 ad
1113 488 1297 527 eandem
1328 488 1444 528 uitae
1466 487 1821 528 reformationem

200 556 455 596 adduceret.

251 628 290 668 6.
350 630 448 667 Hoc
469 628 608 680 ipsum
644 643 730 668 non
766 632 898 681 longe
930 643 1059 669 secus
1080 631 1188 669 alius
1209 630 1381 682 quidam
1417 632 1548 670 homo
1584 635 1821 681 prouectae

200 700 357 738 aetatis
391 699 510 739 fecit.
551 701 722 739 Etenim
758 701 828 740 hic
862 701 1156 741 haereditario
1188 702 1338 741 nescio
1361 715 1447 753 quo
1483 701 1591 749 iure,
1624 714 1820 752 magnam

200 771 480 820 pecuniarum
504 773 589 810 uim
619 772 815 820 sortitus,
841 786 936 812 eam
958 778 1108 811 mutuo
1133 774 1276 812 statim
1304 773 1480 812 tradidit
1503 786 1600 812 cum
1621 773 1819 811 foenore.

200 842 256 880 At
277 847 376 893 post
412 844 549 881 semel
572 849 645 884 aut
667 845 825 883 iterum
848 846 962 883 Patri
986 846 1149 885 rectori
1177 845 1419 892 confessus,
1444 845 1504 883 ita
1524 844 1579 882 de
1608 844 1823 882 sententia

200 912 279 950 fuit
315 912 545 961 deductus,
584 920 629 953 ut
665 915 918 957 nonmodo
954 922 1128 968 pactum
1160 916 1445 966 percusztmb
1467 915 1635 954 irritum
1668 914 1823 952 fecerit

205 997 301 1022 cum
325 998 491 1023 summa
514 984 754 1037 diligentia,
780 987 858 1025 sed
883 988 1012 1026 etiam
1035 988 1152 1038 quod
1174 988 1216 1026 id
1239 987 1364 1026 citius
1385 1001 1472 1026 non
1507 987 1664 1025 fecerit
1684 985 1824 1025 adhuc

202 1068 337 1106 usque
361 1057 616 1108 saepissime
639 1059 839 1110 suspirat.

254 1138 290 1176 7.
353 1127 474 1176 Quid
501 1130 668 1179 plura?
702 1130 853 1170 dicam
891 1145 978 1171 nno
1014 1132 1151 1172 uerbo
1175 1134 1294 1182 qnod
1327 1131 1469 1171 sentio
1492 1139 1522 1178 0,
1560 1135 1705 1169 tantus
1742 1135 1822 1178 est,

202 1200 249 1237 R.
275 1200 339 1247 R,
377 1198 430 1238 ad
465 1214 546 1239 nos
581 1201 801 1241 hominum
839 1216 1092 1251 concursus,
1131 1208 1175 1242 ut
1207 1204 1242 1245 si
1271 1203 1455 1243 totidem
1492 1203 1690 1241 mitteres
1724 1202 1821 1248 huc,

201 1277 308 1322 quot
328 1271 410 1311 iam
436 1279 534 1311 sunt
556 1274 829 1321 sacerdotes,
856 1280 898 1313 et
926 1276 979 1325 ijs
1009 1277 1171 1327 plures,
1196 1276 1267 1315 uix
1290 1280 1470 1326 possent
1493 1275 1527 1322 d,
1552 1274 1654 1313 mihi
1676 1273 1822 1322 crede,

206 1347 291 1381 tam
315 1345 460 1383 multis
483 1345 730 1384 hominibus
752 1346 899 1385 facere
935 1348 1055 1387 satis.
1081 1347 1137 1385 Et
1159 1349 1310 1387 lamen
1331 1351 1428 1386 sunt
1450 1346 1592 1385 adhuc
1617 1358 1703 1384 non
1724 1358 1824 1396 pau-

203 1427 280 1453 cae
312 1415 537 1463 mulieres,
573 1430 685 1467 quae
717 1417 945 1456 dominicis
977 1424 1020 1457 et
1050 1419 1175 1458 festis
1205 1419 1374 1466 diebus,
1410 1425 1454 1457 et
1483 1416 1690 1470 profestis
1723 1429 1826 1455 non·

201 1498 432 1536 nunquam,
457 1494 606 1527 nostra
626 1489 789 1528 limina
812 1495 829 1513 ‘²
847 1490 1143 1540 frequentant.
1170 1492 1338 1541 Quibus
1360 1491 1521 1529 utinam
1544 1489 1655 1529 duos
1672 1490 1823 1528 saltem

201 1557 459 1601 sacerdotes
501 1559 753 1600 concedere
792 1575 1047 1612 possemus3
1095 1575 1317 1614 sperarem
1356 1562 1457 1601 inde
1498 1562 1629 1601 dubio
1676 1561 1824 1613 procul

202 1641 391 1668 messem
414 1630 525 1669 hanc
556 1632 745 1679 Domini,
775 1633 868 1671 fere
900 1646 1166 1684 oppressam.
1200 1647 1288 1672 non
1317 1633 1599 1672 mediocriter
1630 1634 1824 1671 releuan-

202 1699 299 1738 dam
321 1713 372 1740 ac
408 1703 691 1742 recreandam
715 1705 726 1728 f
748 1704 860 1753 fore,
885 1718 997 1756 quae
1027 1706 1248 1756 penuriae.
1273 1706 1570 1757 operariorum
1600 1717 1714 1756 pene
1740 1705 1824 1743 lan·

202 1774 391 1822 guescit3
414 1773 545 1825 idque
566 1787 654 1813 non
675 1788 778 1814 sane
801 1776 918 1827 quod
935 1777 1073 1815 nostri
1095 1778 1247 1816 Patres
1268 1790 1355 1816 non
1376 1789 1454 1828 pro
1478 1777 1588 1815 uirili
1608 1777 1822 1819 laborent,

203 1843 281 1882 sed
317 1845 417 1894 quia
450 1846 516 1895 (ut
550 1847 654 1886 illud
685 1847 819 1886 toties
847 1848 1125 1887 decantatum
1158 1850 1374 1900 repetam)
1404 1849 1558 1887 messis
1592 1849 1647 1887 sit
1676 1848 1822 1893 multa,

202 1916 388 1966 operarij
426 1930 533 1956 uero
569 1919 693 1969 pauci
734 1924 756 1957 ¹.
796 1921 958 1958 Verum
993 1922 1035 1958 in
1071 1921 1123 1970 ijs
1158 1920 1371 1972 angustijs
1407 1921 1493 1959 hoc
1525 1920 1713 1958 maxime
1746 1932 1825 1958 nos

203 1988 469 2028 consolatur
491 2002 544 2028 ac
564 1996 751 2038 recreat,
788 1991 906 2042 quod
927 2005 1013 2031 non
1042 1991 1245 2031 homines
1266 1998 1288 2024 g
1323 1991 1478 2038 solum,
1512 1991 1591 2030 sed
1621 1991 1825 2029 mulieres

205 2071 381 2110 quoque
411 2060 453 2098 in
488 2073 655 2111 genere
687 2075 782 2109 suo,
806 2075 918 2112 quae
949 2062 1110 2101 nostris
1141 2063 1421 2110 confitentur,
1445 2067 1662 2114 quotquot
1691 2063 1826 2102 nostri

210 2131 360 2169 audire
381 2144 468 2170 11011
490 2138 689 2184 possunt,
709 2134 856 2173 uerbis
877 2133 986 2173 illas
1025 2137 1068 2184 {?]
1103 2137 1417 2182 remorantur,
1455 2133 1681 2182 alliciunt,
1719 2136 1757 2174 et
1786 2134 1826 2173 111

204 2215 325 2252 spem
343 2203 580 2252 adducunt,
606 2205 640 2243 si
661 2205 794 2244 hodie
815 2218 902 2244 non
918 2213 1121 2257 potuere,
1147 2207 1301 2245 saltem
1323 2219 1418 2245 cras
1435 2206 1631 2244 fortassis
1651 2218 1782 2257 posse
1803 2218 1826 2243 a

203 2275 363 2313 nostris
380 2275 532 2315 audiri.
553 2277 652 2326 Quo
672 2278 784 2324 arte,
802 2290 879 2317 seu
890 2277 1044 2328 potius
1060 2277 1219 2317 diuino
1237 2278 1435 2325 consilio,
1455 2277 1577 2316 multi
1593 2278 1636 2316 in
1651 2277 1823 2329 incepto

205 2350 536 2387 conseruantur.
563 2348 781 2398 Quicquid
810 2353 1016 2399 preterea
1049 2350 1186 2388 nostri
1213 2349 1370 2388 fratres
1391 2349 1485 2399 alijs
1516 2354 1693 2388 sanctae
1725 2350 1824 2388 obe-

204 2416 397 2455 dientiae
428 2419 622 2469 negotijs
652 2415 817 2458 intenti
837 2425 1062 2471 praestare
1092 2433 1178 2459 non
1208 2426 1406 2472 possunt,
1429 2420 1549 2471 ipsae
1578 2419 1716 2459 etiam
1736 2431 1825 2458 non

206 2489 380 2528 tentare
403 2490 548 2537 modo,
571 2491 646 2529 sed
669 2490 847 2530 efficere
888 2491 1175 2531 contendunt.
1199 2491 1400 2543 Hincque
1434 2505 1513 2530 usu
1536 2491 1656 2530 uenit
1678 2495 1723 2530 ut
1743 2490 1824 2529 iam

253 2737 272 2755 a
293 2728 446 2766 Praec.
475 2740 514 2766 v.
548 2720 686 2774 supra
716 2738 826 2766 vers.
880 2729 947 2754 ——b
982 2727 1139 2771 initum,
1193 2734 1256 2753 —0
1289 2726 1478 2764 Demum'.
1535 2729 1602 2755 —d
1641 2726 1822 2765 Emend.

207 2801 259 2827 ex
277 2789 429 2836 possint
447 2791 525 2826 aut
544 2799 565 2826 e
583 2790 745 2826 contra.
801 2796 865 2815 —e
885 2793 1063 2824 nostram
1084 2787 1311 2825 ecclesiam.
1365 2788 1424 2813 -f
1452 2787 1588 2825 Prius
1619 2788 1821 2825 releuatu-

206 2850 292 2887 ram
308 2861 354 2886 ac
373 2853 652 2886 recreaturam
671 2848 750 2894 (Ρ).
803 2857 873 2881 -ε
893 2848 983 2885 viri.

256 3080 265 3099 ¹
318 3077 506 3123 Murri,
525 3076 599 3120 IX,
619 3076 676 3114 37.
