1908 3446
576 238 936 276 353.—M0NAcfflo
965 237 1011 274 22
1042 236 1204 275 MARTH
1241 239 1330 276 1560
1653 236 1720 275 557

143 342 259 388 tatis,
284 341 356 391 qui
376 345 497 379 tanto
521 340 685 391 gratior
708 345 790 387 est,
814 345 976 390 quanto
998 338 1184 390 populus
1214 339 1296 377 iste
1329 339 1651 378 monachiensis
1681 340 1768 377 aui-

143 418 214 451 tae
244 412 443 464 religionj
482 417 526 450 et
557 413 717 450 sanctis
747 412 973 451 Ecclesiae
997 411 1260 461 ceremonijs
1282 412 1480 449 tenacius
1503 411 1634 449 etiam
1656 423 1770 448 nunc

143 484 368 523 adhaeret.
393 484 448 522 Et
469 497 636 522 summa
657 490 779 522 certe
803 485 1045 522 consolatio
1071 489 1138 521 est
1159 484 1200 521 in
1222 483 1366 521 medio
1397 483 1587 521 nationis
1607 496 1769 534 prauae

145 568 326 594 cernere
366 560 531 593 tantam
572 556 815 594 electorum
851 556 1035 607 copiam,
1073 556 1143 606 qui
1179 568 1266 593 non
1302 560 1597 594 curuauerunt
1626 568 1771 605 genua

143 627 261 665 idolo
292 627 351 676 illj
384 627 609 665 islebiensi
642 628 665 665 ¹.
700 628 925 665 Missarum
965 626 1177 665 sacrificia
1216 612 1534 664 studiosissime
1568 626 1770 676 frequen-

144 703 250 745 tant,
276 703 320 735 et
340 711 418 748 pro
442 710 488 735 se
511 697 687 748 suisque
707 710 759 736 ea
777 698 927 737 offerri
946 697 1257 736 instantissime
1281 697 1463 736 subinde
1482 710 1507 735 a
1526 696 1653 735 nobis
1673 710 1770 747 pos-

143 771 297 815 tulant3
321 768 422 807 dum
444 773 591 807 autem
613 770 717 807 nihil
738 784 815 820 pro
838 771 891 819 ijs
913 770 1096 819 alijsque
1117 769 1294 820 pietatis
1330 768 1487 818 officijs
1517 769 1768 819 accipimus,

144 853 271 891 supra
291 853 418 891 quam
441 840 562 879 credi
582 846 731 890 potest
753 841 976 888 mirantur,
1004 846 1047 879 et
1075 841 1281 892 suspicatj
1311 846 1412 879 sunt
1440 840 1563 879 initio
1594 853 1674 878 nos
1695 840 1771 878 ho-

141 917 269 949 nesto
297 911 383 949 hoc
416 916 651 962 praetextu
684 912 828 950 officia
862 911 1108 951 istiusmodi
1138 917 1183 950 et
1212 913 1386 950 labores
1416 911 1610 950 refutare
1638 911 1771 955 uelle,

143 982 221 1020 sed
249 982 375 1032 plane
406 982 490 1020 iarn
520 983 769 1034 intelligere
801 984 1004 1022 uidentur
1034 977 1114 1022 nos
1147 989 1191 1021 et
1219 983 1568 1034 promptissimos
1598 996 1696 1021 esse
1719 980 1772 1020 ad

142 1054 252 1091 haec
275 1053 431 1099 omnia,
458 1059 501 1091 et
523 1055 791 1101 mercedem,
815 1061 1122 1106 praeterquam
1143 1067 1168 1093 a
1188 1054 1304 1092 DEO
1328 1054 1430 1106 Opt.
1456 1054 1587 1101 Max.,
1611 1054 1769 1092 nullam

143 1130 394 1175 expectare.
438 1126 693 1165 Catholicae
733 1127 835 1176 fidej
879 1133 923 1165 et
962 1127 1190 1165 doctrinae
1229 1126 1405 1165 assidua
1442 1125 1770 1177 praedicatione

140 1201 373 1248 tantopere
395 1198 516 1235 multi
538 1203 808 1246 recreantur,
833 1204 880 1236 ut
901 1211 985 1237 una
1003 1199 1071 1237 uel
1088 1199 1226 1237 altera
1246 1198 1355 1236 hora
1376 1198 1577 1247 concionj
1602 1197 1770 1248 asigna-

141 1272 232 1305 tum
252 1271 424 1319 tempus
446 1274 746 1316 anteuertere,
772 1274 816 1307 et
837 1270 1071 1309 commodo
1094 1269 1148 1308 ad
1169 1269 1434 1308 audiendum
1456 1269 1555 1307 loco
1574 1268 1769 1315 delecto,

141 1338 359 1387 patienter
377 1340 700 1378 concionatoris
717 1342 975 1390 praestolarj
1000 1341 1237 1379 aduentum
1254 1341 1442 1379 soleant.
1463 1341 1578 1391 Erga
1595 1339 1772 1378 defunc-

143 1414 212 1447 tos
234 1409 416 1448 deuotio
449 1416 515 1449 est
546 1411 672 1449 huius
705 1412 855 1462 populi
876 1419 895 1437 a
925 1412 1168 1463 singularis,
1201 1413 1372 1463 qualem
1405 1411 1536 1450 etiam
1569 1405 1772 1449 alibi'uix

143 1493 324 1530 usquam
345 1480 544 1520 uiderim:
568 1482 610 1520 in
633 1496 813 1531 summa,
837 1489 1012 1534 praesto
1036 1490 1135 1522 sunt
1155 1482 1225 1522 hic
1249 1484 1392 1522 onmia
1413 1483 1455 1521 in
1482 1483 1639 1533 quibus
1659 1483 1774 1521 iusta

143 1552 378 1591 Societatis
399 1559 576 1592 nostrae
599 1554 820 1593 desideria
847 1556 1015 1606 expleri
1044 1556 1228 1607 possint.
1261 1555 1372 1593 Nam
1404 1555 1498 1592 siue
1531 1554 1775 1592 catholicos

143 1624 400 1663 confirmare
424 1629 468 1663 et
489 1625 543 1663 ad
564 1627 881 1676 poenitentiam
902 1627 1083 1675 hortari3
1107 1629 1199 1666 siue
1223 1632 1421 1665 errantes
1445 1631 1489 1664 et
1510 1625 1565 1664 de
1592 1624 1679 1663 fide
1701 1638 1775 1676 pe-

142 1695 382 1734 riclitantes
403 1697 445 1734 in
467 1697 580 1735 uiam
609 1699 806 1736 ueritatis
834 1699 1066 1746 reducere,
1104 1699 1197 1737 siue
1220 1698 1275 1736 de
1297 1699 1527 1736 iuuentute
1549 1698 1664 1735 bene
1686 1710 1774 1735 me-

144 1767 245 1816 rerj,
278 1768 348 1805 uel
370 1767 548 1807 infirmis
570 1774 615 1807 et
636 1769 808 1808 afflictis
830 1771 987 1810 solatio
1011 1783 1110 1809 esse
1133 1771 1294 1821 cupias,
1321 1770 1579 1808 occasiones
1601 1768 1775 1808 abunde

143 1838 215 1877 hic
237 1840 427 1879 omnium
449 1842 576 1879 saluti
598 1842 855 1891 consulendj
886 1846 1138 1893 suppetunt.

201 1913 237 1951 6.
296 1914 593 1952 Recenserem
613 1914 684 1952 hic
705 1914 853 1961 multa,
878 1926 988 1964 quae
1011 1914 1065 1952 ad
1086 1914 1298 1952 illustriss.
1321 1913 1444 1952 ducis
1465 1913 1603 1962 nostrj
1626 1913 1668 1951 in
1685 1912 1772 1950 fide

146 1987 457 2037 synceritatem
489 1991 533 2024 et
562 1985 866 2033 constantiam,
899 1991 991 2024 tum
1022 1986 1153 2024 etiam
1183 1985 1395 2036 pietatem
1426 1984 1628 2022 eximiam
1660 1996 1775 2022 com-

143 2058 412 2110 probandam
432 2058 647 2104 facerent3
671 2057 750 2096 sed
771 2058 857 2095 hoc
873 2070 961 2095 uno
978 2056 1235 2106 nobilissimj
1262 2057 1282 2081 b
1304 2056 1432 2105 animj
1456 2056 1531 2094 szti
1550 2055 1777 2106 integrita-

144 2135 235 2168 tem
265 2129 369 2168 satis
404 2141 622 2180 superque
658 2128 907 2167 declarasse
942 2128 1104 2176 iudico,
1141 2127 1259 2179 quod
1294 2127 1399 2166 nihil
1433 2128 1601 2166 ueritus
1637 2127 1775 2165 offen-

143 2203 312 2240 sionem
353 2206 397 2239 et
442 2213 663 2239 murmura
709 2200 1052 2247 haereticorum,
1099 2200 1255 2251 quibus
1299 2205 1394 2238 tota
1437 2200 1548 2237 haec
1582 2198 1774 2249 undique

144 2273 282 2324 patria
312 2273 604 2323 circumsepta
634 2278 716 2320 est,
749 2272 908 2323 quique
939 2271 1240 2310 infensissimis
1261 2284 1342 2309 nos
1368 2270 1479 2320 odijs
1501 2270 1638 2319 uelutj
1663 2269 1776 2320 capi-

145 2345 254 2383 tales
275 2340 474 2394 inimicos
507 2349 847 2395 prosequuntur,
881 2343 1014 2394 quod,
1052 2343 1241 2394 inquam,
1278 2356 1360 2381 nos
1394 2355 1481 2381 non
1516 2340 1772 2393 Ingolstadij

145 2415 294 2463 modo,
318 2415 398 2454 sed
420 2419 464 2453 et
484 2416 528 2453 in
561 2414 723 2465 inclyta
743 2415 839 2462 hac,
864 2415 1087 2464 totiusque
1111 2413 1288 2452 ditionis
1311 2426 1414 2452 suae
1445 2413 1647 2464 primaria
1668 2412 1775 2451 urbe

145 2487 310 2525 habere
332 2487 522 2524 uoluerit
543 2486 754 2524 alumnos.
781 2486 1014 2533 insaniant,
1045 2493 1061 2510 0
1082 2485 1329 2532 mussitent,
1363 2487 1541 2535 crepent
1571 2484 1776 2522 aduersa-

100 2561 102 2565 ’
145 2558 211 2607 rij.
246 2558 539 2598 Conseruabit
570 2557 697 2596 nobis
728 2569 923 2607 suaeque
954 2569 1142 2608 sponsae
1164 2557 1391 2595 Ecclesiae
1422 2556 1670 2594 bauaricam
1701 2555 1776 2593 do·

146 2643 263 2667 mum
294 2631 397 2668 Dns.
425 2630 567 2680 Jesvs.
599 2629 710 2667 Nam
741 2635 842 2680 post
863 2628 1092 2667 diuturnos
1114 2634 1158 2666 et
1178 2628 1428 2667 indefessos
1448 2627 1775 2666 haereticorum

148 2706 331 2739 conatus
352 2700 406 2738 ad
441 2701 591 2751 optimj
624 2701 750 2739 huius
781 2706 824 2738 et
853 2699 1145 2751 potentissimj
1177 2699 1381 2750 principis
1418 2704 1612 2737 sanctam
1644 2697 1775 2736 fidem

146 2772 487 2823 peruertendam
507 2772 743 2819 adhibitos,
767 2784 905 2822 usque
927 2771 1040 2809 adeo
1071 2770 1175 2809 nihil
1196 2775 1532 2821 promouerunt‚
1556 2774 1603 2807 ut
1624 2770 1776 2807 haere-

194 2916 214 2935 a
264 2916 356 2962 Seq.
378 2920 538 2953 lterum
557 2916 718 2953 deuotio
737 2915 819 2952 del.
883 2915 940 2940 —b
962 2915 1062 2950 eius.
1116 2923 1179 2940 —0
1200 2928 1260 2951 ae.

198 3055 207 3074 ¹
259 3053 462 3091 Martinus
480 3053 686 3092 Lutherus
705 3053 878 3090 Islebiae
899 3051 1122 3098 (Eisleben)
1141 3057 1273 3100 natus;
1293 3057 1333 3089 et
1351 3052 1401 3090 cl.
1424 3053 1548 3097 RoM.,
1571 3050 1643 3093 XI,
1663 3050 1698 3087 4.
