1908 3446
573 195 960 236 407.—V1N00130NA
991 200 1030 236 31
1064 200 1256 237 Aucusn
1287 201 1376 238 1560
1680 204 1750 241 759

169 307 259 339 tate
290 302 470 353 insignis
501 315 652 342 comes
684 310 765 351 est,
798 307 976 344 natione
1007 307 1193 357 polonus
1226 310 1250 355 ¹,
1274 309 1412 346 literis
1434 310 1716 350 mediocriter
1738 313 1796 350 in-

170 378 376 420 structus,
401 387 506 412 uera
528 375 771 414 humilitate
804 383 933 427 atque
967 379 1081 417 omni
1114 379 1321 418 uirtutum
1353 394 1518 430 genere
1549 388 1709 420 tantam
1744 384 1796 421 de

169 457 216 482 se
248 445 606 495 expectationem
639 447 838 484 omnibus
869 448 1049 496 faciens,
1080 454 1124 486 ut
1148 449 1263 488 serio
1286 456 1489 501 putemus
1511 465 1693 503 regnum
1719 455 1797 492 Po-

169 516 311 554 loniae
334 516 479 554 multis
502 516 642 554 modis
664 519 873 568 agitatum
897 525 1028 570 atque
1051 521 1257 559 afflictum
1290 523 1469 560 tandem
1501 536 1638 562 uerae
1669 524 1798 562 liber-

169 587 257 624 tati
278 599 331 625 ac
361 587 587 638 religioni
614 588 876 628 restiturum
898 590 963 629 iri
992 600 1023 629 ἃ.
1050 593 1177 631 Hunc
1198 605 1274 643 per
1306 594 1453 632 literas
1475 595 1707 644 aliquoties·
1730 609 1799 646 pa-

170 664 236 696 ter
258 657 407 709 ipsius,
430 659 727 697 nobilissimus
750 661 828 708 uir,
853 663 905 699 ab
924 663 1122 701 instituto
1147 664 1398 711 Societatis,
1419 666 1535 715 quod
1553 665 1797 717 ignorabat,

167 743 253 768 non
271 735 419 768 tamen
441 742 464 767 a
486 730 702 780 religione
724 743 938 771 reuocare
963 740 1146 772 conatus·
1179 741 1260 773 est.
1287 735 1375 774 Sed
1399 749 1495 773 cum
1518 737 1600 774 hac
1630 738 1797 775 ratione

167 801 270 838 nihil
301 800 552 851 proficeret,
591 801 740 839 furore
771 803 961 854 quodam
996 817 1210 843 accensus
1242 807 1453 845 Viennam
1490 811 1580 845 tum
1620 814 1799 858 propter

167 873 268 919 hoc,
293 878 384 910 tum
406 873 511 911 alias
535 874 590 911 ob
614 886 766 912 causas
789 875 925 921 uenit,
949 876 1080 914 filium
1104 891 1233 927 quem
1250 878 1333 916 iam
1351 878 1635 929 dignitatibus
1660 881 1798 917 eccle-

168 943 354 981 siasticis
390 943 704 992 destinauerat,
742 958 762 983 a
801 945 927 984 nobis
963 949 1245 997 repetiturus.
1280 950 1474 987 Locutus
1510 957 1575 987 est
1612 963 1707 988 cum
1746 964 1799 988 eo

168 1015 402 1066 aliquoties
425 1017 603 1063 Rector‚
630 1017 757 1067 eique
781 1018 1019 1056 Societatis
1041 1019 1285 1058 institutum
1309 1020 1564 1069 declarauit‚
1599 1028 1642 1060 et
1672 1035 1799 1073 quarn

170 1086 411 1137 prudenter
448 1088 614 1138 egisset
649 1088 762 1125 filius
798 1088 994 1136 edocuit3
1031 1091 1209 1129 tandem
1242 1093 1453 1142 pacatiori
1489 1094 1632 1131 animo
1670 1094 1801 1131 affec-

170 1164 240 1197 tus
275 1159 491 1197 rationem
528 1159 714 1197 instituti
750 1161 888 1198 nostri
923 1160 1037 1199 adeo
1076 1163 1368 1202 uehementer
1400 1165 1482 1202 sibi
1513 1165 1691 1216 placere
1727 1180 1801 1217 pu-

167 1230 280 1268 blice
302 1234 491 1268 testatus
515 1236 596 1278 est,
630 1236 675 1268 ut
705 1243 793 1269 non
822 1232 954 1270 modo
985 1231 1067 1271 iam
1092 1233 1145 1271 de
1168 1235 1285 1274 bono
1308 1236 1381 1285 filij
1416 1237 1481 1275 sui
1503 1250 1550 1275 se
1571 1238 1799 1288 plurimum

168 1301 364 1353 gaudere
385 1302 524 1352 palam
547 1302 751 1350 fateatur,
777 1303 855 1341 sed
877 1303 994 1342 idem
1025 1305 1164 1355 ipsum
1198 1307 1335 1345 tribus
1368 1309 1497 1346 etiarn
1520 1309 1616 1358 alijs
1648 1310 1734 1348 suis
1756 1311 1800 1348 fi-

168 1373 252 1423 lijs,
276 1387 386 1425 quos
406 1379 582 1425 praeter
605 1374 721 1413 hunc
742 1375 889 1423 habet,
915 1389 961 1414 se
985 1382 1139 1428 optare
1160 1379 1299 1428 probe
1323 1380 1457 1431 signis
1479 1394 1530 1419 ac
1557 1381 1704 1420 uerbis
1737 1395 1803 1420 os-

167 1446 324 1484 tendit.
348 1446 464 1484 Nihil
486 1446 689 1497 profecto
713 1447 827 1485 aliud
851 1449 1047 1499 cogitare
1070 1449 1153 1487 iam
1176 1451 1364 1497 uidetur,
1386 1465 1513 1502 quam
1545 1457 1590 1491 ut
1632 1453 1801 1492 Vladis-

167 1517 323 1556 laniae
343 1517 362 1541 b
383 1517 546 1555 nostris
570 1518 807 1569 collegium
840 1519 1032 1570 erigatur
1063 1520 1089 1558 ².
1125 1522 1265 1570 Quam
1298 1535 1389 1560 rem
1423 1529 1467 1561 et
1499 1536 1656 1575 urgere
1689 1525 1801 1575 apud

166 1588 275 1626 alios
297 1588 415 1626 uiros
435 1588 665 1639 primariae
687 1590 928 1628 noLilitatis
951 1591 1280 1632 ecclesiasticos
1297 1607 1348 1632 ac
1369 1595 1634 1643 saeculares,
1661 1601 1704 1635 et
1725 1610 1802 1647 per

168 1671 215 1697 se
245 1672 332 1698 non
362 1658 643 1698 incommode
673 1673 955 1711 promouere,
981 1663 1076 1700 Deo
1101 1663 1228 1711 duce,
1261 1666 1441 1715 poterit,
1476 1679 1611 1716 seque
1642 1667 1685 1704 id
1716 1673 1802 1705 stu-

168 1730 292 1769 diose
324 1737 341 1756 ‘³
365 1731 581 1769 facturum
612 1732 779 1778 statuit,
813 1733 929 1783 quod
960 1734 1002 1771 in
1033 1748 1234 1785 magnam
1266 1737 1438 1774 ueniret
1470 1751 1589 1788 spem
1620 1738 1731 1781 fore.
1757 1744 1802 1776 ut

167 1801 372 1852 permulti
405 1815 539 1853 opera
569 1809 820 1842 nostrorum
851 1805 976 1843 breui
1006 1807 1218 1857 temporis
1249 1809 1395 1858 spacio
1418 1809 1459 1846 in
1491 1814 1585 1847 tota
1606 1810 1803 1848 selesita-

167 1888 260 1913 rum
280 1875 507 1926 prouincia
527 1876 671 1926 prisco
697 1875 875 1915 candori
896 1876 997 1915 fidei
1030 1890 1080 1916 ac
1100 1878 1276 1929 pietatis
1307 1893 1414 1919 uere
1443 1881 1705 1920 christianae
1737 1895 1802 1920 re-

170 1947 421 1986 stituantur.

221 2028 258 2068 5.
318 2019 384 2057 De
415 2019 680 2069 quotidianis
711 2026 756 2059 et
786 2021 924 2060 solitis
957 2024 1349 2063 exercitationibus
1377 2030 1627 2065 nostrorum
1650 2032 1737 2065 tam
1760 2026 1800 2065 in

213 2156 233 2176 a
280 2170 361 2194 non
382 2157 557 2203 vulgare
577 2157 626 2194 ab
647 2170 694 2194 eo
711 2158 909 2196 auxilium
929 2171 1019 2197 esse
1038 2166 1314 2208 accepturum.
1369 2165 1434 2190 -b
1458 2163 1740 2201 Vratislauiae
1759 2164 1802 2201 In

169 2228 307 2263 marg.
363 2223 425 2242 -0
452 2216 631 2254 studiose
650 2222 789 2264 supra
808 2229 918 2256 vers.

218 2352 227 2371 ¹
279 2350 324 2387 In
360 2349 549 2395 catalogo
583 2349 751 2397 collegii
782 2351 1014 2389 viennensis
1045 2352 1236 2391 Viennae
1272 2367 1377 2391 anno
1412 2354 1499 2392 1561
1534 2355 1653 2399 edito,
1683 2366 1803 2403 quem

168 2411 316 2448 iterum
335 2409 459 2447 edidit
475 2409 518 2446 Ρ.
541 2408 853 2457 Sommervogel
874 2412 977 2456 (Les
989 2413 1186 2459 ιΙέειιιίῗεῑε
1204 2414 1259 2451 de
1277 2415 1418 2452 Rome
1436 2421 1474 2452 et
1495 2415 1550 2452 de
1573 2415 1734 2452 Vienne
1752 2426 1803 2452 en

172 2469 403 2508 MDLXI
414 2469 588 2513 d‘apres
605 2480 666 2505 un
686 2471 916 2517 catalogue
932 2475 1161 2510 rarissime
1175 2474 1229 2511 de
1243 2474 1444 2522 l’epoque.
1462 2474 1681 2512 Bruxelles
1700 2474 1803 2519 1892)

168 2534 405 2567 recensetur
428 2527 680 2565 astanislaus
698 2528 1019 2568 Rosorazebschi
1039 2533 1382 2579 (Rosdrazowski)
1401 2534 1724 2581 uicepraefectus
1740 2535 1802 2570 do-

169 2602 257 2627 mus
275 2588 566 2633 conuictorum‚
589 2587 803 2626 polonus».
824 2589 886 2627 De
914 2603 961 2627 eo
988 2591 1028 2628 in
1056 2595 1243 2639 catalogo
1271 2594 1363 2630 coll.
1393 2594 1627 2631 viennensis
1657 2594 1804 2631 mensis

165 2648 349 2696 Januarii
379 2647 470 2685 1562
502 2647 555 2688 (in
575 2649 661 2684 cod.
687 2649 830 2686 Austr.
854 2650 946 2696 122,
967 2651 994 2688 f.
1014 2652 1051 2697 4)
1071 2652 1171 2689 haec
1190 2653 1392 2691 dicuntur:
1417 2653 1670 2691 ‹Stanislaus
1690 2653 1800 2690 Polo-

169 2721 257 2749 nus,
278 2708 404 2744 dioec.
425 2708 706 2753 posnaniensis.
728 2709 886 2753 nobilis,
908 2723 1105 2748 annorum
1124 2711 1182 2755 22,
1203 2711 1227 2749 2
1245 2713 1285 2750 in
1311 2712 1532 2758 Societate;
1554 2715 1708 2760 logicus
1728 2713 1803 2759 pri·

170 2768 222 2804 mi
241 2767 350 2811 anni,
372 2767 472 2812 piuS.
494 2779 631 2808 sanus,
653 2769 702 2805 ad
723 2769 1034 2814 gubernandum
1054 2778 1184 2818 aptus.
1208 2772 1383 2818 Collega
1404 2773 1460 2809 M.
1484 2772 1738 2821 Pirjngerib.

218 2827 231 2846 ²
281 2825 541 2863 Vladislavia
560 2827 655 2863 urbs
679 2827 870 2865 Poloniae
889 2829 939 2865 ad
959 2829 1182 2872 Vistulam,
1213 2832 1337 2878 vulgo
1368 2832 1513 2868 dicitur
1533 2832 1803 2876 VVloclawek;

173 2886 426 2923 Vratislavia
448 2899 541 2922 vero
562 2887 657 2924 urbs
676 2894 737 2924 est
757 2887 932 2925 Silesiae
952 2890 1157 2936 primaria,
1181 2891 1305 2937 vulgo
1325 2890 1512 2928 Breslau.
1540 2892 1603 2928 De
1631 2892 1804 2937 collegio

170 2945 386 2983 societatis
420 2945 631 2983 condendo
666 2946 706 2983 in
741 2947 816 2984 hae
855 2953 1059 2995 postrema
1098 2949 1198 2987 urbe
1237 2951 1440 2997 agebatur
1479 2957 1573 2988 tunc
1613 2951 1805 2997 temporis

171 3004 236 3052 (cf.
259 3003 410 3042 Lainii
430 3004 641 3051 Monum.,
663 3005 717 3051 V,
740 3006 835 3052 150),
857 3019 935 3045 non
953 3012 1091 3046 tamen
1109 3008 1219 3046 felici
1236 3010 1361 3047 exitu.
