1908 3446
543 224 613 260 435
633 224 882 263 —VENETns
907 225 954 263 ‘28
981 225 1243 263 SEPTEMssms
1272 223 1361 260 1560
1649 225 1718 262 889

142 341 250 377 quae
283 329 368 367 hoc
393 341 505 366 anno
530 335 573 367 et
605 336 789 368 venetos
821 336 865 369 et
886 331 1041 368 multas
1072 330 1267 367 similiter
1296 329 1495 366 nationes
1526 330 1763 376 intestauit,

144 400 339 437 eiusdem
380 414 513 450 opera
549 408 592 439 et
628 402 1005 440 cohortationibus
1041 402 1095 439 sit
1134 402 1376 448 subleuata,
1414 400 1662 438 declarabo.
1702 402 1763 438 Eo

142 476 339 521 tempore
362 473 569 510 conuenit
601 473 648 511 R.
674 475 719 511 P.
753 477 903 511 noster
934 473 1257 511 serenissimum
1278 470 1450 519 ducem,
1475 472 1541 509 cui
1574 473 1765 510 rationes

142 541 296 580 multas
319 543 606 593 depellendae
638 544 819 582 huiusce.
854 544 1059 594 penuriae
1096 543 1314 594 exposuit,
1352 556 1477 581 unam
1513 544 1762 594 praecipue,

141 626 250 664 quae
282 613 463 664 principi
494 615 645 652 mirum
676 615 718 652 in
740 616 915 653 modum
947 620 1014 653 est
1043 615 1239 665 probata.
1266 614 1399 665 Jussit
1431 614 1544 652 enim
1576 616 1761 652 omnium

140 685 441 735 parochiarum
463 685 590 735 (quae
613 700 793 724 numero
823 687 975 724 LXXII
1006 687 1122 736 sunt)
1153 687 1390 724 curatores
1410 692 1426 710 ἃ
1453 699 1548 723 cum
1581 686 1674 734 alijs
1697 701 1765 725 ea-

141 768 233 794 rum
267 756 461 807 patricijs
497 762 626 808 atque
661 756 858 796 honestis
898 758 1065 796 ciuibus
1099 757 1319 804 aduocari,
1356 757 1511 806 quibus
1547 757 1763 808 sigillatim

140 841 376 879 pauperum
398 841 575 866 suorum
598 841 743 867 curam
766 829 1058 880 demandauit:
1082 841 1167 879 quo
1192 828 1337 866 edicto
1361 829 1484 866 simul
1507 842 1603 867 cum
1627 829 1764 867 Patris

139 899 322 938 assiduis
343 900 683 948 incitationibus,
708 901 788 950 Dej
812 901 1029 939 beneficio
1051 901 1213 939 factum
1230 906 1312 947 est,
1336 905 1381 937 ut
1409 901 1639 938 uniuersae
1662 901 1764 939 ciui-

139 971 240 1009 tatis
270 971 441 1022 inopiae
464 973 783 1020 consuleretur,
807 973 1023 1023 errogatis
1044 974 1096 1010 ab
1123 972 1461 1022 uniuscuiusque
1482 973 1502 997 b
1531 973 1763 1023 parochiae

140 1043 306 1082 ciuibus
329 1048 504 1082 centum
526 1044 567 1082 in
595 1045 791 1095 singulos
813 1058 986 1083 menses
1016 1046 1176 1095 aurejs,
1199 1045 1414 1084 interdum
1438 1049 1583 1082 autem
1606 1044 1764 1082 ducen-

139 1114 211 1164 tjs,
231 1113 493 1166 generatim
520 1117 670 1154 autem
691 1115 745 1154 ad
773 1121 941 1166 septem
963 1130 1193 1155 aureorum
1224 1116 1354 1155 millia
1383 1129 1503 1154 suma
1524 1116 1683 1154 crescit
1712 1117 1765 1154 ab

141 1186 339 1224 omnibus
360 1187 579 1237 parochijs
601 1187 642 1225 in
664 1200 837 1226 menses
858 1186 1052 1239 singulos
1075 1189 1289 1239 exposita.
1314 1188 1361 1226 Id
1382 1200 1488 1226 uero
1512 1188 1701 1226 omnium
1723 1190 1763 1226 in

138 1270 218 1295 nos
240 1257 398 1296 ciuium
421 1259 648 1297 coniectos
677 1260 828 1298 oculos
850 1260 1033 1298 mirabili
1052 1261 1179 1298 huius
1207 1258 1532 1298 misericordiae
1555 1260 1764 1310 magnitu-

140 1329 240 1367 dine
265 1330 518 1377 oblectauit,
543 1331 673 1369 immo
697 1336 741 1370 et
761 1331 866 1370 alias
887 1333 1017 1370 urbes
1045 1333 1097 1370 ad
1118 1333 1202 1371 hoc
1222 1333 1574 1384 persequendum
1596 1332 1661 1382 (ut
1690 1345 1765 1370 nu-

139 1414 217 1452 per
238 1401 529 1451 referebatur)
550 1401 733 1441 induxit.

190 1482 228 1519 3.
292 1471 402 1511 Illud
432 1472 611 1523 quidem
640 1473 834 1525 suppetit
862 1486 1034 1525 quoque
1056 1482 1073 1500 c
1103 1474 1335 1513 dicendum
1366 1488 1451 1525 quo
1469 1475 1589 1513 Deus
1620 1475 1764 1513 multis

137 1543 222 1582 hoc
243 1548 441 1595 tempore
465 1544 641 1596 flagitijs
672 1545 785 1584 uiam
808 1546 1038 1585 obstruxit.
1059 1546 1393 1585 Consueuerant
1415 1551 1575 1585 matres
1595 1547 1763 1597 aliquae

137 1615 245 1653 filias
267 1617 531 1667 exponendo
553 1617 718 1656 uictum
739 1617 818 1655 sibi
840 1622 1019 1669 propter
1040 1618 1242 1656 eximiam
1262 1622 1564 1669 paupertatem
1593 1632 1764 1669 compa-

138 1699 249 1735 rare,
273 1687 391 1737 quod
412 1700 513 1726 cum
535 1687 797 1727 inauditum
818 1689 984 1727 facinus
1012 1688 1032 1714 d
1053 1689 1107 1727 ad
1129 1690 1303 1728 Patrem
1325 1695 1445 1728 esset
1460 1690 1666 1736 delatum,
1693 1704 1764 1728 cu-

137 1758 248 1796 rauit
287 1758 360 1796 ille
399 1760 578 1809 priuatis
616 1760 888 1811 publicisque
929 1761 1215 1799 concionibus
1254 1761 1307 1799 ad
1345 1761 1471 1799 huius
1510 1761 1762 1799 teterrimae

135 1829 271 1880 pestis
302 1829 597 1877 euersionem,
632 1831 800 1869 collatis
828 1831 1062 1869 multorum
1086 1831 1378 1882 portionibus
1399 1839 1431 1880 e,
1456 1833 1631 1870 domum
1662 1846 1763 1871 con-

137 1901 237 1940 duci
259 1901 363 1939 satis
393 1902 592 1952 amplam,
617 1915 726 1952 quae
748 1902 914 1953 puellas
936 1915 959 1940 e
981 1903 1186 1941 uitiorum
1215 1903 1412 1942 faucibus
1443 1909 1617 1955 ereptas
1648 1918 1763 1943 com-

137 1972 267 2011 mode
289 1977 482 2023 caperet.
508 1972 676 2012 Placuit
696 1973 756 2011 ita
770 1974 989 2024 plerisque
1012 1987 1065 2012 ea
1084 1987 1168 2023 reS,
1189 1974 1268 2025 qui
1287 1974 1439 2026 capita
1456 1977 1761 2025 contulerant,

136 2049 182 2082 ut
202 2045 406 2095 quoniam
427 2057 538 2083 anno
561 2045 799 2095 praeterito
818 2046 1072 2097 refriguisse
1090 2047 1131 2084 in
1148 2052 1268 2085 tanto
1286 2048 1468 2098 negotio
1486 2047 1760 2095 uidebantur,

135 2130 250 2155 nunc
271 2118 407 2155 multo
430 2117 565 2168 magis
587 2117 764 2165 instent,
790 2123 834 2155 et
853 2117 969 2156 bona
988 2119 1270 2169 pecuniarum
1292 2120 1419 2170 copia
1439 2121 1575 2171 elapsi
1594 2125 1763 2171 tempo-

137 2188 192 2226 ris
213 2187 411 2226 iniuriam
433 2189 688 2236 resarciant3
711 2201 896 2238 cumque
918 2189 1096 2240 triginta
1116 2196 1322 2241 receptae
1344 2190 1429 2228 sint
1449 2191 1620 2242 puellae
1642 2190 1762 2229 nubi-

135 2260 214 2307 les,
247 2259 356 2298 aliae
386 2250 443 2298 f'a
471 2260 688 2299 nonnullis
719 2261 888 2299 ciuibus
917 2261 1052 2312 gratis
1082 2261 1200 2300 domi
1231 2263 1397 2299 alantur
1418 2269 1454 2309 g,
1488 2263 1630 2301 donec
1661 2276 1762 2301 con-

135 2332 369 2370 struendae
399 2331 601 2383 propriae
632 2336 677 2370 et
707 2332 925 2383 amplioris
956 2332 1110 2371 domus
1137 2333 1273 2371 maior
1303 2346 1349 2372 se
1382 2334 1537 2372 offerat
1570 2336 1760 2383 occasio,

135 2415 212 2454 pro
235 2415 319 2452 qua
339 2403 536 2445 emenda,
559 2408 744 2452 quatuor
763 2403 856 2441 fere
879 2403 1009 2441 millia
1029 2416 1260 2442 aureorum
1281 2410 1380 2442 sunt
1399 2405 1611 2456 promissa
1631 2419 1655 2443 a
1674 2407 1762 2456 ple-

136 2473 280 2524 risque
302 2473 386 2525 pijs
406 2473 524 2521 uiris,
547 2474 701 2524 quibus
723 2475 833 2514 haec
863 2475 1049 2514 maxime
1080 2476 1203 2514 cordi
1224 2489 1322 2514 esse
1344 2477 1563 2515 uidentur.
1588 2477 1762 2515 Duode-

136 2546 219 2585 cim
241 2550 482 2593 matronae,
507 2550 552 2584 et
573 2547 653 2585 uiri
674 2544 862 2584 ciuitatis
892 2546 1097 2597 primates
1118 2548 1319 2595 totidem,
1343 2548 1471 2597 hujus
1500 2548 1667 2599 negotij
1691 2562 1762 2587 cu-

136 2632 225 2658 ram
260 2623 563 2669 susceperunt,
597 2629 651 2655 ex
687 2617 840 2667 quibus
870 2623 1056 2667 quatuor
1089 2623 1188 2657 sunt
1225 2619 1483 2657 nobilissimi
1515 2624 1759 2666 senatores,

135 2696 320 2740 quatuor
349 2690 455 2729 item
485 2689 691 2727 mulieres
720 2689 960 2739 puellarum
993 2695 1093 2728 sunt
1122 2690 1452 2737 moderatrices,
1485 2704 1664 2740 quarum
1695 2696 1762 2729 est

137 2761 329 2801 officium
360 2761 463 2800 alias
493 2758 741 2808 admittere,
777 2760 985 2800 admissas
1015 2766 1161 2800 autem
1192 2762 1347 2800 crebro
1368 2762 1574 2810 inuisere,
1599 2775 1760 2813 easque

181 2970 201 2989 a
234 2969 433 3007 curiones.
510 2970 577 2995 —b
609 2969 793 3007 Emend.
831 2980 883 3008 ex
915 2969 1196 3018 unicuiusque.
1275 2980 1339 2998 —0
1375 2972 1498 3009 etiam
1544 2974 1757 3012 succurrit.

137 3030 204 3058 -d
224 3040 328 3068 cum.
382 3037 448 3056 -e
469 3028 740 3068 eleemosinis.
795 3030 854 3055 —s
882 3028 977 3068 Del.
998 3042 1090 3078 que.
1143 3039 1214 3066 —g
1233 3031 1419 3070 Emend.
1441 3042 1492 3069 ex
1509 3032 1687 3071 aluntur.
