1908 3446
499 235 824 274 346.—B11.1„0Mo
846 235 892 272 22
917 233 1156 271 FEssRuARn
1184 232 1230 278 (P)
1264 233 1352 270 1560
1631 229 1700 268 527

123 341 337 387 addictus,
361 354 448 379 non
469 340 590 390 potuj
616 340 803 378 caeteris
826 337 1096 376 satisfacere.
1122 335 1282 376 Christi
1304 336 1459 387 gratia,
1483 336 1597 373 bene
1633 332 1751 370 audit

123 413 323 451 Societas
357 411 471 463 apud
509 412 749 457 Aruernos,
786 422 870 449 nec
898 415 1045 459 potest
1077 407 1422 459 competentium
1454 406 1569 444 votis
1586 403 1752 442 satisfa-

125 496 241 522 cere.
266 484 411 534 Atque
433 484 598 521 vtinam
620 484 766 534 plures
799 487 947 520 essent
968 480 1188 531 agricolae
1211 480 1265 517 ad
1286 480 1397 516 hanc
1419 484 1579 515 terram
1607 488 1752 514 aruer-

123 556 264 593 nicam
292 554 596 593 excolendam.

177 638 215 674 3.
276 627 496 676 Quantum
527 625 580 663 ad
610 630 984 663 sacramentorum
1015 622 1250 673 litourgian
1286 626 1470 672 spectat,
1508 620 1752 658 vberrimus

123 699 223 737 hinc
243 697 410 735 fructus
436 702 678 747 promanat.
713 697 759 734 P.
795 697 950 733 Petrus
982 694 1153 734 Canalis
1184 698 1228 731 et
1263 694 1306 730 P.
1336 693 1525 744 Jacobus
1547 691 1754 729 Morelius

125 769 486 807 scholasticorum
518 768 870 805 confessionibus
901 765 1127 804 audiendis
1158 769 1379 815 praesunt,
1412 776 1495 801 nec
1517 764 1609 801 sine
1632 763 1753 814 graui

122 840 275 878 labore
298 844 340 876 et
368 838 556 877 maximo
587 838 746 876 fructu.
780 838 912 877 Ciues
941 848 1116 887 quoque
1149 840 1192 873 et
1223 835 1432 873 extranei
1453 842 1472 859 a
1515 834 1568 872 ad
1598 847 1679 872 nos
1709 834 1755 871 li-

125 912 281 949 benter
316 910 555 956 confluunt,
595 913 638 947 et
674 909 707 946 si
743 909 838 959 quis
877 908 1138 959 desperatae
1177 919 1313 957 prope
1350 906 1500 943 salutis
1535 905 1753 951 videatur,

125 995 227 1020 mox
249 981 303 1020 ad
324 987 497 1019 nostras
519 980 654 1018 aedes
675 985 879 1030 tanquam
910 979 964 1017 ad
994 979 1161 1029 asylum
1184 976 1466 1015 tutissimum
1488 976 1753 1028 confugitur.

126 1053 368 1104 Quaedam,
400 1065 511 1103 quae
543 1065 654 1089 anno
684 1051 841 1090 aetatis
862 1050 1126 1089 duodecimo
1147 1050 1201 1088 ab
1225 1050 1455 1088 ammento
1476 1049 1496 1074 b
1520 1049 1757 1099 prostituta

124 1124 294 1175 prolixo
317 1123 528 1174 temporis
563 1123 703 1174 spatio
740 1122 984 1161 sacerdotis
1005 1121 1238 1172 sacrilegio
1274 1121 1521 1172 subiugata,
1551 1121 1754 1159 miseram

126 1195 385 1234 seruitutem
407 1206 458 1232 ac
478 1199 651 1244 turpem
672 1193 947 1244 tyrannidem
969 1205 1164 1246 perpexa
1186 1197 1294 1240 erat,
1328 1192 1619 1231 confessionis
1649 1192 1757 1230 anti-

126 1266 232 1305 doto
254 1265 296 1304 in
326 1266 574 1304 libertatem
604 1264 841 1316 pudicitiae
872 1265 1075 1303 restituta
1105 1249 1187 1311 est,
1214 1269 1257 1302 et
1288 1263 1417 1303 castis
1445 1265 1639 1303 moribus
1660 1265 1756 1303 Deo

126 1343 171 1376 et
192 1337 438 1376 hominibus
459 1337 619 1387 placet.
643 1337 753 1383 Alia,
778 1341 924 1375 aetate
946 1336 1217 1387 prouectior,
1241 1335 1355 1386 turpi
1377 1335 1493 1374 vitae
1523 1340 1758 1374 consuetu-

127 1408 226 1447 dine
249 1407 471 1445 saderdoti
495 1407 765 1454 cohabitans,
788 1407 970 1457 patriam
1001 1406 1211 1453 deseruit,
1236 1411 1282 1444 vt
1304 1406 1480 1444 Christo
1504 1408 1615 1445 Dno.
1639 1406 1756 1445 vitae

126 1480 345 1531 probitate
367 1479 409 1517 in
438 1484 664 1530 posterum
694 1478 941 1517 famuletur.
965 1478 1174 1516 Curatum
1207 1482 1288 1524 est,
1312 1484 1358 1515 vt
1380 1477 1760 1516 adolescentiores

127 1551 292 1602 aliquot
314 1555 546 1601 corruptae
567 1549 761 1601 virgines
791 1550 989 1588 honestis
1020 1549 1229 1587 matronis
1258 1549 1300 1586 in
1331 1549 1545 1587 castitatis
1576 1550 1758 1588 tutelam

129 1621 477 1668 commendatae,
501 1622 690 1659 honeste
711 1621 845 1659 vitam
867 1620 1109 1658 instituant.
1135 1620 1278 1670 Vulgo
1302 1620 1502 1668 iactatur,
1526 1620 1579 1658 ad
1596 1621 1759 1659 Christi

129 1695 227 1743 Iesu
267 1693 455 1740 laudem,
496 1706 578 1731 nos
618 1693 831 1730 castitatis
869 1698 1080 1743 patronos
1118 1692 1332 1729 tutelares
1373 1692 1582 1730 existere.
1626 1694 1759 1732 Certe

129 1765 348 1803 vberrima
377 1764 615 1802 animarum
646 1763 891 1801 consolatio
923 1763 1164 1801 ministerio
1197 1763 1384 1801 clauium
1415 1763 1633 1802 ecclesiae
1663 1777 1761 1814 pro-

129 1841 349 1883 mouetur,
381 1848 468 1873 non
498 1835 630 1874 modo
664 1835 865 1882 Bilhomi,
899 1835 978 1873 sed
999 1848 1278 1886 quocumque
1309 1835 1404 1874 fere
1425 1835 1757 1885 proficiscimur.

130 1908 312 1946 Nobiles
334 1913 379 1945 et
400 1907 609 1958 cuiusque
634 1907 796 1945 ordinis
826 1906 1027 1945 homines
1047 1913 1200 1946 nostro
1224 1907 1419 1947 subsidio
1441 1909 1483 1946 in
1505 1909 1759 1947 morborum

132 1979 379 2018 discrimine
409 1979 597 2017 libenter
627 1985 821 2017 vtuntur.
848 1980 973 2017 Faxit
993 1979 1193 2017 Christus
1216 1985 1261 2018 vt
1283 1980 1430 2018 idonei
1462 1980 1643 2018 ministri
1672 1979 1763 2018 effi-

132 2052 311 2098 ciamur;
333 2050 451 2100 quod
471 2051 563 2097 fiet,
588 2051 622 2089 si
643 2050 897 2089 humilitatis
920 2056 964 2089 et
986 2052 1209 2089 charitatis
1230 2052 1359 2090 armis
1380 2052 1581 2090 instructi
1608 2049 1763 2090 aduer-

132 2135 204 2160 sus
226 2123 378 2160 hostes
400 2122 440 2159 in
463 2122 603 2160 aciem
625 2121 958 2160 contendamus.

185 2206 223 2244 4.
285 2194 350 2232 De
373 2193 735 2231 scholasticorum
769 2206 953 2232 numero
989 2193 1129 2231 indies
1163 2200 1466 2241 accrescente,
1504 2199 1550 2233 et
1584 2195 1763 2233 scholae

118 2265 357 2314 ‘exercitijs
378 2265 716 2303 florescentibus
738 2265 874 2316 magis
896 2277 947 2303 ac
969 2266 1121 2316 magis,
1146 2278 1216 2304 res
1246 2266 1393 2317 potius
1413 2265 1666 2305 admiranda
1696 2272 1764 2305 est

133 2350 260 2388 quam
284 2336 538 2395 enarranda.
563 2336 713 2374 Ausim
736 2341 989 2374 constanter
1011 2336 1175 2384 dicere,
1200 2338 1271 2375 vel
1292 2337 1455 2376 arbitro
1478 2338 1572 2388 ipso
1597 2339 1644 2376 P.
1670 2337 1765 2376 Pel-

135 2408 306 2455 letario,
329 2407 402 2458 qui
422 2396 505 2446 hac
525 2407 700 2445 Lutetia
720 2408 923 2458 Apamias
954 2407 1099 2457 redijt,
1125 2408 1361 2459 collegium
1379 2408 1664 2448 Nauarricum
1692 2414 1767 2447 aut

136 2479 295 2517 Montis
321 2479 448 2517 Acuti
469 2486 486 2504 c
517 2485 715 2517 nostrum
738 2479 973 2530 collegium
995 2480 1170 2518 minime
1198 2492 1405 2531 aequare,
1439 2481 1532 2518 siue
1564 2481 1763 2530 exercitij

136 2545 351 2597 vigorem,
376 2544 470 2582 siue
490 2545 788 2583 studiosorum
808 2558 1037 2583 numerum
1057 2551 1248 2596 specteS.
1273 2546 1462 2585 Scholae
1488 2547 1767 2598 angustiores

138 2622 252 2664 sunt,
275 2629 402 2667 quarn
431 2622 480 2655 vt
509 2622 657 2655 tantae
688 2616 974 2655 multitudinis
1005 2618 1090 2656 sint
1120 2631 1320 2669 capaces.
1354 2619 1563 2670 Cogimur
1584 2619 1686 2658 alibi
1707 2620 1768 2658 lo-

139 2700 236 2727 cum
257 2688 512 2739 ampliorem
532 2700 666 2738 prece
688 2693 761 2726 aut
780 2687 923 2739 pretio
947 2688 1241 2728 emendicare.
1267 2689 1383 2740 Quid
1413 2703 1522 2728 vero
1544 2690 1641 2729 fore
1672 2704 1768 2742 spe-

138 2771 222 2805 ras,
246 2759 392 2805 Pater,
416 2759 489 2796 vbi
511 2759 747 2810 collegium
768 2764 965 2798 nostrum
987 2765 1238 2799 extructum
1258 2761 1405 2808 fuerit,
1428 2775 1560 2812 quum
1580 2763 1653 2800 vel
1675 2763 1770 2800 sola

139 2829 253 2868 fama
274 2830 405 2881 longe
426 2830 602 2881 lateque
625 2843 773 2881 sparsa
800 2836 964 2869 tantam
996 2832 1166 2882 copiam
1196 2831 1249 2870 ad
1280 2845 1361 2871 nos
1393 2834 1641 2884 compellat.
1676 2834 1768 2871 Dis—

188 2974 206 2992 a
244 2965 414 3003 externi.
470 2967 533 2991 —b
554 2967 898 3013 aconsanguineo
928 2967 1115 3013 quodam.
1161 2976 1226 2994 —0
1246 2980 1350 3015 quae
1371 2968 1535 3006 Parisiis
1567 2973 1660 3005 sunt
1693 2968 1769 3005 fre-

142 3024 421 3073 quentissima.
