1908 3446
300 241 369 279 340
762 241 982 279 LITTERAE
1009 239 1364 285 QUADRIMESTRES
1430 261 1433 264 κ
1877 259 1879 280 A

251 344 549 391 cellentiores,
573 357 700 395 quam
723 343 794 393 qui
816 343 898 381 iam
920 350 937 367 a
960 340 1193 379 Societatis
1217 345 1330 387 sunt,
1355 345 1428 378 aut
1451 337 1503 378 ad
1537 352 1632 378 earn
1667 339 1857 390 aspirant.

258 416 462 466 Aspirant
484 421 630 461 autern
652 415 836 465 plurimi.

302 498 340 534 4.
401 486 604 524 Referam
640 485 741 533 quid
774 485 953 537 dignum
984 487 1002 511 ἲ)
1034 486 1171 535 plane
1206 484 1360 529 relatu,
1399 482 1453 520 de
1489 482 1650 520 nostris
1685 481 1861 533 nouitijs.

255 556 365 595 Cum
401 557 466 594 his
502 557 724 596 mensibus
758 558 967 595 solemnis
1004 562 1047 594 et
1089 554 1356 606 septennalis
1396 553 1451 590 ad
1486 552 1700 603 quaedam
1735 542 1880 593 vicina¹

251 628 348 666 loca
362 628 376 676 ,¹
399 628 528 666 fuerit
545 628 859 679 peregrinatio,
884 633 1016 679 atque
1038 626 1252 664 innumeri
1271 637 1323 663 eo
1348 624 1622 662 confluerent
1640 636 1760 661 more
1778 624 1881 664 soli-¹

250 704 312 746 to,
331 700 469 737 nostri
486 700 639 748 nouitij
657 700 886 750 plurimum
907 700 952 736 P.
975 697 1248 736 Leonardum
1269 702 1312 734 et
1330 696 1438 733 alios
1455 695 1657 745 precibus
1675 695 1881 741 sollieita-⁴

252 776 367 817 runt,
393 776 438 808 ut
461 771 783 813 concederetur
807 771 900 808 sine
922 770 1107 808 nummis
1131 781 1184 807 eo
1208 769 1286 813 ire,
1313 773 1356 805 et
1378 779 1455 817 per
1478 767 1590 805 viam
1613 766 1882 818 mendicare«.{

252 842 473 880 Laudetur
507 844 625 881 Deus
647 843 718 893 qui
747 842 970 891 juuentuti
1005 854 1099 879 eam
1123 840 1196 878 dat
1227 839 1427 891 gratiam,
1459 843 1504 876 ut
1534 843 1712 889 propter
1741 838 1882 889 ipsum*

253 912 474 960 confundi,
500 913 619 951 stulti
651 918 694 950 et
725 925 943 963 pauperes
973 912 1140 958 haberi,
1165 911 1386 959 multaque
1408 909 1498 960 pati
1520 907 1757 946 desideret.
1776 909 1866 949 Fac-

250 988 343 1022 tum
365 984 469 1022 illud
500 984 639 1022 latere
675 996 763 1025 non
794 984 1027 1034 potuisset,
1064 988 1107 1020 et
1143 994 1309 1032 paucos
1340 981 1410 1018 hic
1444 978 1721 1017 aedificasset
1742 987 1770 1018 0.
1795 980 1866 1030 Qui

251 1056 362 1093 haec
382 1061 560 1106 propter
584 1055 804 1095 Christum
826 1055 915 1105 pati
938 1060 981 1092 et
1003 1054 1154 1092 facere
1177 1052 1313 1091 modo
1336 1051 1474 1103 parati
1497 1051 1688 1098 fuerunt,
1712 1051 1883 1102 granio-⁴

252 1139 298 1165 ra
328 1125 558 1177 aliquando
591 1126 825 1172 sustinere,
858 1138 1003 1175 spero,
1041 1137 1126 1162 non
1158 1122 1438 1162 recusabunt.
1470 1121 1558 1160 Sed
1590 1121 1646 1159 de
1676 1121 1883 1169 fratribus}

256 1198 370 1237 forte
392 1198 515 1248 plura
537 1197 655 1235 R.duS
674 1198 719 1235 P.
745 1196 1016 1235 Leonardus.
1881 1175 1884 1180 .

263 1312 265 1314 ,
309 1279 344 1317 5.
405 1269 470 1307 De
495 1269 548 1307 M.
575 1269 766 1307 Henrico
792 1267 1003 1317 Dionysio
1037 1281 1167 1306 vnum
1189 1266 1332 1305 adhuc
1354 1264 1640 1305 scribendum
1672 1264 1767 1302 erit.
1790 1264 1885 1322 Cir-f,

255 1353 305 1378 ca
321 1341 481 1378 testum
497 1341 813 1391 penthecostes
832 1340 1107 1390 Neomagum
1125 1339 1351 1390 profectus
1370 1343 1435 1376 est
1455 1350 1551 1376 cum
1570 1336 1688 1375 doct.
1708 1334 1885 1390 Theod.J

256 1412 448 1458 Canisio,
485 1417 529 1449 et
564 1411 829 1451 M..Thorna
862 1413 889 1457 ²,
928 1415 973 1448 ut
1006 1410 1109 1461 ipsis
1144 1410 1231 1448 illic
1268 1414 1387 1447 esset
1418 1407 1595 1447 auxilio.
1628 1407 1807 1458 Saepius
1833 1406 1885 1445 in]

256 1496 413 1534 magna
444 1484 668 1521 hominum
699 1482 786 1521 illic
814 1482 1062 1532 frequentia
1094 1487 1138 1519 et
1168 1480 1469 1519 satisfactione
1500 1478 1750 1531 germanice
1781 1489 1868 1516 con-

258 1556 456 1598 cionatus
480 1561 562 1602 est,
587 1555 720 1593 latine
745 1555 875 1592 etiam
899 1554 1036 1592 semel
1060 1552 1207 1592 coram
1231 1553 1352 1591 clero
1377 1558 1421 1590 et
1443 1550 1733 1598 senatoribus,
1756 1535 1885 1600 atque¹

258 1638 611 1677 vnumquemque
648 1626 711 1663 sui
746 1625 878 1674 officij
911 1624 1153 1666 admonuit.
1183 1623 1431 1675 Cupiebant
1461 1623 1697 1660 abeuntem
1728 1620 1868 1659 diutius

260 1699 471 1745 retinere3
494 1698 609 1736 bene
631 1696 686 1735 de
718 1696 946 1735 Societate
977 1696 1188 1741 sentiunt;
1220 1694 1419 1733 inimicos
1449 1693 1576 1732 nobis
1606 1693 1658 1731 D.
1691 1690 1888 1750 Canisius3

260 1769 579 1818 reconciliauit,
618 1768 697 1819 qni
735 1781 959 1820 magnam
1000 1766 1133 1806 illam
1169 1768 1352 1805 domum
1391 1764 1512 1804 alias
1549 1763 1638 1803 sibi
1671 1755 1887 1815 legatams

257 1854 378 1884 nanc
399 1839 591 1887 liberam
613 1841 652 1878 et
673 1839 770 1878 sine
791 1838 1002 1878 molestia
1038 1837 1242 1889 recipiet.
1273 1837 1454 1876 Multum
1476 1836 1580 1875 boni
1611 1834 1828 1886 speratur,¹
1845 1834 1868 1872 si

260 1912 402 1951 adhuc
432 1910 680 1962 aliquandiu
711 1909 847 1950 isthic
869 1910 888 1935 d
910 1914 1098 1948 maneat.
1134 1909 1372 1947 Permittat
1393 1920 1558 1958 quaeso
1590 1908 1641 1946 V.
1667 1907 1714 1944 R.
1737 1910 1781 1944 ut
1800 1891 1887 1943 illic'

262 1984 455 2035 erigatur
477 1983 729 2034 collegium,
762 1994 860 2020 nam
894 1981 928 2019 si
958 1980 1136 2019 iuuandi
1159 1986 1274 2027 sunt,
1298 1982 1342 2018 vt
1364 1978 1542 2025 merito,
1567 1978 1639 2028 qui
1660 1982 1887 2027 vtrumque'

261 2056 381 2094 doct.
406 2055 627 2097 Canisium
651 2057 694 2091 et
725 2053 958 2092 nonnullos
981 2051 1090 2091 alios
1112 2051 1350 2090 admodum
1372 2050 1503 2089 vtiles
1525 2049 1736 2089 Societati
1757 2046 1887 2102 dede-3

261 2132 377 2174 runt3
399 2126 619 2173 iuuentur,
643 2137 825 2176 quaeso,
846 2124 947 2162 dum
969 2123 1108 2162 iuuari
1128 2128 1290 2174 posunt
1310 2128 1353 2160 et
1371 2122 1540 2168 volunt;
1563 2133 1661 2159 nam
1678 2121 1711 2158 si
1734 2112 1887 2170 expec·ss

263 2203 380 2237 tetur
421 2197 566 2236 donec
594 2196 807 2235 haeretici
837 2196 956 2243 fiant,
989 2195 1129 2233 iuuari
1163 2207 1251 2232 non
1291 2198 1516 2244 poterunt.
1551 2192 1672 2230 Nam
1700 2189 1740 2229 si
1771 2196 1887 2242 num]

264 2272 371 2308 dnm
407 2267 626 2308 catholici
669 2269 788 2313 sant,
831 2266 967 2306 multi
1000 2265 1271 2305 Societatem
1311 2277 1403 2304 non
1439 2263 1702 2310 admittunt,
1742 2259 1888 2300 nescio

260 2342 448 2392 propter
470 2353 584 2391 qnae
605 2338 715 2390 ipsis
737 2338 988 2389 aliqnando
1012 2337 1194 2376 indulta
1221 2335 1497 2387 priuilegia,
1533 2334 1575 2373 sz'
1606 2333 1738 2374 semel
1765 2330 1888 2385 senar}

265 2414 336 2450 tas
363 2411 491 2461 injici
511 2410 718 2461 coeperit,
744 2411 825 2448 ant
855 2408 1225 2449 concionatorem
1260 2406 1542 2447 haereticum
1575 2402 1887 2450 toleranerint

268 2482 332 2521 ita
366 2495 452 2521 sna
481 2482 566 2520 illa
584 2483 679 2520 tum
707 2480 941 2520 mordicus
971 2479 1208 2532 defendent
1233 2477 1510 2530 priuilegia,
1545 2479 1594 2516 ut
1626 2475 1881 2516 Societatem

261 2556 456 2604 prorsus
494 2565 585 2591 non
626 2551 930 2591 admitterent.
975 2550 1130 2599 Quare
1166 2549 1450 2589 occasionem
1487 2548 1626 2587 istam
1666 2545 1723 2597 (si
1756 2544 1887 2585 modo.

279 2624 319 2664 V.
346 2624 402 2662 R.
437 2623 504 2662 ita
530 2622 759 2673 videatur)
789 2624 1059 2673 putaremus
1088 2634 1180 2660 non
1210 2619 1554 2672 negligendam.
1594 2615 1887 2666 Cancellariu·s2

314 2792 332 2810 a
353 2796 466 2820 nrae.
519 2784 585 2809 —b
606 2795 685 2819 non
714 2781 939 2827 indignum.
1005 2788 1069 2807 —0
1095 2780 1199 2816 vnde
1229 2790 1304 2816 nec
1336 2777 1394 2815 eis
1427 2789 1662 2814 concessum
1695 2780 1764 2813 est.
1785 2771 1888 2815 Sed·ss

273 2844 339 2869 -d
361 2843 456 2880 illie.
1885 2840 1887 2876 ὲ

320 2999 327 3017 ¹
382 2996 450 3034 Ad
470 2995 779 3043 Aquisgranum
798 3006 956 3041 nempe.
979 2993 1043 3031 Cf.
1062 3004 1196 3040 supra,
1215 3005 1250 3039 p.
1270 2991 1351 3028 288.
1835 2984 1837 2988 ’
1884 2959 1888 3025 i

321 3057 332 3075 ²
384 3056 429 3092 P.
451 3055 627 3092 Thomas
647 3054 861 3091 Lentulus.
1678 3063 1679 3066 ¹
1747 3065 1750 3068 ⁴
1849 3051 1852 3053 ’
