1908 3446
593 246 1008 284 367.—1N<;01„sm1>10
1036 246 1050 283 1
1081 245 1192 293 MAJ1
1224 246 1312 283 1560
1656 247 1726 283 613

144 363 238 400 gus.
265 351 430 387 Doctor
455 349 725 389 Cuuillonius
747 350 789 387 in
820 349 1095 388 hebdomada
1117 356 1267 387 sancta
1289 362 1435 388 coram
1467 350 1629 387 celebri
1654 350 1770 387 audi-

144 421 256 459 torio
280 421 429 459 habuit
452 433 699 459 sermonem
724 422 903 460 latinum
925 429 943 447 a
965 422 1018 459 de
1041 420 1244 472 passione
1268 421 1486 459 dominica
1507 421 1541 467 b,
1566 434 1695 471 quem
1717 421 1771 459 ad

143 493 307 543 aliquot
328 493 458 530 horas
476 493 580 530 mira
604 493 778 531 dicendi
805 493 944 544 gratia
966 498 1009 530 et
1028 493 1207 543 energia
1228 491 1456 543 protraxit,
1481 492 1592 530 adeo
1616 497 1661 529 ut
1684 498 1769 530 tam

143 563 375 601 domestici
395 576 523 613 quam
547 565 718 602 externi
743 563 835 601 eius
857 563 1081 602 auditores
1104 564 1248 601 dicant
1271 563 1562 602 Cuuillonium
1585 563 1627 600 in
1649 575 1770 613 prae-

141 633 358 672 dicatione
395 634 639 672 dominicae
676 635 889 685 passionis
920 635 1049 685 longe
1087 635 1275 684 seipsum
1302 646 1551 684 superasse3
1574 647 1660 684 quo
1682 633 1769 671 fac-

142 710 230 743 tum
254 710 322 743 est
340 705 485 752 etiam,
509 712 555 743 ut
576 707 781 755 permulti
804 706 934 757 longe
957 706 1039 744 alia
1068 706 1254 753 ratione,
1278 719 1405 756 quam
1438 706 1542 743 alias
1564 718 1767 755 vnquam,

139 775 193 813 ad
216 777 470 825 mysterium
493 777 597 814 illud
626 783 953 815 sacrosanctum
985 778 1202 815 senserint
1234 790 1280 815 se
1312 777 1513 816 affectos.
1549 778 1768 826 Quantum

140 853 286 885 autem
314 848 481 886 fruc'us
512 848 552 886 in
587 850 698 887 Dno.
731 861 886 898 parere
919 849 1105 887 valuerit
1136 849 1170 886 is
1202 861 1362 895 sermo,
1397 861 1526 899 quem
1556 849 1598 887 in
1630 861 1771 887 coena

140 918 236 956 Dni.
269 919 382 970 apud
413 919 649 957 canonicos
680 927 949 971 augustanos
981 920 1112 958 latine
1144 920 1289 967 habui,
1322 921 1505 958 aliorum
1537 926 1633 958 esto
1664 919 1768 957 iudi-

140 991 267 1035 cium,
292 991 363 1041 qui
384 995 642 1041 praesentes
665 991 861 1037 adfuere,
888 997 930 1029 et
954 1004 1005 1029 ea
1035 991 1088 1028 de
1121 1004 1168 1029 re
1199 991 1301 1042 quid
1333 991 1495 1029 certius
1527 991 1765 1040 conijcere,

139 1062 515 1112 pronunciareque
537 1068 737 1112 possunt.
765 1063 810 1100 In
832 1063 981 1113 vigilia
1000 1063 1190 1113 paschae
1214 1068 1257 1101 et
1279 1062 1412 1100 biduo
1450 1063 1765 1112 subsequente,

137 1133 179 1170 in
200 1146 314 1184 pago
338 1134 504 1172 ciuitati
528 1134 754 1185 Augustae
782 1134 1044 1186 propinquo,
1077 1135 1163 1173 feci
1194 1147 1305 1185 quae
1337 1134 1390 1172 ad
1414 1134 1552 1172 curati
1574 1147 1653 1172 seu
1674 1148 1767 1186 pas-

137 1205 244 1242 toris
280 1205 471 1243 officium
500 1210 716 1256 spectant,
741 1207 903 1256 alioqui
926 1219 1029 1244 sane
1052 1207 1116 1256 (ut
1139 1211 1206 1244 est
1226 1207 1385 1256 passim
1407 1207 1449 1244 in
1482 1205 1626 1244 multis
1658 1207 1765 1244 locis

135 1276 397 1315 Germaniae
434 1276 713 1315 sacerdotum
746 1279 942 1328 penuria)
976 1278 1091 1315 nulla
1121 1277 1179 1316 ibi
1209 1283 1312 1316 tunc
1342 1278 1542 1324 fontium,
1582 1279 1760 1316 cereiue

135 1347 403 1394 benedictio,
442 1349 605 1386 nullum
641 1361 826 1396 sacrum,
866 1350 980 1387 nulla
1016 1350 1187 1396 concio,
1225 1350 1470 1400 nulliusque
1503 1350 1764 1387 sacramenti

136 1418 451 1456 administratio
474 1419 619 1458 futura
641 1426 749 1460 erat:
775 1426 818 1458 et
840 1421 941 1469 quia
960 1433 1048 1458 non
1077 1425 1144 1458 est
1164 1420 1234 1471 qui
1266 1425 1428 1470 pascat,
1453 1419 1634 1458 audiunt
1657 1433 1765 1458 oues

136 1502 294 1528 vocem
315 1491 571 1537 alienorum,
598 1496 641 1528 ct
660 1497 900 1542 sequuntur
917 1491 1231 1539 mercenarios3
1254 1505 1352 1530 nam
1374 1499 1391 1517 0
1413 1492 1506 1529 eius
1527 1491 1613 1530 loci
1634 1493 1764 1530 maxi-

136 1576 201 1600 ma
236 1561 599 1613 parochianorum
634 1564 777 1613 portio
815 1564 869 1601 sit
901 1563 1115 1610 desolata,
1148 1563 1367 1601 turmatim
1400 1563 1580 1602 confluit
1611 1563 1765 1602 diebus

139 1634 272 1671 sacris
303 1634 344 1672 in
367 1634 606 1681 ciuitatem,
631 1639 676 1672 ut
699 1635 718 1659 ‘¹
747 1636 894 1673 audiat
917 1636 1156 1673 conciones
1178 1636 1523 1681 lutheranorum,
1548 1647 1657 1684 quae
1680 1636 1766 1674 illic

136 1705 330 1756 pluribus
352 1706 395 1743 in
415 1706 524 1744 locis
544 1706 813 1757 frequentari
839 1709 997 1745 solent.

187 1788 224 1824 4.
286 1777 380 1814 Hac
406 1777 489 1814 iarn
522 1777 669 1828 elapsa
699 1779 1048 1829 quadragesima,
1083 1779 1272 1817 confessi
1305 1786 1403 1818 sunt
1430 1781 1591 1819 nostris
1623 1793 1764 1819 sacer-

134 1847 310 1885 dotibus
342 1853 488 1886 rector
519 1849 818 1887 vniuersitatis
847 1850 937 1900 (qui
969 1855 1011 1887 et
1042 1851 1135 1900 ipse
1158 1864 1267 1888 vnus
1291 1856 1359 1889 est
1390 1864 1413 1889 e
1445 1851 1679 1890 comitibus
1709 1853 1763 1891 de

137 1918 328 1968 Lodron)
351 1922 394 1975 et
416 1919 484 1968 alij
508 1919 722 1970 plerique,
748 1926 839 1958 tum
862 1935 917 1959 ex
939 1921 1180 1968 academia,
1205 1927 1295 1960 tum
1327 1935 1382 1960 ex
1414 1922 1594 1962 ciuitate
1625 1924 1762 1974 ingol-

134 1989 359 2037 stadiensi3
382 2003 626 2041 quanquam
648 1992 780 2043 longe
804 1993 940 2030 maior
962 2006 1169 2031 numerus
1202 1999 1320 2032 esset
1351 1995 1655 2033 confitentium
1685 2008 1762 2046 per

133 2060 268 2098 totius
303 2061 401 2110 annj
438 2062 662 2109 circulum,
701 2063 736 2100 si
769 2076 847 2114 pro
883 2064 1009 2101 vnius
1041 2064 1189 2102 sacelli
1219 2064 1495 2115 portiuncula
1526 2067 1760 2117 collegium

132 2137 328 2170 nostrum
350 2132 534 2171 haberet
558 2147 681 2171 suum
704 2135 929 2185 templum,
955 2136 1024 2173 vel
1049 2135 1203 2173 saltem
1225 2136 1444 2187 integrum
1475 2137 1614 2176 iustae
1646 2150 1760 2189 mag-

132 2203 340 2241 nitudinis
363 2205 587 2252 sacellum,
613 2205 655 2243 id
677 2206 794 2256 quod
816 2220 902 2244 non
925 2206 1113 2244 admittit
1144 2208 1266 2245 locus
1298 2209 1338 2246 in
1369 2222 1454 2259 quo
1487 2221 1567 2248 nos
1596 2209 1761 2248 habita-

133 2288 240 2312 mus.
274 2276 373 2313 Non
404 2275 564 2313 desunt
594 2277 768 2315 interim
798 2278 1014 2316 honestae
1045 2278 1234 2317 familiae
1266 2285 1310 2317 et
1337 2280 1527 2329 juuenes
1558 2281 1758 2329 studiosi,

131 2346 204 2396 qui
227 2346 437 2393 crebrius,
454 2347 557 2390 ‚siue
578 2347 621 2384 in
650 2353 802 2386 nostro
827 2350 988 2387 sacello
1014 2349 1105 2388 siue
1128 2350 1242 2398 alibi,
1267 2352 1428 2389 nostris
1451 2352 1757 2391 confiteantur.

134 2417 184 2454 D.
212 2417 503 2465 Hernmnnus,
527 2420 803 2469 germanicus
825 2420 866 2458 in
888 2434 993 2472 agro
1018 2421 1100 2459 Dei
1122 2422 1130 2439 ¹
1154 2424 1454 2470 concionator,
1478 2422 1696 2462 interdum
1719 2424 1760 2462 in

133 2489 419 2527 concionibus
443 2495 487 2527 et
509 2491 862 2529 confessionibus
882 2492 969 2530 fert
997 2505 1125 2543 opem
1147 2494 1317 2532 cuidam
1340 2495 1607 2534 monasterio
1632 2495 1759 2547 virgi-

130 2573 231 2597 num
271 2561 324 2598 ab
351 2561 433 2599 hac
464 2562 643 2600 ciuitate
665 2564 804 2602 tribus
834 2564 1071 2602 miliaribus
1101 2566 1362 2615 germanicis
1383 2565 1573 2613 distanti;
1603 2580 1760 2619 magna

131 2631 345 2681 siquidem
379 2634 649 2673 necessitate
685 2635 840 2674 adacta
875 2637 968 2674 eius
1003 2637 1089 2675 loci
1125 2637 1345 2676 abbatissa
1374 2638 1520 2677 multis
1553 2640 1758 2690 precibus

130 2715 262 2754 saepe
294 2705 537 2753 contendit,
571 2719 622 2745 ac
652 2707 829 2746 tandem
861 2708 1063 2755 obtinuit,
1096 2714 1142 2747 ut
1171 2709 1215 2748 id
1246 2710 1377 2761 officij
1406 2716 1604 2750 nostrum
1627 2712 1757 2750 colle-

175 2852 195 2872 a
244 2853 339 2890 Del.
362 2853 546 2891 latinum.
602 2856 666 2881 --b
688 2855 782 2893 Del.
817 2856 1016 2901 passione.
1071 2865 1134 2883 —0
1164 2857 1345 2896 Videtur
1374 2859 1522 2897 deesse
1551 2872 1656 2904 cum,
1689 2862 1758 2898 vel

128 2913 236 2959 quid
253 2914 410 2950 simile.
464 2914 532 2940 -d
552 2913 648 2952 Del.
669 2915 765 2952 illic.

184 3051 191 3070 ¹
247 3049 357 3088 Vide
376 3063 414 3099 p.
438 3052 516 3090 154.
