1908 3446
276 251 339 288 194
747 250 969 289 LITTERAE
995 251 1351 298 QUADRIMESTRES

225 353 306 392 dae
340 352 580 393 iuuentutis
613 355 866 402 habeamus,
905 360 948 393 et
983 355 1246 405 pauperibus
1282 355 1607 393 coloniensibus
1642 353 1844 394 studiosis
1898 341 1902 407 g>

225 425 529 464 subueniendi.
555 424 803 476 speramus
826 427 989 472 autem,
1013 427 1057 463 vt
1080 425 1158 475 qui
1179 426 1268 465 tale
1284 424 1566 476 principium
1593 424 1699 464 huic
1720 426 1843 465 colle·
1898 439 1899 446 ¹

221 494 305 546 gio
341 495 475 542 dedit,
515 495 640 534 dabit
675 498 714 535 et
749 498 865 535 recte
890 496 1105 547 perficere
1143 496 1271 535 iuxta
1308 495 1549 535 Societatis
1584 495 1796 535 instituta
1817 499 1840 537 ¹.
1896 522 1908 542 μ,

225 566 349 605 Haec
379 579 553 605 causam
584 568 770 617 prebent
802 580 877 605 cur
911 568 953 605 in
989 568 1124 606 literis
1156 567 1402 607 menstruis
1431 570 1470 606 et
1501 567 1842 618 quadrimestri-
1895 556 1898 563 ¹

226 637 304 676 bus
325 645 343 663 a
366 638 537 688 saepius
554 637 843 688 potissimum
866 638 920 676 de
942 639 1104 677 scholis
1136 644 1179 677 et
1210 638 1451 677 studiorum
1473 651 1712 690 progressu
1733 638 1842 678 dica·
1893 642 1896 652 “

225 720 333 756 mus3
357 708 475 758 quod
504 708 564 747 illi
583 709 671 747 soli
694 709 728 755 b,
753 715 876 747 recte
898 709 1098 757 instituti,
1123 722 1322 761 magnam
1346 710 1706 748 commoditatem
1729 716 1772 748 et
1793 711 1843 750 ad

223 780 306 818 alia
328 781 672 830 oportunitatem
693 781 820 819 nobis
841 782 925 819 sint
947 782 1130 820 allaturi.

276 861 312 889 2.
373 852 428 890 Vt
449 850 580 902 igitur
602 865 717 890 nunc
734 865 909 903 quoque
932 853 985 890 ab
1002 852 1157 891 iisdem
1177 852 1410 900 ordiamur,
1431 851 1503 904 qui
1524 852 1641 891 domi
1663 852 1705 890 in
1727 866 1842 904 gym-
1889 874 1908 897 ιι

221 924 343 962 nasio
375 929 716 971 commorantur,
735 923 983 963 rectissime
1004 930 1021 949 e
1042 924 1101 962 illi
1133 937 1284 962 omnes
1316 937 1413 963 cum
1444 925 1486 962 in
1517 923 1654 962 literis
1685 929 1774 962 tum
1803 925 1842 964 in
1888 943 1908 976 μ

220 995 387 1044 pietate
418 1008 701 1046 progressum
732 995 914 1043 faciunt3
946 997 985 1034 εί
1016 995 1035 1020 d
1063 995 1219 1034 fratres
1241 1003 1259 1021 e
1281 996 1473 1045 quidem,
1508 995 1586 1046 qni
1606 1008 1841 1036 numerum
1901 1015 1908 1039 ε

220 1065 493 1117 vigesimum
526 1067 792 1116 attigerunt,
825 1067 897 1117 qui
925 1079 1004 1105 suo
1025 1071 1228 1117 tempore
1251 1066 1427 1114 deinde,
1451 1067 1525 1105 vbi
1547 1067 1639 1105 sine
1660 1068 1842 1107 tumultu
1886 1055 1908 1071 '⁵

222 1142 265 1175 et
286 1143 515 1188 parentum
534 1138 830 1176 concitatione
852 1137 895 1176 id
918 1138 1150 1176 commode
1167 1137 1262 1176 fieri
1282 1138 1460 1188 poterit,
1485 1139 1557 1176 vel
1578 1139 1758 1176 Romam
1774 1139 1841 1178 vel
1884 1158 1887 1162 ⁴

219 1209 274 1246 ad
295 1209 378 1247 alia
400 1208 664 1248 Germaniae
686 1210 783 1248 loca
805 1210 1094 1257 dimittentur,
1119 1215 1163 1247 et
1192 1209 1260 1247 isti
1282 1209 1457 1260 quidem
1479 1208 1597 1259 quod
1619 1209 1672 1247 ad
1694 1223 1840 1249 eorum
1883 1225 1886 1268 j

219 1281 500 1319 vocationem
520 1282 727 1331 pertinet,
752 1280 856 1319 satis
876 1281 1124 1332 proficiunt,
1148 1281 1252 1319 licet
1282 1281 1455 1319 interim
1478 1281 1532 1318 ad
1553 1286 1726 1332 tempus
1748 1294 1840 1320 cum
1881 1310 1887 1330 ,-

220 1352 414 1390 externis
436 1352 764 1390 conuictoribus
785 1352 1145 1403 permisceantur.
1171 1353 1335 1390 Verum
1357 1352 1398 1390 in
1426 1353 1694 1390 necessitate
1717 1352 1840 1403 Spiri-
1881 1344 1896 1398 ἐζ

218 1429 287 1461 tus
310 1423 457 1462 Sancti
478 1422 618 1474 gratia
635 1423 816 1473 copiosa
832 1435 919 1460 non
938 1435 1016 1461 eos
1034 1423 1249 1469 destituit,
1269 1422 1342 1473 qui
1362 1423 1374 1447 f
1401 1422 1718 1473 patientissime
1735 1423 1840 1462 hanc
1880 1418 1890 1439 ¹

216 1495 622 1534 incommoditatem
640 1495 797 1542 ferant,
817 1494 1009 1545 dentque
1031 1508 1108 1545 pro
1133 1494 1296 1532 viribus
1316 1507 1509 1545 operam,
1529 1494 1609 1545 piis
1633 1495 1839 1545 exemplis

219 1567 349 1605 etiam
380 1567 488 1604 alios
518 1566 572 1605 ad
602 1565 812 1617 pietatem
845 1565 1095 1605 adhortari
1127 1573 1163 1604 g.
1199 1567 1405 1604 Attamen
1434 1578 1550 1604 nunc
1579 1567 1664 1605 hoc
1693 1578 1838 1604 mense
1880 1566 1881 1571 ’

218 1639 346 1685 Maio,
370 1644 444 1676 aut
471 1638 588 1676 forte
624 1639 841 1689 sequenti,
874 1638 948 1676 vbi
978 1638 1134 1676 domus
1164 1650 1302 1689 nuper
1326 1643 1471 1688 empta
1494 1638 1705 1676 cubiculis
1729 1651 1837 1677 com·
1872 1657 1878 1666 =·

216 1710 356 1748 modis
378 1709 582 1748 distincta
602 1710 749 1757 fuerit,
784 1715 827 1747 et
854 1710 1034 1748 fratrum
1065 1709 1324 1748 habitationi
1354 1709 1487 1757 vtilis3
1525 1710 1757 1760 separatim
1789 1709 1837 1748 ab

215 1781 308 1820 aliis
331 1783 636 1833 seiungentur,
661 1795 747 1832 quo
771 1782 1009 1820 Societatis
1031 1781 1185 1819 melius
1214 1781 1555 1819 constitutiones
1586 1781 1836 1828 obseruent;
1878 1766 1887 1806 Ϊ

214 1854 345 1904 idque
368 1859 574 1904 quantum
606 1854 911 1893 conuictorum
933 1854 1043 1892 ratio
1066 1855 1271 1904 patietur,
1296 1854 1338 1891 in
1359 1852 1516 1903 quibus
1539 1853 1669 1891 etiam
1694 1865 1836 1891 curan·
1875 1886 1878 1890 .

215 1926 316 1963 dum
340 1930 421 1973 est,
446 1930 493 1964 vt
513 1925 555 1963 in
575 1925 742 1977 pietate
765 1925 1048 1963 accessiones
1070 1925 1111 1962 in
1133 1925 1226 1963 dies
1248 1924 1423 1963 faciant.
1885 1978 1887 1983 .

267 2007 304 2044 3.
367 1996 497 2046 Quod
519 2002 565 2034 vt
587 1996 661 2034 fiat
682 1996 852 2043 melius,
873 2008 1018 2034 curam
1050 1996 1360 2046 discipulorum
1381 1995 1528 2046 partiti
1551 2009 1713 2042 sumus,
1738 2007 1834 2033 con·

213 2068 375 2105 stitutis
396 2067 633 2119 praefectis
660 2066 840 2117 singulis
871 2067 1233 2117 praeceptoribus
1265 2079 1449 2116 quorum
1482 2079 1613 2105 curae
1636 2067 1798 2117 aliquot
1816 2065 1835 2090 ¹²
1860 2071 1866 2085 ⁸·

215 2139 495 2177 conuictores
518 2138 738 2177 commissi
760 2142 873 2185 sunt,
898 2151 1008 2188 quos
1031 2144 1184 2177 curent
1212 2142 1333 2176 recte
1365 2138 1407 2176 in
1438 2137 1590 2176 studiis
1621 2138 1834 2176 literarum
1858 2161 1884 2190 1

215 2216 258 2249 et
294 2211 419 2249 bonis
454 2210 647 2249 moribus
678 2211 686 2235 i
728 2210 919 2248 officium
954 2210 1120 2248 facere.
1159 2208 1400 2248 Generalis
1435 2211 1585 2248 famen
1621 2208 1832 2257 omnium,

214 2284 333 2332 quod
355 2284 414 2320 ad
435 2295 583 2322 mores
619 2281 792 2327 attinet,
826 2280 1058 2333 magistro
1082 2281 1249 2320 Ioanni
1269 2280 1443 2327 Recine,
1477 2280 1650 2331 regenti
1674 2280 1702 2327 J',
1727 2291 1833 2319 cura
1850 2300 1852 2304 ν

213 2355 323 2392 data
342 2355 419 2400 est,
444 2355 483 2392 et
504 2353 621 2392 mihi
642 2355 864 2403 quantam
881 2352 1076 2403 pertinet
1098 2354 1158 2391 ad
1178 2351 1333 2390 studia
1360 2352 1397 2390 k.
1432 2351 1528 2389 Nos
1549 2353 1699 2391 tamen
1721 2350 1832 2401 quic·

214 2423 321 2474 quid
342 2424 470 2463 nobis
486 2424 721 2471 incumbit,
742 2425 793 2462 R.
815 2423 912 2462 Pri.
934 2424 1176 2462 Leo‘nardo
1198 2427 1210 2446 ²
1232 2422 1495 2475 referimus,
1520 2424 1564 2461 vt
1587 2421 1720 2461 vuius
1736 2425 1832 2472 pas·

213 2495 328 2534 toris
368 2495 596 2546 regimine
629 2508 781 2535 omnes
820 2494 1117 2547 dirigantur,
1159 2507 1238 2533 nec
1276 2493 1373 2534 sine
1413 2494 1508 2533 eins
1548 2493 1739 2532 consilio
1777 2492 1832 2543 (vt
1864 2499 1881 2552 f·-

214 2580 406 2617 aequum
427 2569 506 2618 est)
528 2567 773 2618 quicquam
796 2579 822 2604 a
844 2565 973 2605 nobis
985 2566 1091 2617 fiat.
1864 2561 1866 2565 ’

257 2699 277 2719 ²
327 2699 487 2737 nostris.
540 2699 605 2724 —b
625 2698 808 2735 iuuenes.
863 2704 927 2724 ——0
947 2709 1154 2744 magnum.
1221 2697 1287 2723 -d
1308 2697 1540 2744 praecipue.
1605 2705 1668 2723 -e
1698 2693 1877 2741 nostri.

213 2761 270 2785 —f
306 2759 486 2797 Videtur
503 2762 727 2796 mutatum
748 2769 774 2795 a
789 2756 982 2796 Polanco
996 2757 1041 2794 in
1054 2757 1163 2804 quin.
1218 2765 1288 2791 ——g
1309 2756 1493 2794 incitare.
1562 2758 1627 2782 —h
1651 2753 1827 2793 Emend.
1860 2772 1861 2781 ¹

212 2831 262 2857 ex
280 2820 367 2857 alio
385 2819 524 2864 verbo,
544 2818 662 2866 quod
680 2818 765 2864 legi
781 2819 941 2865 nequit.
998 2819 1053 2843 —i
1079 2829 1213 2854 suum.
1273 2817 1327 2849 —J'
1358 2817 1503 2864 Supra
1534 2828 1643 2854 vers.
1677 2814 1826 2854 rectori.
1847 2818 1862 2848 ⁶⁴

211 2880 278 2904 —k
299 2879 350 2916 ad
367 2878 500 2916 studia
518 2879 564 2916 in
584 2888 721 2923 marg.
742 2881 911 2915 auctor.
1853 2880 1860 2892 ‘¹

259 3007 268 3027 ¹
322 3004 387 3042 Cf.
408 3004 608 3048 Pmmmz,
629 3002 678 3046 ΙΙ,
702 3002 757 3040 13.

258 3066 271 3086 ⁹
321 3064 366 3103 P.
387 3063 628 3101 Leonardus
646 3062 809 3105 Kessel‚
830 3059 995 3107 collegii
1013 3066 1157 3100 rector.
