1908 3446
168 222 215 258 72
634 221 682 260 Li
693 234 852 261 [TERAE
887 225 1239 270 QuAanEswsss

122 325 278 372 fessus,
306 327 480 364 Patrem
499 327 571 377 qui
592 327 709 365 illum
732 327 945 371 audierat,
974 329 1229 379 complexus
1252 334 1334 369 est:
1357 329 1479 380 isque
1502 329 1556 367 ad
1578 342 1745 367 sacrum

122 396 282 435 Christi
305 409 465 448 corpus
488 410 744 445 conuersus,
769 399 809 436 in
831 399 1078 438 huiusmodi
1104 400 1235 438 verba
1255 401 1465 451 prorupit,
1491 406 1536 438 vt
1556 400 1597 438 in
1619 401 1749 439 tantis

122 465 281 505 erroris
302 479 353 506 ac
389 468 587 507 inscitiae
625 470 820 508 tenebris
856 470 1139 508 clarissimum
1174 471 1255 509 sibi
1288 472 1431 509 lumen
1469 473 1609 510 Deum
1645 472 1745 523 Opt.

124 537 234 575 Max.
260 538 517 589 praetulisse
539 547 819 590 agnosceret,
854 541 980 590 eique
1011 542 1219 579 maximas
1249 549 1403 593 ageret
1430 543 1608 593 gratias,
1632 543 1747 593 quod

121 606 284 646 tamdiu
326 609 539 647 misellum
576 611 794 648 hominem
839 617 1132 662 expectasset.
1169 615 1315 661 Quare
1352 625 1404 651 eo
1446 627 1530 664 quo
1572 619 1748 663 ceperat

120 677 232 727 pede
256 679 297 716 in
315 678 409 717 dies
430 680 623 731 singulos
646 681 882 720 studiosius
903 695 1106 733 pergens,
1132 696 1227 721 cum
1260 684 1497 734 perfectius
1531 684 1644 723 vitae
1675 699 1749 736 ge—

119 761 199 786 nus
227 749 580 789 constituendum
615 764 713 789 esse
755 759 972 800 cerneret,
1009 753 1126 803 quod
1166 754 1247 792 s·bi
1279 754 1486 805 optimum
1517 756 1661 794 multis
1696 756 1748 795 ad

121 819 259 857 Deum
292 820 418 859 tussis
439 821 642 872 precibus
665 835 762 860 esse
786 822 1007 871 iudicauit,
1030 823 1145 862 istud
1167 824 1347 876 delegit.
1375 827 1514 875 Quam
1545 828 1657 865 enim
1689 827 1748 870 vi-

120 890 250 928 uendi
268 891 380 929 viam
402 891 444 939 ii,
468 906 578 943 quos
601 894 866 943 capuchinos
884 907 1107 942 vocamuS,
1132 896 1316 946 ingressi
1337 903 1449 939 sunt,
1476 910 1571 936 earn
1596 899 1749 949 etipse

116 960 341 1012 ingressus
359 969 441 1009 est,
463 975 488 1000 a
508 976 593 1014 quo
617 963 776 1002 deduci
799 965 881 1003 etsi
903 966 1023 1003 multi
1041 965 1083 1004 id
1099 971 1337 1014 tentarunt,
1356 967 1471 1018 iique
1490 968 1569 1007 viri
1586 971 1748 1021 grauis-

118 1030 232 1077 simi,
269 1033 386 1071 nullo
425 1033 555 1073 modo
591 1035 747 1085 potuit.
785 1036 909 1074 Vnde
945 1049 1071 1086 quam
1108 1038 1193 1076 vim
1228 1039 1442 1077 haberent
1477 1039 1747 1080 Sacramenta

124 1105 432 1155 comperimus,

171 1184 207 1222 7.
269 1174 351 1213 Hic
374 1175 502 1214 etiam
540 1175 642 1214 mihi
664 1178 784 1215 venit
819 1178 860 1216 in
896 1184 1087 1216 mentem
1111 1179 1190 1217 viri
1212 1181 1434 1219 cuiusdam
1466 1183 1637 1230 nobilis,
1667 1198 1749 1223 nec

116 1258 265 1296 parum
286 1247 459 1294 eruditi,
479 1248 550 1297 qui
569 1260 663 1286 eam
681 1258 849 1287 morum
866 1249 1083 1300 animique
1101 1252 1386 1290 mutationem
1404 1253 1524 1301 fecit,
1545 1260 1591 1293 vt
1612 1256 1748 1294 homi-

116 1329 215 1355 nem
237 1331 323 1356 non
340 1317 556 1369 possimus
573 1332 659 1357 non
682 1319 911 1369 plurimum
928 1319 1142 1359 admirari.
1166 1322 1296 1371 Quod
1318 1323 1492 1373 quidem
1515 1338 1539 1363 a
1559 1325 1746 1365 Domino

115 1387 277 1427 factum
296 1393 376 1427 est.
399 1390 507 1427 Nam
531 1403 628 1428 cum
644 1389 724 1441 ipsi
740 1391 967 1430 nobiscum
985 1405 1152 1430 summa
1167 1393 1492 1433 intercessisset
1507 1398 1747 1436 necessitu-

116 1458 188 1505 do,
208 1465 445 1511 nunquamt
461 1473 589 1499 amen
605 1461 752 1500 facere
774 1462 993 1512 potuimus
1014 1468 1060 1500 vt
1083 1464 1302 1503 sacerdoti
1325 1479 1400 1504 sua
1415 1474 1598 1517 peccata
1616 1470 1746 1508 confi-

116 1529 198 1569 teri
214 1532 285 1570 vel
303 1532 406 1570 satis
423 1536 545 1571 recte
568 1545 667 1571 esse
690 1533 907 1571 crederet.
928 1535 1090 1573 Verum
1112 1536 1147 1573 is
1166 1534 1286 1574 cuius
1306 1543 1573 1588 potestatem
1594 1546 1747 1592 poten-

115 1601 306 1652 tiamque
336 1603 440 1641 nihil
478 1603 714 1654 effugeret,
752 1604 871 1654 quod
904 1605 945 1642 in
981 1606 1107 1644 nobis
1137 1607 1266 1645 situm
1296 1622 1383 1647 non
1417 1609 1511 1658 fuit,
1544 1612 1673 1650 facile
1704 1618 1747 1651 et

116 1673 347 1711 commode
370 1673 575 1723 prestitit.
595 1674 739 1713 Nocte
763 1675 875 1713 enim
898 1675 1162 1727 intempesta
1178 1677 1303 1717 dolor
1321 1692 1419 1718 eum
1438 1681 1533 1719 talis
1551 1683 1744 1734 arripuit,

118 1749 162 1781 vt
182 1743 283 1793 quia
303 1757 350 1782 se
381 1744 424 1782 in
442 1757 600 1796 magno
623 1745 741 1784 vitae
764 1745 1010 1785 discrimine
1032 1747 1198 1786 versari
1218 1754 1406 1800 putaret,
1428 1752 1559 1790 R.d¹¹¹¹¹
1585 1754 1628 1792 l’.
1654 1767 1746 1793 rec-

113 1819 254 1853 torem
277 1815 483 1854 accersiri
514 1814 703 1860 iuberet,
736 1830 833 1855 cum
868 1823 1014 1856 autem
1044 1818 1312 1867 aduenisset,
1345 1828 1507 1872 puncto
1535 1826 1746 1876 temporis

113 1889 256 1923 cessat
275 1886 414 1924 omnis
442 1885 583 1932 dolor,
608 1893 762 1938 estque
786 1887 826 1925 ei
843 1894 1026 1939 repente
1041 1888 1278 1929 inmutatus
1298 1893 1480 1941 animus,
1505 1899 1552 1933 vt
1573 1896 1645 1947 qui
1661 1896 1744 1936 iam

112 1955 279 2006 pridem
296 1957 452 1995 nullius
475 1955 677 1996 oratione
699 1958 752 1996 ad
770 1965 1088 1999 sacramentum
1109 1960 1378 2012 penitentiae
1395 1965 1576 2015 perduci
1593 1972 1745 2018 potue-

114 2031 194 2074 rat,
229 2027 314 2065 hoc
335 2040 414 2065 sua
437 2033 592 2079 sponte
623 2042 737 2068 nunc
759 2030 1037 2082 efflagitaret,
1061 2038 1191 2083 atque
1212 2033 1495 2084 polliceretur
1517 2050 1565 2075 se
1586 2039 1669 2077 hac
1689 2039 1744 2077 (le

113 2110 245 2136 causa
278 2098 479 2149 proximo
521 2099 591 2137 die
626 2099 680 2138 ad
710 2113 789 2138 nos
825 2107 1073 2149 venturum,
1105 2103 1147 2141 id
1181 2105 1299 2155 quod
1329 2106 1447 2145 fecit.
1482 2109 1656 2159 Iamque
1693 2124 1745 2149 ea

113 2181 224 2219 quae
254 2168 371 2220 prius
402 2170 522 2209 nihili
553 2171 744 2210 faciebat
764 2171 951 2222 penitus,
983 2177 1070 2213 tam
1093 2175 1326 2227 diligenter
1349 2185 1486 2227 curat,
1511 2186 1557 2218 vt
1588 2182 1658 2220 vix
1690 2184 1743 2221 ab

111 2240 194 2278 illis
214 2240 370 2291 quibus
393 2242 596 2293 cognitus
620 2247 726 2290 erat,
751 2250 1029 2294 agnoscatur.
1055 2247 1135 2285 Cui
1156 2247 1190 2285 si
1212 2248 1326 2287 hunc
1348 2249 1513 2289 socium
1536 2251 1743 2293 adiunxe-

113 2323 177 2358 ro,
202 2311 319 2362 quod
342 2312 557 2363 reliquum
581 2319 648 2352 est
667 2314 817 2364 paucis
840 2316 1120 2367 complectar.

165 2383 202 2420 8.
262 2383 367 2421 Erat
390 2383 504 2421 enim
537 2385 579 2422 in
608 2385 691 2423 hac
713 2384 890 2424 ciuitate
912 2387 977 2424 vir
999 2387 1274 2438 clarissimus,
1299 2392 1370 2441 qui
1402 2406 1498 2432 cum
1529 2402 1742 2435 mercatu-

113 2465 201 2491 ram
223 2453 406 2501 faceret,
432 2467 502 2493 res
525 2460 571 2492 vt
591 2456 654 2502 fit,
679 2468 765 2494 non
791 2457 851 2495 ita
875 2470 927 2495 ex
951 2459 1079 2496 animi
1102 2462 1319 2500 sententia
1341 2466 1569 2505 successit.
1596 2467 1740 2516 Quare

114 2537 242 2563 vnum
266 2538 319 2563 ex
350 2526 450 2573 hac,
474 2539 602 2577 quam
624 2526 727 2575 dixi,
760 2528 975 2568 societate
1005 2531 1228 2571 hominum
1259 2537 1480 2584 conuenit,
1503 2537 1576 2589 qui
1605 2540 1742 2578 homi-

112 2608 226 2642 nem,
253 2601 297 2634 vt
318 2608 393 2646 par
416 2602 524 2644 erat,
553 2597 735 2648 primum
768 2600 1020 2638 consolatus
1043 2606 1123 2649 est,
1148 2603 1307 2643 deinde
1332 2612 1375 2644 vt
1405 2614 1588 2658 peccata
1609 2612 1740 2651 confi-

111 2671 279 2704 teretur
300 2668 514 2715 hortatus,
540 2667 579 2707 ei
609 2682 695 2708 non
727 2670 871 2709 statim
898 2672 1054 2722 paruit,
1078 2678 1121 2711 at
1144 2686 1196 2712 eo
1228 2680 1373 2715 tamen
1394 2680 1523 2728 paulo
1545 2686 1645 2731 post
1666 2681 1738 2720 ad-

111 2736 267 2776 ductus
298 2744 380 2784 est,
416 2744 461 2776 vt
495 2752 582 2777 non
620 2741 758 2778 solum
787 2741 906 2790 quod
941 2742 1012 2780 ille
1047 2743 1186 2793 ipsum
1220 2754 1395 2797 rogarat
1427 2750 1628 2799 efficerit,
1662 2752 1739 2790 sed

112 2807 242 2846 etiam
263 2808 349 2847 hoc
369 2809 565 2860 amplius,
585 2809 702 2860 quod
724 2811 903 2862 singulis
924 2811 1210 2854 hebdomadis
1232 2816 1347 2856 idem
1374 2819 1519 2868 faciat,
1544 2835 1738 2874 opesque

111 2891 162 2917 ac
183 2884 359 2917 caetera
378 2878 422 2917 in
455 2880 610 2930 quibus
633 2894 732 2931 spes
756 2880 847 2920 eius
871 2883 1010 2922 omnis
1030 2884 1125 2923 fere
1147 2888 1472 2939 acquiescebat,
1494 2906 1573 2943 pro
1604 2881 1736 2934 nihilo

111 2948 246 2997 ducit,
279 2954 412 3002 atque
442 2951 558 3001 quod
589 2964 636 2990 se
658 2957 823 2992 castum
856 2957 899 2992 et
929 2954 1070 2994 animo
1095 2960 1139 2994 et
1159 2970 1345 3010 corpore
1367 2969 1532 3011 seruet,
1564 2970 1738 3016 praeter
