1908 3446
573 165 913 201 37707LAURET0
945 166 985 202 12
1014 165 1119 211 MixJi
1152 166 1240 201 1560
1594 164 1663 200 645

88 267 216 309 tibus,
239 279 367 303 vnum
384 266 546 303 habere
567 279 619 303 ex
638 268 813 313 nostris,
838 269 906 317 qui
932 268 1011 305 eia
1034 267 1319 304 concionibus
1335 266 1467 306 foret:
1488 271 1530 303 et
1549 266 1601 302 ad
1624 266 1707 301 hoc

87 337 405 387 impetrandum
426 336 505 374 fuit
537 337 601 374 vir
625 338 796 387 quidam
819 340 964 387 grauis
997 352 1092 376 cnm
1117 340 1252 376 literis
1285 338 1336 375 ad
1360 343 1553 375 nostrum
1580 338 1709 373 colle-

87 410 203 459 gium
226 408 486 455 destinatus3
511 411 588 448 sed
607 415 690 447 tam
716 409 795 459 piis
818 411 932 448 votis
955 410 1289 447 clarissimorum
1313 409 1564 458 principium
1586 421 1709 457 prop-

87 486 153 518 ter
174 480 322 517 talium
347 482 644 531 operariorum
679 482 864 531 inopiam
896 495 980 518 non
1005 486 1072 518 est
1103 481 1387 518 satisfactum.
1415 481 1568 517 Missus·
1598 480 1707 516 enim

85 551 226 589 fuerat
248 552 396 601 paucis
417 556 516 589 ante
542 552 697 589 diebus
719 552 889 602 quidam
915 566 967 590 ex
991 552 1194 589 fratribus
1216 552 1267 588 ad
1302 550 1521 600 (insipidum,
1548 551 1613 587 cni
1635 563 1709 586 no-

87 636 184 660 men
207 623 249 660 S.
276 625 431 670 Iustus,
459 629 503 661 vt
524 624 581 661 ibi
600 636 675 674 per
697 627 834 661 totam
857 623 1230 674 quadragesimam
1257 623 1542 659 ecclesiastae
1563 634 1709 658 niune-

86 707 131 732 re
153 694 427 744 fungeretun
467 707 520 731 ex
556 707 640 744 quo
681 707 882 745 magnum
918 694 1104 731 Domino
1142 694 1290 731 retulit
1328 694 1527 730 fructum:
1567 698 1708 729 totum

86 766 199 804 enim
224 766 427 815 populum
450 766 566 803 illum
593 767 881 803 vehementer
911 766 1144 815 permouit,
1178 765 1399 813 multaque
1425 765 1585 814 optime
1611 776 1710 800 con-

87 837 239 874 stituta
262 837 450 887 reliquit,
476 849 585 887 quae
609 837 661 874 ad
679 837 895 887 publicam
915 842 957 874 et
979 837 1189 886 priuatam
1213 836 1447 873 multorum
1480 835 1709 872 vtilitatem

86 907 348 945 videbantur
386 907 625 958 pertinere3
663 921 846 957 quorum
871 907 973 945 illud
1008 908 1048 944 in
1084 907 1229 957 primis
1266 906 1482 944 laudabile
1520 906 1709 952 videtur,

85 978 202 1028 quod
226 979 366 1016 Patris
388 991 519 1015 suasu
537 978 590 1015 ad
613 978 872 1017 abolendam
896 980 1182 1016 inueteratam
1201 977 1484 1027 quorumdam
1510 977 1712 1014 concubi-

87 1051 306 1089 nariorum
328 1050 627 1100 peruicatiam,
652 1051 823 1100 publice
842 1051 919 1088 fuit
939 1054 1163 1095 statutum,
1184 1054 1229 1086 vt
1247 1050 1387 1086 nullus
1408 1062 1591 1098 vnquam
1613 1061 1712 1086 con-

86 1122 332 1160 cubinarius
348 1120 487 1172 possit
504 1122 688 1171 publicis
706 1122 826 1172 fungi
843 1122 1108 1167 muneribus,
1124 1120 1284 1157 nullum
1304 1122 1345 1157 in
1362 1120 1544 1157 consilio
1564 1120 1712 1156 suffra-

85 1193 203 1244 gium
225 1193 356 1239 ferre,
382 1193 498 1230 nullo
524 1191 712 1242 denique
730 1193 897 1230 honore
920 1193 1064 1242 potiri.
1092 1192 1375 1241 Praeceptori
1398 1203 1572 1241 quoque
1596 1203 1711 1228 corn-

86 1264 307 1302 munitatis
329 1264 504 1301 nomine
526 1263 699 1313 publice
722 1264 802 1301 fuit
823 1264 1077 1309 iniunctum,
1101 1268 1148 1300 vt
1170 1263 1379 1312 pietatem
1398 1275 1483 1300 vna
1501 1274 1594 1299 cum
1619 1263 1711 1300 lite-

86 1335 142 1373 ris
164 1335 440 1373 iuuentutem
465 1334 692 1380 edoceret,
719 1340 980 1384 curaretque
1002 1340 1048 1371 vt
1073 1346 1223 1372 omnes
1246 1334 1490 1372 doctrinam
1520 1334 1712 1371 christia-

86 1418 185 1444 nam
208 1405 474 1450 ediscerent,
508 1412 643 1455 vtque
674 1404 886 1455 quotidie,
920 1406 1072 1443 saltem
1104 1405 1296 1443 minores
1323 1409 1441 1450 natu,
1475 1405 1713 1442 recitarent

88 1478 233 1523 Pater,
259 1476 369 1523 Aue,
395 1476 556 1522 Credo,
581 1476 738 1514 decem
769 1481 1006 1526 precaepta
1028 1481 1072 1514 et
1093 1475 1355 1521 huiusmodi,
1381 1482 1426 1513 vt
1451 1474 1511 1513 sic
1533 1489 1554 1512 a
1590 1479 1712 1513 tene-

86 1549 144 1586 ris
164 1548 344 1594 assueti,
364 1548 612 1598 religiosius
635 1548 852 1585 viuerent.
887 1548 1104 1585 Plebanus
1125 1560 1299 1598 quoque
1333 1547 1485 1585 eadem
1511 1560 1557 1585 se
1581 1560 1714 1597 popu-

86 1620 127 1658 lo
159 1617 419 1657 traditurum
454 1618 703 1668 spopondit,
742 1619 897 1656 saltem
931 1617 1086 1656 diebus
1121 1618 1349 1656 dominicis
1382 1620 1424 1655 in
1462 1619 1713 1656 solemniori

86 1689 230 1736 missa,
254 1690 324 1728 vel
348 1702 445 1727 cum
467 1696 485 1713 ἃ
506 1689 778 1739 frequentior
800 1690 985 1739 populus
1014 1688 1056 1726 in
1086 1690 1249 1739 templo
1274 1689 1556 1739 reperiretur.
1592 1689 1713 1726 Sole-

86 1763 160 1799 bat
179 1761 251 1799 ille
273 1759 391 1799 rudis
412 1761 597 1810 populus
619 1766 718 1811 post
741 1773 906 1798 sacram
929 1761 1283 1798 communionem
1314 1761 1407 1810 ipso
1431 1761 1501 1798 die
1524 1761 1713 1810 paschae

87 1833 272 1871 choreas
289 1833 308 1857 b
330 1831 510 1879 ducere,
532 1831 1002 1870 commenssationibus
1020 1838 1063 1869 et
1083 1832 1373 1870 ebrietatibus
1390 1845 1563 1878 vacare,
1584 1844 1715 1882 aquas

86 1904 365 1954 tripudiando
388 1903 619 1950 transilire,
644 1903 823 1953 aliisque
857 1902 968 1941 ludis
1005 1910 1048 1941 et
1069 1903 1369 1954 voluptatibus
1402 1917 1579 1954 operam
1612 1904 1714 1942 dare

85 1989 173 2014 non
191 1976 284 2014 sine
303 1973 500 2013 evidenti
517 1961 723 2012 scandalo
743 1980 786 2012 et
804 1973 958 2011 iniuria
973 1975 1144 2012 iamiam
1162 1979 1426 2025 percaeptae
1447 1975 1715 2013 communio-

87 2047 168 2093 nis3
190 2059 302 2097 quae
324 2051 372 2083 vt
393 2046 435 2083 in
470 2052 731 2096 perpetuum
759 2046 1057 2092 abolerentur,
1089 2046 1168 2083 sub
1205 2051 1327 2084 certa
1360 2059 1504 2096 poena
1537 2046 1711 2096 publice

87 2118 168 2156 fuit
189 2117 396 2163 edictum,
420 2122 468 2154 vt
489 2116 630 2154 nullus
653 2129 840 2166 unquam
861 2117 964 2154 talia
984 2117 1131 2155 facere
1159 2123 1478 2167 praesumeret,
1503 2129 1553 2154 ac
1578 2123 1622 2154 vt
1643 2118 1713 2154 ille

87 2202 165 2240 pro
189 2201 266 2226 reo
299 2193 464 2226 certam
485 2188 715 2237 pecuniam
738 2188 985 2234 exolueret,
1009 2187 1081 2238 qui
1103 2187 1431 2238 delinquentem
1461 2189 1540 2226 sibi
1562 2193 1715 2226 notum

86 2273 174 2299 non
195 2259 440 2298 detulisset.
467 2258 545 2296 His
566 2259 713 2308 itaque
738 2264 781 2296 et
803 2258 896 2297 aliis
934 2260 1065 2297 rebus
1088 2260 1249 2310 optime
1275 2261 1539 2301 constitutis,
1578 2261 1716 2297 laure-

87 2332 199 2370 tanis
220 2330 489 2370 messoribus
520 2329 755 2367 admodum
778 2330 819 2367 in
841 2343 987 2368 messe
1011 2330 1184 2368 Domini
1207 2331 1432 2381 occupatis
1456 2343 1584 2381 opem
1608 2331 1714 2368 latu-

90 2415 162 2440 rus
185 2403 255 2440 Pr.
278 2402 351 2440 ille
372 2401 626 2439 reuertitur.

144 2475 180 2511 8.
242 2472 410 2531 Eodern
431 2472 525 2511 fere
547 2477 748 2522 tempore
770 2473 996 2523 profectus
1014 2480 1081 2512 est
1097 2474 1150 2512 ad
1172 2473 1287 2512 aliud
1304 2474 1494 2512 vicinum
1514 2474 1715 2524 oppidum

90 2545 263 2596 quidam
286 2557 340 2582 ex
367 2532 562 2582 Patribus
584 2544 728 2582 victus
748 2544 953 2594 precibus
974 2546 1287 2583 maceratensis
1309 2544 1646 2592 communitatis,
1671 2552 1719 2583 vt

88 2616 176 2655 illic
195 2628 348 2667 pacem
369 2614 583 2666 quandam
606 2616 687 2653 iam
710 2615 811 2653 olim
833 2616 885 2654 ab
917 2615 1075 2654 eodem
1104 2617 1233 2655 Patre
1270 2617 1432 2667 optime
1464 2616 1717 2668 dispositam

90 2688 299 2734 firmaret3
321 2699 405 2737 qua
423 2699 502 2738 pro
524 2691 630 2724 uoto
654 2687 905 2733 constituta,
929 2689 1240 2726 monasterium
1263 2689 1393 2726 etiam
1416 2688 1718 2726 sanctimonia-

90 2760 194 2798 lium
214 2771 292 2810 per
314 2758 518 2797 eumdem
540 2758 750 2797 Dominus
775 2757 1064 2809 omnipotenti
1084 2759 1247 2798 virtute
1270 2763 1313 2797 et
1335 2760 1568 2810 gratiarum
1592 2760 1717 2797 vber-

91 2834 182 2868 tate
202 2829 411 2867 visitauit.
436 2830 571 2867 Multa
590 2829 673 2867 alia
693 2842 804 2879 quae
826 2829 880 2867 ad
899 2828 1197 2880 proximorum
1221 2836 1265 2869 et
1289 2830 1504 2868 ecclesiae
1527 2830 1607 2867 Dei
1631 2829 1718 2867 edi-

141 2967 159 2987 ³
209 2980 300 3005 cum
323 2971 459 3014 Supta
480 2976 587 3003 vers.
643 2967 708 2992 —b
730 2965 822 3012 δερ,
843 2966 928 3003 del.
949 2965 1126 3004 duchere
1147 2967 1209 3013 (ἒ).
