1908 3446
554 202 942 241 407.—V1>100130NA
974 206 1013 241 31
1051 205 1241 241 AUGusrl
1270 202 1360 239 1560
1643 204 1712 239 763

131 311 227 355 post
250 306 300 342 D.
327 305 445 342 Pauli
467 303 704 343 aduentum
729 318 781 343 ex
805 306 1027 358 Hungaria
1049 308 1133 345 huc
1150 310 1297 345 rector
1317 311 1382 343 est
1406 317 1625 343 reuersus.
1648 308 1757 344 Coe—

130 381 285 426 perunt
310 387 461 412 omnes
484 376 608 413 simul
632 376 830 414 exactius
852 391 977 428 quam
1009 383 1108 415 ante
1143 377 1235 415 eius
1264 376 1518 421 aduentum,
1545 381 1645 413 octo
1670 376 1757 413 die-

130 448 210 485 bus
232 446 449 485 continuis
470 452 542 484 aut
566 447 697 484 etiam
720 448 912 497 pluribus
944 449 1077 487 multa
1097 449 1209 486 inter
1233 460 1279 486 se
1302 447 1356 485 de
1379 448 1496 485 bono
1522 448 1754 488 communi,

131 523 217 555 tam
238 515 461 567 spirituali,
495 530 621 567 quam
654 519 899 568 temporali,
926 519 1143 565 conferre,
1181 518 1310 569 idque
1343 518 1511 568 ingenti
1533 530 1629 555 cum
1661 530 1758 554 nos-

130 594 294 626 trorum
317 587 497 625 fratrum
521 589 827 626 consolatione
850 593 980 639 atque
1012 590 1169 627 fructu.
1204 590 1313 627 Nam
1344 594 1520 639 praeter
1553 600 1619 633 ea,
1644 600 1754 637 quae

130 664 292 697 statuta
328 663 425 697 sunt
462 660 710 697 communia
746 662 944 698 omnibus
975 662 1067 699 fere
1102 661 1317 712 collegijs,
1351 673 1534 709 quorum
1558 665 1757 697 rectores

129 731 347 781 sigillatim
367 743 467 768 suas
489 730 787 770 dubitationes
811 731 962 770 ordine
980 734 1300 783 proponebant,
1320 745 1430 783 quae
1451 731 1640 769 omnium
1660 743 1759 768 con-

131 815 276 850 sensu,
302 808 347 840 ut
368 815 444 852 par
475 808 584 850 erat,
615 804 972 842 absolueuantur.
1006 805 1169 843 Habuit
1200 817 1372 856 quoque
1397 804 1614 842 interdum
1646 803 1759 853 apud

131 887 211 912 nos
234 887 386 912 omnes
409 874 456 912 R.
482 875 528 912 P.
555 875 840 913 Prouincialis
864 876 1197 914 exhortationes
1219 877 1310 926 pias
1332 876 1373 913 in
1402 875 1640 913 refectorio
1664 888 1761 912 nos-

131 950 215 991 tro,
239 945 394 996 quibus
418 950 461 983 et
483 945 704 984 feruorem
727 946 847 984 auxit
868 947 909 984 in
932 948 1092 994 multis,
1124 954 1167 986 et
1189 948 1242 985 ad
1264 948 1426 986 rectius
1449 960 1495 984 se
1517 947 1760 997 gerendum

132 1017 240 1054 alios
261 1014 474 1055 incitauit.
499 1015 692 1068 Singuli
710 1029 868 1056 eorum
892 1017 971 1067 qni
1003 1017 1051 1056 in
1082 1019 1165 1057 hoc
1194 1017 1427 1057 viennensi
1458 1020 1565 1057 tunc
1593 1017 1762 1069 era[n]t

132 1086 342 1138 collegio,
367 1085 623 1125 examinati
642 1088 747 1125 sunt
769 1088 820 1125 de
837 1090 1108 1138 paupertate
1131 1102 1220 1138 qna
1244 1089 1335 1128 Deo
1358 1101 1402 1126 se
1430 1087 1761 1127 astrinxerant:

135 1159 304 1197 rectene
339 1171 454 1202 eam,
493 1171 694 1207 aequone
730 1157 885 1197 animo
924 1160 1200 1211 perferrent,
1239 1160 1650 1212 Perferendmnq'zte
1681 1162 1762 1210 pu-

134 1231 297 1268 tarent.

187 1312 224 1350 7.
284 1301 384 1340 Non
405 1302 465 1339 ita
485 1301 558 1339 diu
579 1307 681 1352 post
703 1302 796 1340 eius
818 1302 1059 1340 discessum
1092 1304 1243 1341 Patres
1267 1304 1389 1342 simul
1416 1316 1468 1342 36
1488 1304 1644 1342 fratres
1666 1316 1763 1342 nos-

135 1374 186 1412 tri
210 1374 251 1412 in
274 1374 461 1412 Domino
486 1374 725 1412 charissimi
750 1386 907 1425 magno
931 1386 1027 1413 cum
1064 1375 1190 1413 animi
1213 1376 1369 1414 solatio
1402 1376 1471 1414 die
1493 1375 1764 1414 Visitationis

135 1446 266 1482 Rmae
288 1444 492 1494 Virginis,
526 1457 611 1494 quo
643 1449 844 1494 ternpore
875 1445 1169 1495 posteriorem
1200 1446 1465 1484 electionem
1496 1447 1544 1484 R.
1577 1448 1623 1484 Ρ.
1648 1447 1697 1484 T.
1722 1446 1763 1484 in

134 1513 429 1566 praepositum
464 1520 662 1553 nostrum
703 1517 955 1566 generalem
990 1516 1147 1554 factam
1185 1529 1283 1554 esse
1324 1518 1681 1561 recordabantur,
1723 1518 1763 1555 in

136 1585 331 1624 eiusdem
354 1586 484 1623 ΗΜΘ
506 1585 654 1623 Matris
677 1586 758 1624 Dei
780 1587 958 1633 sacello,
982 1587 1099 1637 quod
1121 1586 1161 1624 in
1184 1589 1348 1638 templo
1370 1593 1522 1626 nostro
1547 1588 1766 1626 ornatissi-

136 1670 250 1694 mum
272 1657 497 1702 habemus,
523 1669 600 1694 sua
621 1660 726 1694 uota
748 1657 1005 1695 unanimiter
1025 1670 1176 1696 omnes
1199 1664 1480 1697 renouarunt.
1501 1659 1565 1696 Ex
1587 1658 1766 1707 nouitijs

136 1731 417 1767 accesserunt
439 1733 640 1778 quatuor,
675 1727 746 1779 qui
768 1727 884 1766 uotis
914 1734 1018 1768 tunc
1039 1730 1223 1780 primum
1255 1731 1558 1769 communibus
1588 1736 1765 1769 nostrae

136 1799 371 1838 Societatis
394 1812 493 1837 sese
517 1800 612 1837 Deo
645 1798 940 1838 astrinxerunt
963 1813 1123 1852 magno
1156 1814 1253 1839 curn
1276 1803 1468 1853 ipsorum
1501 1808 1544 1840 et
1576 1803 1766 1840 omnium

136 1871 312 1923 gaudio.
348 1869 537 1919 Quintus
567 1870 610 1908 id
641 1871 781 1921 ipsum
813 1872 971 1910 eodem
992 1872 1278 1911 Ascensionis
1301 1872 1371 1911 die
1402 1874 1585 1912 fecerat.
1609 1874 1666 1912 Vt
1697 1886 1766 1911 au-

136 1948 226 1982 tem
261 1942 593 1980 accumulatiori
628 1942 789 1993 gaudio
822 1943 1051 1982 uberiores
1088 1957 1351 1995 cogeremur
1383 1945 1570 1984 Domino
1602 1945 1768 1982 fructus
1811 1979 1814 1981 Α

136 2014 350 2066 proferre,
375 2012 462 2052 duo
486 2026 540 2050 ex
561 2013 724 2051 nostris
747 2013 863 2052 circa
892 2014 1008 2053 idem
1029 2020 1203 2066 tempus
1225 2016 1361 2054 sacris
1392 2016 1562 2063 initiati,
1596 2017 1705 2054 alter
1727 2016 1767 2054 in

139 2087 182 2125 S.
201 2085 369 2136 Jacobi,
393 2085 503 2123 alter
523 2084 567 2122 in
587 2085 631 2123 S.
653 2086 982 2124 Bartholomaei
1003 2086 1118 2125 festo
1141 2087 1351 2137 primitias
1368 2088 1464 2126 Deo
1483 2100 1641 2139 magno
1663 2100 1767 2138 quo-

140 2158 253 2203 dam,
278 2170 365 2196 non
386 2156 519 2195 modo
541 2162 809 2205 nostrorum,
847 2157 925 2196 sed
948 2164 1232 2197 externorum
1255 2160 1386 2198 etiam
1415 2161 1623 2210 applausu
1646 2160 1769 2198 obtu-

139 2231 298 2268 lerunt.
326 2229 425 2278 Quo
447 2228 611 2266 factum
635 2233 716 2276 est,
741 2235 789 2267 ut
820 2234 921 2267 octo
944 2228 1027 2268 iam
1059 2231 1143 2269 sint
1165 2231 1242 2269 ain
1282 2232 1532 2269 uniuersum
1565 2231 1606 2269 in
1638 2232 1769 2270 colle-

139 2301 212 2352 gio
248 2300 335 2338 hoc
365 2300 596 2338 viennensi
630 2299 903 2348 sacerdotes,
937 2314 987 2339 36
1016 2307 1107 2340 tres
1139 2302 1268 2341 etiam
1300 2308 1533 2353 praeterea
1564 2303 1767 2353 dyaconi,

141 2384 325 2423 quorum
346 2383 529 2409 numero
553 2372 586 2409 si
609 2373 745 2410 multo
768 2373 914 2423 plures
945 2374 1225 2421 accederent,
1256 2375 1470 2413 haberent
1493 2388 1596 2413 sane
1627 2375 1669 2412 in
1690 2376 1770 2413 hac

142 2443 306 2481 inculta
325 2442 517 2493 alioquin
539 2441 667 2481 uinea
688 2443 862 2482 Domini
883 2445 1050 2495 negotij
1074 2446 1169 2495 plus
1197 2446 1316 2485 satis.
1345 2446 1456 2485 Cum
1478 2446 1587 2486 haec
1614 2445 1770 2485 omnia

135 2512 340 2565 feliciter
368 2515 648 2565 generentur
680 2527 733 2553 ac
761 2514 984 2562 maniter,
1027 2522 1312 2555 accesserunt
1349 2517 1545 2568 priuatae
1586 2518 1770 2555 rectoris

143 2585 359 2623 lectiones
381 2585 509 2623 nobis
532 2586 732 2624 omnibus
753 2588 1112 2636 pernecessariae
1135 2600 1189 2625 ex
1211 2589 1320 2626 libro
1340 2588 1623 2639 spiritualium
1648 2602 1771 2627 exer-

145 2656 400 2694 citationum
423 2657 469 2695 P.
492 2657 545 2695 N.
571 2657 725 2708 Ignatij
749 2658 845 2707 piae
867 2659 1105 2696 memoriae
1123 2659 1178 2697 de
1200 2658 1513 2711 dignoscendis
1535 2660 1768 2710 spiritibus,

145 2727 289 2778 deque
311 2727 601 2779 temperantia
618 2741 668 2772 36
684 2728 817 2767 modo
837 2729 1035 2767 sumendi
1058 2729 1217 2769 cibum.
1242 2731 1321 2769 His
1343 2732 1569 2778 absolutis,
1589 2732 1771 2782 primum

147 2799 297 2837 orandi
318 2798 495 2837 modum
517 2813 684 2838 summa
705 2812 801 2838 cum
824 2801 1135 2851 expectatione
1163 2802 1454 2853 profectuque
1479 2803 1667 2840 omnium
1691 2803 1771 2853 spi-

145 2869 288 2908 rituali
317 2869 510 2918 tradidit,
543 2884 630 2910 non
663 2885 737 2911 ore
770 2878 897 2910 tenus
929 2872 1077 2921 modo,
1108 2873 1187 2911 sed
1225 2874 1267 2911 in
1303 2874 1475 2929 scriptis
1505 2874 1651 2921 etiam,
1684 2888 1769 2925 quo

193 3005 213 3026 a
252 3005 349 3044 Del.
370 3006 411 3044 in
430 3006 678 3044 uniuersum.
