1908 3446
496 198 882 237 ‘2112——V1N00130NA
916 197 956 232 14
984 196 1083 232 sz.
1117 196 1206 232 1559
1572 194 1610 230 91

37 306 233 358 argutiae
257 308 301 342 et
323 302 567 353 explicatae
590 305 632 338 et
669 298 919 337 confutatae
956 302 1068 339 sunt,
1109 301 1153 332 vt
1188 294 1507 345 tergiuersandi
1544 296 1665 332 locus

39 378 179 416 nullus
200 374 331 414 fuerit
352 373 546 411 relictus.
571 369 721 409 Cuiuis
743 369 795 407 ad
822 370 899 406 has
927 366 1245 417 disputationes
1268 365 1523 411 accedendi,
1551 370 1607 410 et,
1634 366 1663 402 si

39 461 149 499 quae
172 447 376 492 habebat,
401 444 531 482 dubia
561 432 843 494 proponendi
865 440 1001 478 libera
1038 442 1129 476 erat
1161 438 1359 483 facultas,
1392 436 1469 475 sed
1500 442 1664 474 tanturn

38 521 177 566 abest,
202 522 247 556 vt
271 522 423 555 contra
445 515 702 553 catholicam
723 513 953 550 veritatem
983 511 1207 561 quisquam
1231 509 1499 559 argumentis
1522 509 1665 547 effice-

37 604 83 630 re
106 589 265 640 aliquid
286 586 495 640 potuerit,
521 590 566 623 vt
590 585 721 623 risum
745 584 875 621 etiam
902 595 988 620 non
1020 582 1157 619 semel
1185 580 1400 618 absurdae
1422 579 1666 618 haeretico-

37 675 127 700 rum
151 659 439 699 collectiones
462 656 734 695 auditoribus
757 663 774 680 ἃ
793 652 1038 693 excitarint.
1061 654 1159 702 Quo
1177 653 1263 690 hoc
1285 652 1439 689 saltem
1459 651 1663 689 effectum

39 737 119 779 est,
144 736 189 770 vt
211 744 297 769 non
320 729 588 768 mediocrem
612 726 669 778 pii
688 740 840 765 omnes
861 726 903 763 in
927 738 992 770 ea,
1012 737 1140 774 quam
1156 723 1432 774 profitentur,
1454 722 1669 760 catholica

38 804 224 843 veritate
269 800 618 840 consolationem
663 796 956 849 perceperint,
1000 795 1212 833 haeretici
1256 807 1430 844 quoque
1477 800 1521 831 vt
1566 807 1668 831 suos

39 887 211 914 errores
232 884 493 924 agnoscere,
518 871 553 910 si
574 870 726 916 velint,
750 867 933 919 possint.

95 945 154 984 16.
215 945 426 995 Superest
456 948 501 980 vt
524 941 579 980 de
616 952 825 979 caesarea
846 939 940 976 M.te
965 941 970 959 ⁴
996 937 1176 988 aliisque
1208 936 1335 975 huius
1366 937 1451 975 loci
1482 936 1669 988 primati-

39 1018 118 1056 bus
139 1015 324 1068 paucula
343 1014 414 1053 hic
435 1014 708 1058 subnectam,
736 1016 779 1048 vt
803 1015 846 1048 et
868 1010 1039 1048 illorum
1064 1021 1169 1059 erga
1189 1021 1270 1046 nos
1292 1008 1499 1045 aflectum
1523 1009 1573 1046 V.
1600 1008 1671 1045 Rs*

39 1089 267 1140 intelligat.
293 1088 358 1125 De
380 1087 508 1125 Caes.
535 1086 628 1123 Msse
650 1084 736 1122 hoc
758 1083 922 1121 dixisse
945 1081 1146 1127 sufficiat,
1177 1092 1336 1130 nempe
1360 1093 1457 1117 eum
1486 1093 1571 1117 non
1603 1092 1669 1117 se-

40 1173 114 1199 cus
135 1173 186 1198 ac
205 1164 374 1210 patrem
396 1156 624 1196 nobiscum
647 1167 796 1205 agere,
822 1159 869 1191 vt
899 1152 970 1204 qui
1003 1157 1046 1190 et
1077 1152 1265 1189 libenter
1295 1164 1376 1189 nos
1410 1150 1574 1197 videat,
1599 1163 1669 1188 au-

39 1232 213 1284 diatque
235 1230 457 1277 libentius3
480 1229 552 1280 qui
575 1233 618 1266 et
639 1230 789 1265 nostra
810 1232 1015 1275 tanquam
1036 1222 1209 1275 propria
1232 1223 1354 1262 cordi
1375 1223 1508 1261 habet
1534 1235 1669 1273 nego-

38 1304 110 1342 tia.
135 1301 385 1342 Ostendunt
405 1302 492 1339 hoc
514 1300 669 1338 crebra
699 1298 811 1336 inter
847 1297 982 1347 ipsam
1015 1300 1058 1334 et
1091 1296 1137 1334 R.
1176 1296 1223 1333 P.
1263 1294 1516 1341 Victoriam,
1541 1307 1669 1345 quem

38 1388 139 1427 prae
179 1373 339 1412 ceteris
375 1372 508 1411 habet
543 1369 851 1423 gratissimum,
890 1368 944 1406 de
981 1368 1110 1406 rebus
1145 1366 1306 1405 nostris
1343 1365 1574 1415 colloquia.
1617 1365 1670 1403 Et

38 1447 283 1499 priusquam
313 1445 367 1484 ad
396 1445 415 1469 b
446 1448 688 1495 augustana
719 1440 897 1480 comitia
925 1445 1149 1491 pergeret,
1186 1444 1361 1490 praeter
1396 1451 1473 1476 sex
1511 1438 1670 1476 calices

39 1523 274 1571 argenteos
293 1525 310 1543 c
329 1516 580 1562 deauratos,
599 1527 710 1565 quos
727 1511 828 1551 huic
844 1516 996 1550 nostro
1014 1509 1245 1549 viennensi
1267 1508 1456 1561 collegio
1475 1508 1668 1553 donauit,

40 1591 171 1630 multa
191 1589 274 1628 alia
293 1588 420 1627 nobis
443 1586 678 1632 concessit,
703 1584 859 1635 quibus
902 1596 980 1621 suo
1003 1587 1204 1633 tempore
1235 1595 1322 1620 non
1352 1595 1502 1632 parum
1533 1580 1670 1619 iuuari

40 1674 169 1714 posse
191 1660 426 1712 collegium
448 1657 563 1697 istud
581 1669 821 1708 speramus.
846 1655 908 1693 Ea
928 1654 970 1692 in
998 1667 1166 1692 summa
1188 1659 1256 1691 est
1285 1653 1411 1691 huius
1443 1654 1529 1703 opt.
1567 1652 1671 1691 Cae-

39 1732 161 1772 saris
181 1733 201 1759 d
222 1733 263 1771 in
285 1745 366 1771 nos
387 1729 715 1775 beneuolentia,
753 1733 801 1765 vt
831 1727 947 1766 nulla
980 1726 1022 1765 in
1057 1739 1103 1764 re
1125 1738 1252 1776 quam
1283 1725 1354 1762 ille
1378 1723 1430 1762 ad
1462 1724 1670 1762 maiorem

41 1803 121 1843 Dei
150 1804 331 1856 gloriam
362 1815 461 1841 esse
489 1800 773 1846 intellexerit,
799 1799 1015 1849 repulsam
1051 1798 1104 1835 ab
1137 1810 1190 1835 eo
1222 1810 1302 1834 nos
1335 1808 1489 1846 passos
1525 1794 1672 1833 merni-

40 1875 188 1914 nerim.
353 1870 357 1874 ’

97 1956 155 1997 17.
215 1948 306 1985 Rex
340 1944 537 1984 similiter
570 1943 901 1989 Maximilianus,
930 1940 1132 1993 piissimi
1163 1938 1378 1980 Caesaris
1407 1947 1424 1965 θ
1455 1938 1672 1990 primoge-

0 2019 1 2032 ¹
41 2017 152 2057 nitus
174 2031 297 2057 suurn
323 2017 453 2056 etiam
475 2015 517 2055 in
538 2030 619 2055 nos
640 2029 727 2054 non
750 2015 975 2067 vulgarem
1009 2014 1216 2052 affectum
1249 2016 1402 2062 aperte
1438 2011 1542 2049 satis
1575 2023 1673 2061 pro-

42 2090 164 2130 ximis
195 2089 350 2129 diebus
381 2088 638 2127 declarauit.
662 2088 772 2126 Cum
797 2086 910 2125 enirn
933 2085 1050 2124 R.d¹¹S
1082 2085 1212 2123 Pater
1248 2083 1444 2122 Victoria
1463 2081 1670 2121 sereniss.

43 2160 173 2200 Mffem
202 2160 298 2201 eius
328 2161 339 2185 f
384 2159 663 2205 accessisset,
701 2160 825 2198 certa
867 2165 889 2191 g
921 2170 1018 2195 cum
1047 2170 1099 2196 ea
1130 2157 1148 2181 h
1183 2155 1363 2207 negotia
1392 2159 1672 2194 tractaturus.

42 2231 158 2271 dictu
196 2230 460 2271 incredibile
482 2231 492 2256 i
517 2235 677 2282 quanta
709 2242 806 2267 curn
842 2227 1113 2267 humanitate
1151 2226 1354 2265 eumdem
1386 2226 1563 2264 Patrem
1599 2237 1672 2263 ex-

43 2303 223 2354 ceperit;
247 2307 291 2341 et
321 2307 424 2354 post
445 2302 602 2353 longos
630 2301 744 2339 inter
767 2313 844 2339 eos
874 2312 1101 2338 sermones
1132 2298 1321 2345 habitos,
1344 2311 1432 2336 non
1464 2297 1603 2336 solum
1634 2296 1675 2334 in

43 2374 264 2413 consuetis
286 2387 368 2413 nos
386 2370 609 2412 exercitiis
626 2372 839 2423 impedire
858 2384 904 2410 se
926 2370 1043 2409 nolle
1067 2369 1190 2417 dixit,
1213 2369 1293 2408 sed
1311 2375 1355 2408 et
1375 2369 1500 2420 graui
1517 2367 1675 2407 oratio-

42 2457 96 2483 ne
118 2444 171 2483 ad
192 2445 394 2496 gnauiter
421 2449 600 2483 nostrae
630 2442 917 2494 professionis
951 2441 1096 2480 munia
1132 2440 1337 2480 obeunda
1365 2454 1446 2479 nos
1476 2440 1676 2478 hortatus

45 2520 124 2561 est,
147 2514 325 2554 modum
360 2516 538 2567 insuper
573 2514 739 2553 addens
773 2527 859 2565 quo
895 2511 1064 2551 facilius
1093 2525 1402 2564 germanorum
1433 2511 1600 2549 animos
1622 2510 1675 2549 ad

87 2688 106 2708 ³
157 2688 367 2727 Praeced.
388 2689 506 2727 verb.
531 2693 670 2734 supra
685 2698 795 2725 vers.
850 2687 907 2714 -b
937 2686 989 2724 ad
1003 2691 1142 2734 supra
1161 2696 1271 2724 vers.
1325 2693 1391 2711 -0
1424 2685 1516 2731 Seq.
1535 2689 1574 2721 et
1589 2683 1673 2721 del.

45 2753 110 2781 —d
142 2755 346 2802 principis.
398 2763 462 2780 -e
502 2754 602 2792 eius.
657 2754 717 2778 -2f
766 2766 873 2790 eum.
927 2760 998 2787 —g
1036 2752 1225 2800 quedam.
1280 2752 1346 2777 —h
1386 2763 1446 2788 eo.
1501 2751 1557 2776 -i
1606 2749 1671 2786 mi·

3 2864 5 2877 Ι
44 2825 146 2851 rum.

94 2992 103 3012 ¹
153 2992 437 3032 Ferdinandus
455 2994 484 3032 I.
