1908 3446
264 217 330 255 102
727 223 948 261 LITTERAE
975 225 1335 270 QUADRIMESTRES

214 325 257 358 et
280 322 474 362 secondo
498 324 578 361 che
601 325 658 363 mi
679 324 796 364 disse
813 326 840 364 il
861 340 939 365 suo
964 328 1206 378 capellano,
1232 330 1254 366 ὸ
1278 328 1569 370 determinato
1593 332 1636 371 di
1665 335 1840 375 mandar
1880 328 1883 337 ⁴

211 391 252 428 in
274 398 432 442 questo
465 395 651 447 collegio
683 395 725 434 di
756 399 942 448 puoueri
963 400 1001 445 8,
1036 412 1060 437 0
1098 410 1143 437 10
1164 398 1343 450 gioueni
1366 407 1409 439 et
1430 402 1617 442 fermare
1647 417 1725 454 per
1747 405 1839 447 loro
1880 452 1883 461 ι

211 463 533 504 sustentatione
550 468 752 518 perpetui
769 468 942 507 redditi.
959 470 1007 508 Li
1023 470 1079 507 ho
1098 470 1265 520 parlato
1283 476 1326 509 et
1345 471 1378 509 si
1395 478 1560 513 mostro
1577 475 1713 514 molto
1728 477 1840 517 bene
1880 486 1883 492 ’

213 547 342 574 uerso
365 535 407 574 di
428 537 501 575 noi
523 538 634 586 altri,
657 544 700 577 et
718 539 921 578 desidera
938 542 1075 579 molto
1094 541 1259 580 hauere
1281 544 1465 583 alchune
1489 545 1592 584 delli
1607 547 1746 586 nostri
1766 550 1840 588 Pa·
1879 572 1883 586 ι

210 605 263 643 tri
284 619 362 656 per
383 609 564 646 menarli
593 610 664 647 nel
687 623 765 648 suo
790 611 977 649 contado
1002 619 1034 659 ὃ,
1060 616 1103 650 et
1124 625 1202 663 per
1223 613 1390 653 hauerli
1411 616 1556 666 (come
1587 619 1644 656 mi
1666 619 1841 671 dicono)
1880 610 1881 614 Ἰ

212 677 252 716 fa
286 679 575 729 grandissima
608 682 813 720 instantia
847 696 1056 734 appresso
1100 685 1143 723 S.
1187 685 1242 723 M.
1289 691 1332 723 et
1372 687 1399 724 il
1440 688 1596 727 Seram
1630 691 1838 742 principe.
1880 694 1883 697 '

212 750 259 787 V.
283 751 330 788 R.
354 749 526 802 prieghi
546 752 565 777 b
587 765 665 803 per
689 766 765 791 sua
786 754 920 792 [llma.
946 754 1148 805 Signoria
1171 760 1196 794 ¹.
1219 757 1387 807 Questa
1410 772 1543 809 opera
1559 759 1630 799 del
1653 762 1839 815 collegio
1879 764 1882 809 ζ

209 819 371 859 andera
404 823 476 872 piu
508 823 655 862 auanti
676 824 849 875 quando
887 827 981 863 sara
1003 839 1087 875 qua
1121 826 1147 864 il
1181 828 1225 866 P.
1250 828 1452 878 Vittoria,
1489 832 1517 869 il
1538 834 1681 883 quale,
1716 847 1840 874 come
1880 817 1881 825 ἵ

208 905 362 942 penso,
397 899 462 932 sta
493 894 651 933 adesso
682 909 761 946 per
784 897 822 934 la
854 896 1014 935 strada.
1039 897 1246 937 Anchora
1276 900 1435 940 l’usciti
1456 902 1718 944 desiderano
1745 919 1840 957 pro·
1879 891 1883 904 ἶ

208 977 390 1002 mouere
415 970 571 1016 questa
595 979 743 1018 opera,
770 973 813 1005 et
836 968 1040 1006 massime
1062 983 1119 1007 un
1149 974 1300 1010 nostro
1323 973 1463 1012 amico
1485 975 1668 1025 grande,
1692 976 1720 1014 il
1742 991 1840 1028 qua·
1880 988 1882 990 ·

207 1035 248 1072 16
270 1035 325 1073 ha
340 1035 538 1075 tradutto
559 1038 706 1086 quella
722 1038 1043 1088 plublicacione
1065 1040 1155 1090 [sic]
1181 1041 1313 1081 latina
1330 1043 1400 1082 del
1419 1045 1466 1083 P.
1486 1044 1661 1084 Canisio
1679 1047 1721 1085 in
1738 1048 1840 1087 boe·
1880 1050 1881 1092 ζ

209 1108 408 1154 mescho,
430 1113 473 1145 et
492 1109 817 1148 communicato
841 1117 857 1134 0
879 1122 961 1149 con
992 1112 1146 1162 grandi
1163 1112 1329 1164 signori
1347 1120 1390 1152 et
1406 1116 1560 1155 baroni
1580 1117 1606 1156 ².
1632 1119 1664 1156 Il
1686 1119 1840 1158 Seram>
1880 1155 1881 1160 ,

208 1177 420 1229 principe,
448 1179 558 1217 oltra
580 1193 657 1217 sua
675 1181 930 1228 elemosina,
964 1185 1300 1223 raccommandc‘)
1330 1187 1522 1226 anchora
1542 1187 1569 1226 il
1599 1190 1839 1232 medesimo
1880 1194 1881 1197 ’

208 1248 280 1286 alli
304 1250 399 1287 suoi
421 1250 760 1300 gentilhuomini
792 1257 834 1290 et
866 1265 951 1290 una
981 1267 1087 1305 gran
1121 1260 1245 1305 parte
1276 1255 1318 1295 di
1348 1258 1443 1296 loro
1474 1272 1561 1297 non
1592 1263 1838 1311 manchera,

207 1332 334 1358 come
366 1321 404 1359 ci
435 1322 637 1372 significo
670 1336 747 1373 per
776 1324 938 1362 lettere
960 1325 1004 1363 S.
1029 1325 1165 1364 861.ῐέι
1187 1326 1376 1367 dicendo
1400 1331 1592 1370 anchora
1622 1334 1704 1372 che
1726 1334 1839 1386 dopo

204 1392 368 1441 pascha
388 1391 757 1432 intenderessimo
780 1393 852 1444 piu
874 1395 988 1433 della
1009 1396 1104 1435 loro
1127 1398 1310 1437 uolonta
1331 1404 1374 1437 et
1396 1401 1626 1442 liberalita.

259 1473 296 1501 2.
357 1463 521 1503 Nostro
545 1464 684 1504 amico
716 1466 887 1504 huscita
912 1472 1034 1506 tanto
1057 1468 1095 1506 ci
1125 1481 1235 1517 ama,
1267 1474 1311 1508 et
1341 1476 1462 1511 tanto
1499 1486 1606 1524 gran
1637 1481 1769 1515 conto
1800 1477 1839 1516 fa
1875 1468 1881 1521 s

205 1533 247 1572 di
277 1534 365 1581 1101,
399 1535 480 1573 che
511 1536 714 1574 hanendo
745 1535 847 1574 dato
871 1536 945 1575 (101
973 1537 1099 1576 taleri
1125 1552 1150 1578 a
1178 1554 1234 1578 un
1265 1547 1387 1581 certo
1416 1543 1592 1583 italiano
1615 1545 1684 1584 dal
1715 1549 1838 1598 quale
1880 1587 1881 1590 ,

203 1604 440 1656 imparasse
462 1606 489 1644 il
511 1620 589 1645 suo
612 1607 796 1658 figliolo,
820 1613 974 1646 nostro
996 1608 1239 1661 discepolo‚
1265 1625 1394 1651 sonar
1415 1614 1735 1666 l'instrumenti,
1760 1618 1839 1658 dis-

203 1676 493 1728 suadendogli
513 1683 671 1729 questo
703 1692 788 1718 uno
812 1678 854 1717 di
883 1681 1036 1729 nostri,
1070 1682 1183 1721 lasso
1205 1683 1233 1721 11
1255 1683 1328 1723 (101
1349 1683 1486 1725 daleri
1509 1692 1552 1725 et
1581 1691 1836 1732 commando

202 1749 241 1786 al
263 1762 342 1787 suo
364 1749 531 1799 figliolo
555 1750 635 1788 che
666 1764 754 1788 non
789 1756 988 1790 tornasse
1010 1753 1082 1804 piu
1112 1766 1190 1804 per
1224 1755 1438 1806 imparare
1474 1772 1648 1807 sonare,
1681 1762 1836 1812 poiche
1881 1746 1885 1763 Ι

202 1820 272 1858 alli
295 1819 422 1858 padri
442 1820 593 1870 jesuiti
613 1834 740 1872 parse
763 1823 890 1861 altro.
914 1823 946 1861 Il
978 1823 1220 1864 medesimo
1243 1826 1462 1867 domando
1484 1831 1764 1880 perdonanza
1785 1834 1837 1873 da
1892 1863 1893 1866 =

202 1891 276 1929 noi
297 1890 340 1929 di
366 1904 456 1930 non
478 1892 614 1931 hauer
635 1894 773 1944 prima
793 1894 835 1932 in
853 1899 1011 1946 questo
1034 1908 1137 1935 caso
1159 1897 1426 1939 domandato
1449 1904 1677 1954 conseglio
1696 1905 1751 1944 da
1766 1906 1837 1946 noi
1877 1922 1883 1954 ζ

202 1963 314 2002 altri.

250 2152 270 2171 ¹²
302 2145 448 2191 Supra
468 2157 593 2190 vers..
623 2146 761 2184 deleto
776 2146 983 2184 comitatu.
1038 2149 1103 2174 —b
1137 2148 1325 2187 Emend.
1346 2161 1396 2188 ex
1426 2152 1601 2200 prieggi.
1655 2161 1720 2183 —0
1739 2156 1835 2194 Non

205 2209 393 2250 apparet
410 2208 564 2243 utrum
581 2210 805 2252 postrema
825 2206 970 2244 littera
988 2208 1047 2244 sit
1063 2220 1085 2244 ο
1104 2219 1164 2245 an
1195 2221 1218 2245 a

250 2374 258 2392 ¹
311 2372 507 2420 Princeps
526 2374 589 2410 1116
608 2374 769 2411 videtur
782 2374 906 2411 fuisse
922 2373 1135 2420 Ernestus,
1152 2375 1356 2415 Bavariae
1371 2379 1451 2416 dux
1466 2385 1507 2417 et
1521 2393 1655 2419 comes
1669 2383 1831 2430 glacen-

198 2432 265 2469 sis.
287 2431 351 2470 Cf.
373 2431 733 2477 BRAUNSBERGER,
757 2434 924 2471 canisii
940 2434 1092 2481 Epist„
1112 2434 1163 2479 ΙΙ,
1182 2435 1265 2481 365;
1282 2436 1461 2483 KROEss,
1485 2440 1733 2481 Geschz‘chte
1757 2443 1835 2482 der
1875 2451 1893 2495 ,s

199 2493 473 2530 boemischen
487 2492 682 2531 Provinz
694 2494 775 2531 der
788 2494 1208 2541 Gesellschaftsesu,
1230 2496 1259 2540 Ι,
1279 2497 1358 2543 103;
1375 2497 1580 2543 SchmL,
1609 2501 1834 2542 Historiae
1876 2497 1878 2514 ³

199 2552 291 2589 Soc.
301 2552 415 2598 Jesu
435 2552 701 2590 Provinciae
717 2553 960 2591 Bohemiae
976 2553 1094 2591 Pars
1111 2554 1277 2600 Prima,
1298 2556 1367 2594 lib.
1383 2557 1433 2603 II,
1456 2571 1495 2596 n.
1513 2558 1570 2597 71.
1876 2600 1881 2617 =.

245 2611 258 2630 ²
309 2611 373 2648 De
400 2612 475 2648 hac
501 2612 666 2659 collegii
694 2612 786 2650 novi
812 2612 1049 2650 fundatione
1075 2613 1294 2661 scripserat
1319 2616 1426 2654 idem
1453 2618 1653 2657 Hoffaeus
1682 2621 1728 2658 28
1757 2622 1831 2660 Fe-
1874 2667 1877 2677 Ι

197 2670 351 2707 bruarii
370 2670 415 2708 P.
436 2670 583 2708 Lainio
601 2671 658 2715 (in
685 2672 771 2709 cod.
803 2672 944 2710 Germ.
973 2671 1067 2716 187,
1100 2672 1124 2710 f.
1155 2673 1202 2710 57
1227 2676 1347 2722 sqq.):
1379 2677 1449 2714 «R.
1484 2677 1535 2715 D.
1569 2679 1830 2727 Praepositus
1874 2724 1880 2741 ὃ

196 2730 313 2777 quasi
332 2735 461 2767 totum
492 2731 567 2768 hoc
597 2731 907 2769 commendandi
938 2744 1038 2769 onus
1067 2732 1109 2769 in
1138 2745 1182 2769 se
1212 2735 1403 2782 suscepit,
1431 2749 1479 2774 ac
1505 2738 1711 2785 publicum
1729 2741 1829 2778 illud
1874 2745 1900 2792 [¹

195 2790 390 2837 scriptum
408 2803 432 2826 a
451 2791 502 2826 R.
524 2789 569 2826 P.
587 2790 836 2828 Provinciali
849 2791 914 2828 hic
927 2792 1192 2838 compositum
1207 2792 1292 2840 ipse
1310 2794 1485 2842 imprimi
1500 2809 1620 2844 quam
1640 2799 1829 2838 citissime
1873 2807 1897 2846 ξ·

196 2849 367 2892 curavit,
388 2854 428 2887 et
446 2855 490 2887 ut
509 2850 615 2887 idem
634 2851 815 2888 boemice
830 2856 1076 2895 verteretur,
1093 2851 1179 2898 ipse
1204 2864 1249 2890 se
1263 2860 1501 2893 curaturum
1515 2857 1608 2894 ait.»
1626 2857 1690 2897 Cf.
1708 2860 1828 2897 etiam

196 2908 554 2952 BRAUNSBERGER‚
576 2910 601 2946 l.
623 2922 669 2955 6.,
689 2910 870 2948 364-365.
893 2910 1090 2957 Quisnam
1108 2925 1206 2950 vero
1224 2914 1424 2952 versionis
1446 2922 1590 2954 auctor
1606 2917 1742 2964 fuerit,
1762 2917 1828 2967 qui
1873 2919 1875 2962 f

196 2982 245 3006 ex
275 2969 351 3006 hac
383 2970 568 3016 epistola,
596 2982 718 3007 sensu
745 2970 876 3014 obvio,
905 2970 1066 3008 videtur
1083 2971 1377 3020 intelligendus
1394 2975 1543 3023 aliquis
1561 2976 1729 3019 hussita.
1750 2990 1827 3016 non
1871 2988 1876 3022 ε
1897 2978 1899 2982 ”

193 3034 370 3066 constat.
395 3028 460 3066 De
479 3029 656 3076 collegio
675 3042 792 3075 novo,
813 3029 904 3067 vide
924 3030 977 3068 sis
995 3029 1174 3078 KROESS,
1195 3033 1221 3071 l.
1244 3044 1295 3078 6.,
1318 3033 1382 3071 101
1402 3046 1489 3082 sqq.
1871 3025 1875 3050 ἔ
