1908 3446
272 202 338 240 178
758 202 977 242 LITTERAE
1003 203 1361 249 QUADRIMESTRES

221 305 390 344 accedit
415 305 609 344 discendi
634 311 676 344 et
698 305 901 344 audiendi
924 306 1241 357 cupidissimus,
1267 317 1362 343 cum
1386 305 1439 343 sit
1460 304 1631 342 interim
1654 303 1718 342 uir
1741 302 1844 342 mul·
1874 312 1875 317 ’

220 379 273 415 tis
297 378 437 415 modis
455 379 673 416 excellens
696 386 728 416 ἢ.

278 460 337 487 10.
399 450 632 487 Caeterum
655 449 709 486 de
731 449 937 487 studiosis
960 448 1151 497 collegij,
1176 460 1285 498 quos
1306 460 1383 498 pro
1407 447 1735 485 conuictoribus
1756 458 1842 483 non

218 532 382 568 paucos
404 520 571 567 alimus,
594 521 678 558 iam
701 522 801 558 ante
822 520 840 544 b
863 520 1070 570 scriptum
1093 525 1173 557 est.
1199 519 1509 556 Abhorrebant
1536 517 1596 555 illi
1630 518 1842 555 hactenus

218 601 242 626 a
264 590 393 643 talari,
410 596 533 628 ueste
554 591 791 641 habituque
814 590 1004 637 decenti,
1029 602 1157 641 quem
1180 590 1232 627 ab
1255 589 1337 627 illis
1355 589 1655 639 exigebamus.
1681 589 1840 627 Verum

217 674 331 698 nunc.
352 663 465 712 (Deo
488 662 598 712 laus)
621 667 664 700 et
686 663 766 700 illis
788 662 890 712 ipsis
912 667 1059 712 gratus
1080 662 1151 699 hic
1173 667 1241 698 est
1261 661 1448 707 habitus,
1471 664 1513 698 et
1537 659 1700 711 exteris
1723 672 1838 697 com-

219 733 465 772 mendatur.
492 735 693 784 Plerique
715 734 769 771 ad
790 746 869 771 nos
892 734 1005 771 ultro
1030 732 1252 770 deducunt
1273 732 1386 769 filios
1407 732 1448 769 in
1471 731 1659 781 collegio
1691 736 1841 769 nostro
1872 734 1874 738 '

216 805 523 852 instituendos,
547 805 659 843 adeo
684 805 798 855 cepit
821 805 951 842 etiam
975 804 1107 855 uulgo
1130 804 1240 841 haec
1262 803 1377 840 uitae
1399 803 1575 853 placere
1598 801 1840 851 disciplina,
1874 850 1875 856 ἵ

216 875 295 914 sed
323 875 410 914 1061
437 876 636 927 angustia
665 876 885 925 prohibet,
910 875 1140 925 quominus
1164 874 1299 912 oblati
1321 873 1599 923 recipiantur.
1624 873 1712 910 Iam
1734 884 1840 911 uero
1870 868 1872 875 ’

215 947 452 985 lectionum
475 953 491 972 c
514 946 621 985 ordo
645 952 776 997 atque
799 945 1000 984 classium
1023 945 1135 982 inter
1158 957 1205 982 se
1229 944 1464 991 connexio,
1489 943 1715 994 diligentia
1735 943 1839 981 item
1872 928 1873 933 ¹

214 1031 265 1056 ac
294 1019 434 1068 pietas
464 1024 802 1069 praeceptorum
832 1016 874 1054 in
911 1015 1151 1054 erudienda
1183 1015 1402 1067 frequenti
1438 1016 1684 1062 iuuentute,
1721 1027 1840 1065 prae-

215 1090 328 1127 clare
364 1088 579 1139 procedit,
613 1088 827 1138 cultisque
857 1087 1017 1138 passim
1047 1086 1269 1136 probatur.
1297 1087 1442 1124 Darius
1476 1085 1650 1137 quidam
1672 1098 1759 1124 non
1781 1085 1838 1123 in·
1870 1089 1872 1144 ζ

213 1159 385 1207 doctus,
408 1171 552 1210 neque
574 1159 746 1197 infimae
769 1158 1047 1204 conditionis,
1071 1157 1141 1207 qui
1169 1158 1263 1208 regi
1292 1158 1552 1208 scriptorem
1582 1156 1838 1207 praebebat,

213 1231 514 1282 long1ssimum
556 1233 637 1269 iter
673 1243 878 1269 emensus
912 1231 998 1268 huc
1033 1242 1080 1267 se
1116 1228 1317 1276 contulit,
1354 1228 1491 1266 nostri
1529 1227 1722 1279 collegij,
1754 1226 1840 1265 vtd
1870 1242 1872 1264 ι

212 1302 419 1350 creditur,
443 1302 558 1341 fama
580 1303 814 1349 excitatus3
847 1303 918 1352 qui
948 1302 1154 1340 ardenter
1185 1305 1305 1352 optat
1326 1300 1554 1338 nobiscum
1577 1299 1837 1337 contrahere
1871 1302 1874 1329 ἱ

210 1374 563 1421 familiaritatem,
588 1386 798 1423 suamque
820 1373 946 1412 nobis
969 1385 1147 1424 operam
1170 1373 1289 1410 dare.
1314 1372 1411 1409 Duo
1434 1371 1737 1409 viennensium
1765 1370 1835 1420 filij
1870 1381 1872 1385 ’
1904 1388 1905 1410 1

209 1444 536 1492 adolescentes,
568 1458 665 1483 cum
698 1457 752 1482 ex
782 1445 865 1482 hac
895 1445 1047 1482 schola
1077 1444 1192 1482 missi
1225 1444 1266 1481 in
1297 1443 1581 1493 longinquum
1612 1441 1835 1491 abijssent,

209 1517 365 1554 litteris
387 1517 474 1555 suis
496 1516 550 1554 ad
570 1522 777 1567 parentes
799 1514 910 1554 datis
939 1515 1172 1567 diligenter
1205 1519 1406 1565 egerunt,
1441 1519 1487 1551 ut
1517 1513 1571 1551 ad
1602 1513 1834 1563 collegium

209 1588 383 1638 aliquod
400 1588 586 1626 instituti
602 1588 756 1635 nostri,
782 1588 852 1626 ubi
874 1600 1005 1639 porro
1028 1588 1376 1633 instituerentur,
1399 1585 1699 1637 peruenirent,
1722 1584 1836 1635 quod

207 1659 307 1697 alibi
329 1671 471 1710 neque
494 1659 535 1696 in
558 1658 728 1708 studijs,
752 1671 897 1709 neque
919 1659 961 1697 in
982 1657 1149 1709 pietate
1171 1658 1359 1696 fructum
1383 1657 1566 1695 similem
1589 1669 1636 1694 se
1665 1668 1835 1694 assecu-

207 1737 329 1768 turos
358 1735 577 1781 putarent.
612 1730 678 1768 Ad
708 1731 820 1768 haec
848 1735 1034 1781 quatuor
1066 1741 1249 1781 magnae
1285 1729 1377 1779 spei
1405 1728 1733 1775 adolescentes,
1762 1728 1834 1765 ho-

206 1808 333 1841 nesto
357 1804 454 1841 loco
477 1803 580 1849 nati,
613 1803 762 1853 paucis
793 1803 950 1840 abhinc
981 1802 1151 1849 diebus,
1185 1814 1209 1839 a
1238 1800 1492 1851 parentibus
1523 1801 1608 1838 huc
1638 1800 1757 1838 missi
1785 1811 1834 1838 ac

206 1873 309 1911 fidei
338 1880 515 1912 nostrae
548 1872 843 1912 commendati
875 1879 988 1921 sunt,
1022 1873 1281 1924 praesertim
1303 1872 1421 1923 quod
1444 1872 1555 1910 sicut
1578 1871 1665 1909 suis
1686 1870 1765 1922 ipsi
1792 1870 1833 1908 li-

206 1944 311 1982 teris
330 1950 537 1995 parentes
559 1950 791 1992 testantur,
816 1945 965 1982 nullibi
995 1948 1068 1982 aut
1099 1945 1263 1982 rectius
1294 1948 1366 1982 aut
1398 1943 1604 1990 sanctius,
1637 1955 1764 1993 quam
1794 1942 1833 1979 in
1866 1973 1868 1979 .

206 2017 290 2054 hoc
307 2028 516 2054 caesareo
541 2017 730 2067 collegio
752 2016 957 2054 iuuentus
978 2015 1143 2054 institui
1166 2021 1414 2054 censeatur.

263 2099 322 2126 ΙΙ.
383 2088 669 2126 Exhibuimus
692 2092 735 2125 et
757 2086 896 2135 Δραμμα
928 2088 1021 2125 31116
1053 2086 1314 2134 comediam,
1348 2098 1460 2137 quae
1491 2084 1735 2123 dominicae
1766 2095 1827 2121 re·

205 2160 489 2197 surrectionis
511 2160 670 2197 seriem
694 2164 737 2197 et
758 2159 986 2196 historiam
1009 2158 1395 2208 complecteretur.
1422 2158 1505 2194 Res
1537 2156 1718 2194 mirifice
1747 2154 1829 2205 pla·
1872 2151 1877 2166 ”

205 2231 307 2278 cuit,
341 2237 387 2268 ut
417 2231 544 2268 nobis
574 2231 809 2268 multorum
840 2229 1007 2268 animos
1038 2235 1112 2268 aut
1143 2229 1384 2268 conciliarit
1419 2233 1493 2267 aut
1523 2226 1828 2273 reconciliarit;

202 2314 300 2339 nam
322 2305 497 2340 actores
519 2302 578 2339 ita
600 2314 678 2339 suo
702 2313 882 2339 munere
904 2301 1043 2339 functi
1065 2306 1178 2347 sunt,
1199 2304 1244 2338 ut
1268 2305 1312 2338 et
1333 2298 1591 2338 iucunditati
1623 2304 1666 2336 et
1701 2296 1829 2336 admi·
1863 2320 1866 2326 ,

202 2373 360 2410 rationi
391 2377 539 2410 essent
573 2372 910 2422 spectatoribus.
944 2370 1069 2410 Vnde
1098 2371 1261 2410 factum
1284 2370 1415 2408 etiam
1439 2368 1641 2407 existimo
1665 2373 1711 2406 ut
1731 2371 1828 2419 post
1863 2382 1871 2428 ss

200 2456 365 2494 paucos
386 2443 480 2482 dies
502 2442 813 2494 discipulorum
834 2455 1055 2490 numerus,
1076 2442 1159 2481 etsi
1179 2454 1453 2492 nequaquam
1475 2446 1605 2479 antea
1627 2441 1823 2491 exiguus,
1864 2442 1874 2490 [›

200 2521 457 2565 augeretur.
482 2515 694 2565 Sequenti
717 2515 862 2553 statim
885 2514 957 2552 die
993 2515 1226 2565 episcopus
1262 2513 1559 2551 Trasiluaniae
1592 2512 1617 2560 ¹,
1652 2524 1748 2550 curn
1777 2508 1827 2549 ad
1862 2526 1866 2531 ·

200 2598 246 2623 se
270 2599 400 2624 unum
424 2598 447 2624 e
471 2585 673 2624 Patribus
694 2586 855 2624 nostris
877 2585 1201 2631 accersiuisset,
1225 2583 1583 2622 humanissimum
1612 2595 1659 2621 se
1687 2582 1824 2622 decla·
1863 2628 1872 2636 ,-
1902 2606 1903 2613 1

201 2656 329 2695 martit
351 2664 383 2704 e,
408 2656 512 2695 illud
542 2657 777 2708 praecipue
801 2655 1090 2703 contendens,
1110 2661 1156 2694 ut
1178 2655 1267 2694 suis
1291 2667 1314 2693 e
1335 2654 1482 2705 pueris
1513 2653 1822 2703 nobilissimum
1870 2670 1875 2690 ε

247 2804 266 2823 ²²
316 2802 500 2840 eximius.
556 2803 621 2828 -—b
641 2801 732 2838 aliis
751 2801 911 2838 litteris.
967 2808 1030 2826 -·—0
1052 2799 1150 2837 Non
1171 2802 1281 2837 recte
1297 2800 1445 2846 script.
1464 2800 1511 2836 in
1538 2802 1670 2843 textu,
1704 2796 1822 2836 delet.
1862 2786 1869 2815 *³

200 2867 238 2900 et
257 2862 363 2900 add.
385 2863 432 2899 in
451 2871 590 2908 marg.
643 2861 710 2886 ——d
734 2865 774 2898 vt
792 2865 1057 2907 supravers.
1110 2867 1174 2885 -θ
1196 2859 1391 2896 exhibuit.
1865 2851 1868 2874 ²

250 3009 257 3026 ¹
312 3006 465 3043 Paulus
486 3005 757 3051 (Abstemius)
776 3005 826 3041 de
846 3004 1102 3041 Bornemiza.
