1908 3446
265 219 334 256 374
730 221 950 259 LITTERAE
977 222 1331 267 QUADRIMESTRES

217 322 325 360 alios
355 323 708 374 quamplurimos,
744 337 840 362 cum
871 323 1090 374 hispanos,
1115 328 1205 361 tum
1237 323 1375 374 gallos
1406 329 1479 361 aut
1509 323 1655 371 italos,
1685 315 1757 375 qui
1787 325 1839 364 ad

217 392 333 431 idem
355 407 508 432 munus
529 395 617 445 apti
638 394 906 441 uiderentur,
926 394 1029 431 illud
1052 395 1190 444 ipsum
1210 398 1434 432 tentarunt
1452 395 1499 432 R.
1526 396 1572 433 P.
1591 395 1744 442 nostri3
1763 396 1839 434 sed

217 462 319 501 nihil
341 464 455 502 aliud
478 472 496 489 ἃ
520 465 728 503 eflectum
748 471 828 513 est,
847 465 928 503 nisi
946 470 989 502 ut
1008 477 1149 514 aequo
1173 465 1315 503 animo
1333 466 1648 516 praesolemur
1670 473 1839 517 tempus

217 534 316 581 hoc,
353 535 470 585 quod
501 536 688 574 accessit
718 541 869 574 nostro
903 534 1139 581 desiderio,
1178 548 1421 586 quousque,
1456 536 1635 586 direptis
1668 537 1838 576 omnino

217 605 526 644 cacodemonis
548 605 785 655 aduersarij
809 606 946 644 nostri
966 604 1079 652 telis,
1104 605 1288 644 liberum
1307 607 1449 644 ocium
1473 612 1516 644 et
1539 612 1733 657 optatum
1757 622 1839 647 ma-

218 674 331 713 xime
358 676 483 714 nobis
507 677 672 715 efficiat
696 676 892 716 Christus
914 678 1051 723 Iesus,
1078 676 1145 714 cui
1175 683 1351 716 nostros
1374 690 1526 716 omnes
1548 684 1729 717 conatus
1758 680 1840 719 iam

218 745 474 786 dicauimus.

271 827 306 866 5.
367 819 405 856 Is
439 825 665 869 postremo
698 819 1033 871 lugdunensium
1066 820 1286 859 mentibus
1308 821 1464 869 illuxit,
1497 822 1557 861 ita
1583 828 1628 861 ut
1658 824 1840 874 flagrent

215 888 299 926 iam
329 889 565 928 Societatis
595 896 772 928 nostrae
808 890 1045 937 desiderio,
1080 897 1123 929 et
1156 891 1301 929 eidem
1332 892 1373 929 in
1404 905 1482 931 sua
1504 893 1682 932 ciuitate
1712 894 1841 932 colle-

217 960 333 1011 gium
365 966 570 999 extruere
600 966 751 1012 petant
782 963 808 1009 1;
831 962 948 1013 quod
978 963 1031 1011 (si
1053 962 1318 1013 adoleuerit)
1348 969 1536 1014 quantae
1567 965 1622 1003 sit
1652 965 1840 1004 futurum

216 1031 428 1079 utilitatis,
454 1032 777 1071 commoditatis
802 1037 843 1071 et
865 1046 1127 1084 progressus
1148 1035 1190 1072 in
1223 1034 1303 1072 Dei
1326 1035 1509 1085 gloriam
1532 1040 1575 1074 et
1608 1036 1840 1075 Societatis

215 1103 526 1142 authoritatem
549 1116 600 1142 ac
620 1103 954 1151 incrementum,
979 1106 1137 1143 minine
1175 1105 1313 1144 latere
1336 1106 1471 1145 debet
1500 1108 1547 1147 R.
1573 1109 1619 1146 P.
1645 1109 1695 1146 T.
1720 1108 1773 1146 Et
1795 1120 1839 1146 re

216 1185 334 1220 uera,
360 1173 394 1211 si
422 1174 486 1212 fas
510 1181 576 1212 est
608 1174 753 1213 diuina
785 1176 965 1214 consilia
1000 1176 1220 1227 inquirere
1253 1180 1295 1215 et
1319 1172 1622 1229 peruestigare
1653 1180 1838 1218 humana

215 1244 483 1293 coniectura,
517 1258 614 1284 cum
637 1246 915 1293 Bilhiomum,
941 1259 1037 1285 cum
1060 1247 1279 1298 Apamias,
1320 1261 1416 1287 cum
1439 1249 1698 1301 Lugdunum
1722 1249 1839 1289 deni-

215 1328 300 1366 que
322 1316 374 1365 (si
395 1329 465 1354 res
484 1322 764 1364 maturescat,
786 1323 831 1355 ut
848 1318 998 1369 spero)
1015 1318 1189 1357 intueor
1206 1332 1258 1358 ac
1279 1321 1567 1371 contemplor,
1587 1321 1739 1359 uidere
1759 1321 1838 1359 iam

215 1386 369 1425 uideor
390 1388 505 1437 pium
528 1388 702 1426 Patrem
724 1394 920 1428 nostrum
942 1402 993 1427 ac
1010 1390 1255 1436 Dominum,
1281 1391 1424 1430 Iesum
1441 1391 1678 1440 Christum,
1702 1393 1744 1430 in
1762 1392 1839 1443 spi-

214 1457 299 1495 ritu
328 1458 519 1497 lenitatis
551 1463 594 1497 et
616 1460 776 1498 amoris
808 1460 938 1507 uelle,
963 1460 1154 1511 alioquin
1184 1461 1445 1501 inflexibiles
1472 1464 1694 1502 hominum
1726 1477 1840 1503 men-

213 1534 296 1576 tes,
321 1530 544 1581 corrigere
568 1535 610 1568 et
632 1532 685 1569 ab
705 1544 854 1570 errore
872 1531 1110 1571 uindicare.
1133 1533 1218 1583 Qui
1240 1534 1354 1572 enim
1370 1534 1466 1573 fieri
1486 1535 1664 1586 poterit,
1684 1541 1730 1573 ut
1746 1549 1840 1587 per-

213 1599 366 1637 sistant
387 1600 530 1639 adhuc
549 1601 568 1626 b
590 1601 881 1653 undequaque
902 1604 1000 1641 luce
1023 1603 1221 1642 ueritatis
1251 1610 1383 1656 atque
1405 1604 1642 1656 splendore
1673 1608 1839 1657 percul-

213 1669 268 1709 si?
290 1671 337 1710 R.
363 1672 408 1710 P.
435 1672 706 1720 Paschasius,
731 1674 801 1724 qui
820 1673 974 1712 diebus
998 1674 1155 1726 elapsis
1178 1675 1439 1714 Bilhiomum
1460 1676 1602 1715 iuerat
1623 1676 1839 1717 inuisendi

215 1742 389 1793 collegij
444 1743 598 1793 gratia,
648 1748 787 1782 totam
834 1745 1016 1784 huiusce
1070 1746 1237 1797 negotij
1285 1747 1554 1797 prouinciam
1608 1754 1652 1787 et
1697 1761 1839 1787 curam

215 1813 262 1851 R.
297 1814 342 1850 P.
367 1814 590 1864 Baptistae
613 1813 625 1832 ²
647 1814 901 1866 diligentiae
933 1816 1169 1864 mandauit,
1193 1817 1266 1868 qui
1287 1818 1548 1869 Lugdunum
1569 1820 1707 1859 iturus
1730 1826 1835 1868 erat,

214 1889 261 1921 ut
283 1883 426 1923 omnia
446 1891 730 1935 percontatus
752 1885 987 1938 diligenter
1010 1893 1141 1939 atque
1163 1888 1357 1936 rimatus,
1383 1889 1618 1929 certiorem
1641 1892 1688 1930 R.
1710 1893 1756 1930 P.
1788 1892 1836 1930 T.

215 1959 259 1992 et
280 1967 327 1993 se
348 1954 524 1994 tandem
545 1957 727 1996 faceret.
753 1959 871 1997 Deus
893 1959 965 2010 qui
986 1959 1142 1998 author
1163 1960 1326 2011 primus
1358 1966 1425 1999 est
1448 1961 1597 2012 optimj
1631 1961 1838 2014 cuiusque

214 2024 437 2075 desiderij,
467 2027 560 2078 ipse
581 2028 780 2078 perficiat
811 2043 864 2068 ac
883 2029 1054 2081 faueat
1086 2030 1351 2081 auspicatis.
1376 2032 1677 2072 Renouarunt
1705 2033 1838 2073 etiam

215 2095 453 2145 Bithiomi,
468 2100 671 2148 presente
692 2100 744 2138 R.
766 2100 815 2139 P.
837 2101 1105 2149 Paschasio,
1123 2115 1209 2140 sua
1230 2105 1340 2141 uota
1363 2116 1526 2149 omnes,
1544 2117 1720 2156 magna
1740 2117 1838 2144 cum
1883 2093 1899 2143 Ϊ,

220 2167 456 2207 deuotione
479 2182 533 2208 ac
551 2169 747 2220 spiritus
769 2171 1030 2212 alacritate.

299 2239 461 2287 Habes,
494 2239 544 2279 R.
579 2241 646 2289 P„
671 2241 782 2292 quid
803 2243 887 2282 hoc
909 2243 1242 2294 quadrimestre
1264 2244 1447 2297 exigere
1464 2245 1611 2296 possis
1638 2259 1665 2285 a
1695 2245 1835 2286 nobis.

219 2309 394 2360 Magna
422 2309 601 2360 quidem
622 2311 759 2352 uinea
782 2313 891 2352 haec
911 2316 987 2361 est,
1021 2316 1061 2353 et
1087 2314 1320 2354 uindemia
1348 2316 1510 2363 multa,
1543 2315 1585 2354 si
1604 2318 1737 2356 modo
1761 2319 1837 2368 pa·
1883 2309 1887 2323 ¹

215 2379 376 2419 tienter
395 2382 539 2420 excoli
558 2382 782 2423 sustinere
804 2384 948 2432 uellet,
974 2387 1054 2423 ant
1071 2385 1277 2437 operarij
1299 2387 1359 2424 ad
1381 2386 1532 2425 minus
1549 2400 1640 2426 non
1656 2390 1837 2439 praepe-
1882 2402 1888 2432 τ

215 2450 316 2496 cuti,-
340 2452 549 2490 allatura
578 2455 730 2493 tamen
750 2454 799 2493 in
821 2455 1046 2506 futurum
1066 2455 1298 2496 uberiores
1329 2458 1472 2496 multo
1495 2459 1628 2508 atque
1656 2457 1837 2498 suauio-

214 2535 285 2561 res
299 2521 502 2573 fructas,
521 2523 562 2562 si
575 2524 929 2575 feruidissimae
950 2529 1054 2567 tuae
1076 2540 1129 2567 ac
1143 2527 1429 2579 reliquorum
1450 2529 1646 2569 Patrum
1669 2529 1836 2582 acfra-

215 2595 338 2632 trum
369 2594 572 2634 omniu-m
600 2596 832 2637 orationes
863 2600 1125 2639 conuertere
1147 2598 1195 2638 in
1224 2612 1307 2639 nos
1331 2602 1534 2652 pergant
1564 2599 1838 2640 lucidissimi
1883 2602 1891 2634 ἶ-

212 2663 323 2703 solis
342 2663 545 2705 iustitiae
567 2665 856 2718 influentiam
879 2682 931 2708 ac
952 2669 1111 2709 radios
1133 2669 1433 2722 benignitatis
1458 2684 1582 2711 suae.
1607 2673 1716 2711 Vale
1746 2670 1836 2724 igi·
1880 2658 1891 2728 ἰ

260 2813 281 2833 a
329 2813 539 2852 hactenus.
595 2817 661 2842 --b
682 2816 722 2853 in
740 2816 931 2854 tenebris.

263 2965 272 2985 ¹
330 2964 433 3002 Vide
452 2977 587 3011 supra,
608 2978 644 3012 p.
666 2964 746 3002 366.

261 3024 275 3045 ²
324 3023 371 3062 Ρ.
387 3024 450 3071 Jo.
472 3023 659 3072 Baptista
682 3025 815 3063 Viola.
