1908 3446
213 283 281 321 894
674 282 893 320 LITTERAE
919 281 1273 329 QUADRIMESTRES

165 399 268 425 rum
290 395 306 412 ἰ·
330 385 639 424 beneuolentia
660 384 835 423 deuicta
855 384 925 432 sit3
949 383 1066 435 quod
1088 390 1132 422 et
1153 397 1333 424 munere
1364 384 1552 437 quodam
1582 399 1670 427 non
1692 386 1781 427 exi-

164 472 266 506 guo,
292 460 425 497 multo
449 459 615 496 scilicet
638 470 758 503 auio,
785 456 1022 494 ostendere
1045 462 1203 495 conata
1224 462 1306 505 est,
1330 457 1447 507 quod
1465 459 1642 509 quidem
1663 473 1686 498 a
1706 473 1781 498 no-

165 531 228 567 bis
251 530 422 568 minime
446 535 671 579 receptum
696 533 776 575 est,
796 533 840 565 ut
864 526 1054 565 sanctius
1077 533 1122 565 et
1142 528 1355 579 integrius
1372 529 1426 568 ad
1443 529 1615 568 laudem
1634 531 1780 569 Domi·

1007 598 1031 645 ¹,
1065 598 1179 637 unde
1210 600 1346 639 multo
1378 603 1515 651 magis
1546 603 1705 641 crescit
1736 609 1780 640 et

164 602 203 650 nj
229 607 457 639 seruentur
479 601 775 639 institutiones
806 604 981 636 nostrae

161 686 280 710 amor
303 678 346 710 et
368 672 616 710 reuerentia
633 676 676 709 et
698 669 809 708 fides
832 669 1022 707 omnium
1046 682 1150 721 erga
1171 671 1458 712 Societatem.

214 746 251 782 8.
311 744 389 782 His
413 744 610 781 omnibus
637 741 880 793 perspectis
911 744 954 778 et
985 742 1181 791 quotidie
1214 744 1270 782 ob
1303 745 1456 782 oculos
1486 745 1777 792 uersantibus‚

163 819 305 853 motus
329 820 394 852 est
416 815 589 852 tandem
621 814 667 851 R.
701 814 884 851 antistes
914 816 1066 850 noster
1097 813 1150 851 ad
1181 814 1532 854 subueniendum
1553 816 1779 867 angustiae

161 886 281 924 aedis
303 899 465 933 sacrae,
490 898 600 936 quae
623 885 878 923 accessione
902 886 1072 936 residuj
1094 886 1249 924 domus
1270 886 1553 935 inhaerentis,
1574 887 1677 925 satis
1694 901 1779 925 am-

163 959 229 1007 pla
251 958 439 995 ecclesia
459 956 573 994 facta
594 961 677 1003 est,
701 956 741 993 in
763 956 1071 1007 proximasque
1094 957 1345 995 adiacentes
1366 958 1500 996 aedes
1520 971 1601 996 nos
1618 958 1780 996 habita-

161 1043 206 1066 re
230 1029 452 1078 coepimus
474 1027 615 1065 idibus
636 1027 735 1076 Maj,
760 1039 887 1077 quam
909 1027 1012 1065 satis
1034 1028 1218 1078 amplam
1236 1027 1413 1066 domum
1435 1028 1614 1067 donauit
1631 1029 1779 1068 Socie-

160 1100 250 1138 tati.
274 1100 449 1137 Interim
469 1101 786 1148 praeparatur
805 1098 825 1122 b
841 1098 883 1136 in
905 1098 998 1136 dies
1019 1099 1157 1150 magis
1180 1100 1382 1147 ecclesia,
1406 1100 1578 1151 iamque
1595 1100 1689 1139 fere
1706 1101 1778 1139 ab·

161 1173 301 1209 soluta
322 1177 404 1218 est,
430 1171 511 1209 etsi
532 1184 556 1208 a
577 1170 646 1208 die
670 1169 969 1208 sanctissimae
993 1170 1217 1208 Trinitatis
1239 1171 1365 1209 nobis
1388 1171 1485 1209 usui
1504 1172 1584 1210 fuit
1613 1176 1778 1210 utcum-

160 1256 242 1293 que
265 1249 282 1267 0
303 1249 346 1280 et
368 1243 501 1280 sacris
525 1247 568 1279 et
591 1241 877 1279 concionibus
897 1241 1175 1292 peragendis.
1208 1242 1286 1280 Illo
1317 1254 1503 1293 namque
1536 1241 1777 1282 Sanctissi-

158 1328 256 1353 mae
299 1312 539 1352 Trinitatis
574 1313 593 1338 d
619 1312 755 1364 prima
790 1313 946 1351 concio
982 1326 1006 1351 a
1040 1314 1087 1351 R.
1126 1315 1173 1352 P.
1197 1319 1349 1352 nostro
1373 1319 1418 1352 et
1437 1315 1603 1364 primae
1621 1315 1776 1354 missae

158 1391 341 1436 coeptae
364 1390 463 1423 sunt
494 1385 721 1431 celebrari,
758 1397 844 1435 quo
880 1385 1011 1423 etiarn
1046 1384 1116 1423 die
1149 1385 1325 1434 juuenis
1356 1386 1529 1436 quidam
1558 1386 1777 1426 haebreus

157 1458 400 1508 baptizatus
422 1463 488 1495 est
509 1458 561 1495 ab
593 1457 819 1508 episcopm
850 1459 926 1510 qui
958 1456 1089 1496 etiam
1121 1457 1322 1508 religioni
1354 1471 1401 1496 se
1433 1457 1632 1507 deuouit3
1665 1471 1776 1509 quae

159 1529 299 1567 omnia
320 1528 508 1567 maximo
529 1529 677 1579 populi
699 1542 915 1568 concursu
938 1529 1257 1567 solemnissime
1278 1529 1393 1567 facta
1413 1535 1513 1568 sunt
1533 1530 1587 1568 ad
1603 1530 1775 1569 laudem

157 1599 365 1638 altissimi.
385 1600 564 1638 Munera
585 1600 715 1638 etiam
735 1606 892 1651 postea
915 1599 1025 1639 istae
1047 1607 1064 1625 e
1086 1605 1264 1639 nostrae
1287 1600 1503 1640 ecclesiae
1525 1601 1537 1626 f
1567 1607 1774 1640 recenter

156 1678 310 1710 auctae
347 1673 491 1710 oblata
526 1677 623 1710 sunt
652 1684 676 1710 a
709 1672 792 1723 pijs
826 1672 1082 1723 quibusdam
1118 1673 1220 1711 uiris
1252 1678 1297 1711 et
1326 1673 1594 1712 mulieribus.
1625 1674 1776 1713 Serica

157 1744 301 1781 altaris
336 1742 474 1793 pallia,
511 1743 725 1781 dalmatae
748 1751 770 1776 g
798 1743 980 1791 sericae,
1019 1743 1125 1793 corij
1149 1743 1322 1794 quidam
1357 1744 1571 1791 deaurati,
1595 1745 1775 1783 calicem

160 1813 248 1865 {sic}
272 1827 446 1865 quoque
467 1818 725 1865 argenteum
749 1826 846 1853 cum
866 1820 1040 1865 patena,
1063 1820 1207 1853 totum
1229 1815 1411 1866 egregie
1439 1816 1709 1860 deauratum,
1732 1821 1776 1854 et

158 1886 309 1923 similia
330 1885 382 1923 ad
407 1890 603 1923 ornatum
631 1885 651 1910 ¹¹
673 1886 839 1936 templi3
875 1886 1083 1937 pleraque
1105 1886 1187 1924 alia
1208 1899 1233 1924 a
1259 1886 1405 1925 multis
1426 1887 1639 1938 promissa
1660 1892 1772 1925 sunt.

157 1958 359 2007 Sculptor
382 1957 510 1995 etiam
532 1957 982 2013 quidamparmensiS,
1016 1958 1058 1996 in
1089 1963 1182 1996 arte
1215 1972 1291 1996 sua
1320 1958 1516 2009 insignis,
1541 1972 1588 1996 se
1620 1963 1774 2009 sponte

158 2029 313 2066 obtulit
336 2034 378 2066 et
400 2029 633 2079 spopondit
655 2042 702 2067 se
739 2034 988 2067 erecturum
1016 2029 1027 2054 ἰ
1058 2030 1192 2067 altare
1212 2028 1224 2061 J'
1254 2043 1545 2069 marmoreum
1567 2035 1611 2068 et
1633 2030 1775 2081 capel-

156 2100 238 2137 lam
268 2113 364 2137 cum
400 2101 682 2138 tabernaculo
715 2113 963 2139 marmoreo
996 2106 1040 2138 et
1070 2100 1238 2152 figuris,
1275 2101 1406 2151 idque
1440 2101 1555 2139 bona
1576 2114 1631 2139 ex
1652 2107 1773 2151 parte

154 2171 301 2221 gratiS,
326 2170 379 2208 ad
400 2171 517 2221 quod
537 2171 785 2210 faciendum
807 2172 960 2209 mulier
996 2171 1209 2222 quaedam
1239 2172 1398 2210 nobilis
1428 2171 1511 2210 iam
1533 2172 1655 2210 dedit
1675 2185 1775 2210 cen-

160 2245 250 2278 tum
273 2254 445 2289 aureos,
470 2242 681 2292 siquidem
701 2242 721 2266 k
755 2243 829 2280 uix
855 2242 1009 2293 perfici
1043 2243 1209 2293 poterit
1243 2243 1544 2294 quadrigentis
1572 2243 1740 2281 ducatis
1764 2244 1772 2267 ¹

155 2311 273 2350 iuxta
293 2313 625 2363 pulcherrimam
648 2314 881 2352 schematis
897 2314 1096 2361 formam,
1115 2327 1225 2364 quae
1247 2328 1271 2352 a
1288 2315 1510 2364 sculptore
1533 2315 1626 2365 ipso
1644 2327 1774 2352 exco-

155 2384 289 2434 gitata
310 2390 391 2422 est.
416 2385 508 2422 Nos
531 2398 682 2423 omnes
710 2385 790 2434 Dej
815 2385 954 2436 gratia
973 2386 1088 2424 bene
1126 2386 1321 2424 ualemus
1346 2386 1520 2433 [Preces
1536 2387 1771 2436 postulat.]

154 2456 353 2504 Venetijs
370 2460 522 2506 quarto
540 2456 758 2494 Kalendas
780 2456 1002 2504 Octobris,
1027 2457 1141 2504 1560.
1162 2456 1212 2495 T.
1233 2457 1278 2495 R.
1297 2458 1341 2495 P.
1360 2469 1513 2495 seruus
1531 2457 1615 2495 ind.
1632 2457 1675 2495 in
1691 2458 1774 2506 X.⁰‚

1116 2558 1286 2597 CAESAR
1317 2566 1347 2583 ¹¹²
1376 2560 1553 2598 HELMUS
1582 2559 1612 2598 ².

200 2699 218 2717 a
241 2691 415 2737 vulgari.
489 2691 554 2715 —b
575 2690 823 2728 concinatur.
899 2699 966 2717 -0
985 2695 1205 2737 utcumque
1239 2695 1377 2736 supra
1412 2701 1521 2727 vers.
1599 2691 1665 2716 —d
1695 2691 1772 2728 die.

153 2758 217 2776 —e
233 2749 336 2786 huie.
415 2749 472 2774 —f
494 2749 692 2786 ecelesiae
718 2755 855 2796 supra
881 2761 990 2787 vers.
1077 2749 1407 2786 —gdalmaticae
1484 2749 1550 2775 —h
1579 2756 1618 2786 et
1644 2762 1772 2787 vsum.

151 2810 209 2835 ——i
242 2809 426 2846 Enzend.
463 2819 514 2845 ex
547 2812 813 2846 errecturum.
890 2809 945 2842 -J'
990 2809 1120 2846 altere
1150 2818 1230 2845 ms.
1306 2810 1373 2834 —k
1405 2808 1499 2847 Del.
1532 2808 1771 2856 quadruplo.

153 2870 209 2894 —l
238 2872 282 2910 Δ,
303 2880 381 2905 ms,
435 2876 513 2893 -m
531 2867 667 2905 Prius
687 2867 905 2905 Caesarus.

197 3024 206 3043 ¹
260 3023 322 3060 Cf.
341 3024 563 3061 Constitut.
582 3024 674 3060 Soc.
685 3024 811 3070 sesu,
828 3031 930 3071 part.
946 3025 1017 3070 VI,
1035 3038 1068 3062 c.
1085 3026 1134 3069 II,
1151 3038 1189 3063 n.
1206 3025 1241 3072 7;
1256 3030 1296 3062 et
1312 3030 1412 3073 part.
1426 3025 1520 3071 VII,
1534 3038 1568 3062 c.
1585 3024 1660 3068 IV,
1679 3037 1718 3062 n.
1735 3025 1769 3062 4.

198 3083 211 3102 ²
262 3082 438 3129 Collegii
458 3088 603 3120 rector.
624 3082 732 3120 Vide
751 3097 788 3130 p.
809 3085 866 3129 45,
888 3091 1024 3122 annot.
1048 3086 1079 3121 1.
