1908 3446
514 239 876 277 350.-—COMPLUTO
898 237 945 275 29
970 235 1209 274 FEBRUARH
1239 234 1328 272 1560
1615 232 1685 270 543

105 337 218 375 fama
239 342 306 375 est
329 335 518 375 omnium
541 336 729 386 optimos
751 347 802 373 ac
822 332 1221 385 praestantissimos
1253 331 1477 370 auditores
1500 341 1597 367 esse
1632 341 1730 366 nos·

105 414 212 447 tros.
236 408 408 445 Etenim
430 419 527 445 cum
549 405 630 457 ipsi
651 404 839 456 ingenijs
870 410 970 442 sunt
998 416 1207 455 perquam
1238 402 1359 449 raris,
1392 407 1482 440 turn
1516 400 1731 438 exercita-

106 479 166 517 tio
190 478 436 529 disputandi
471 477 789 528 relegendique
821 475 1073 526 quotidiana
1104 487 1200 513 curn
1232 474 1401 524 priuata
1433 473 1642 522 cuiusque
1672 471 1731 508 di-

106 550 285 601 ligentia
306 550 554 596 coniuncta,
579 549 762 586 multum
785 561 830 586 se
854 547 1012 597 ubique
1043 545 1200 596 prodat
1230 557 1415 583 necesse
1439 549 1521 582 est.
1545 542 1731 581 Accedit

106 620 159 658 ad
176 621 261 658 hoc
278 621 395 671 quod
411 624 703 670 praeceptore
721 624 899 657 utuntur
917 617 1048 664 domi,
1068 622 1115 654 ut
1133 621 1200 655 est
1219 616 1408 654 omnium
1427 615 1588 665 opinio,
1613 626 1732 652 acer-

105 692 212 729 rimo
245 691 369 729 simul
404 703 455 728 ac
491 691 795 737 solertissimo,
828 689 881 727 ad
910 687 1192 740 publicasque
1225 687 1439 725 lectiones
1460 698 1548 723 non
1582 697 1732 735 parum

106 761 208 800 facit
229 761 488 800 domestica.
514 762 643 799 Pater
675 762 790 799 enim
821 761 876 798 M.
911 761 1030 798 Deza
1053 765 1058 782 ¹
1084 758 1138 797 de
1161 759 1292 796 tertia
1314 759 1366 796 D.
1391 758 1586 795 Thomae
1608 760 1731 807 parte

105 832 254 870 diserit
276 833 384 871 hora
414 833 639 879 matutina,
674 833 742 870 cui
773 831 967 870 nonnulli
998 836 1282 869 externorum
1303 829 1404 879 (nec
1426 829 1541 867 enim
1564 827 1732 866 cunctis

104 904 230 942 ianua
250 904 390 954 patet)
412 903 539 942 auide
570 904 788 941 intersunt
824 910 856 941 a.
890 901 1108 952 Theologi
1141 901 1299 939 fratres
1334 906 1434 939 sunt
1467 899 1730 951 quindecim,

108 975 377 1023 sedecimue‚
400 975 648 1026 philosophi
671 988 764 1013 sex.

156 1058 194 1095 3.
255 1048 495 1086 Coeterum
530 1047 736 1098 quicquid
772 1061 827 1085 ex
859 1047 1096 1086 Societatis
1132 1050 1199 1084 est
1229 1044 1446 1091 instituto,
1479 1043 1730 1081 incarcere

103 1118 321 1165 adeundo,
345 1119 387 1156 in
409 1120 693 1157 sacramentis
710 1117 1074 1165 administrandis,
1095 1116 1285 1165 dissidijs
1302 1120 1432 1166 atque
1454 1114 1691 1163 inimicitijs
1713 1114 1732 1138 b

104 1189 434 1239 componendis,
460 1189 729 1228 consolando
764 1202 999 1240 oppressos
1029 1188 1200 1235 morbo,
1225 1185 1455 1225 animando
1478 1185 1729 1233 morituros,

105 1259 415 1311 exercitijsque
438 1261 732 1312 spiritualibus
748 1260 987 1308 tradendis,
1007 1250 1118 1298 adeo
1137 1259 1371 1310 diligenter
1392 1257 1535 1309 agitur
1557 1262 1602 1296 et
1622 1262 1732 1295 trac-

104 1337 233 1379 tatur,
258 1337 304 1369 ut
327 1345 379 1370 ea
399 1332 441 1370 in
462 1333 569 1371 urbe
592 1333 673 1370 hac
695 1339 711 1358 c
738 1333 876 1370 nostri
908 1331 1083 1382 collegij
1117 1330 1383 1369 existimatio
1420 1329 1488 1376 sit,
1519 1341 1631 1380 quae
1652 1328 1733 1366 fuit

103 1403 330 1451 hactenus,
368 1403 553 1454 eritque,
578 1404 753 1442 Christo
785 1404 979 1450 fauente,
1014 1415 1186 1453 semper
1217 1400 1559 1452 religiosissima.
1585 1401 1731 1450 Quare

105 1487 201 1513 cum
223 1474 277 1512 ad
299 1475 579 1526 suspendium
609 1489 747 1526 nuper
777 1488 878 1514 reus
909 1474 1082 1525 quidam
1118 1473 1370 1520 duceretur,
1395 1486 1530 1523 seque
1552 1472 1624 1510 vel
1646 1472 1732 1509 dia-

102 1546 246 1584 bolica
266 1551 358 1585 arte
382 1546 610 1597 deceptus,
643 1547 716 1585 vel
748 1547 916 1593 callida,
950 1545 1066 1596 quod
1095 1545 1315 1592 existimo,
1341 1544 1612 1595 cogitatione
1634 1556 1732 1593 pro-

102 1617 288 1668 pinquae
320 1619 472 1656 mortis
503 1617 783 1669 effugiendae
814 1618 1021 1664 imbutus,
1055 1617 1348 1655 lutheramum
1370 1628 1416 1653 re
1440 1614 1532 1665 ipsa
1553 1615 1732 1653 demon—

104 1693 276 1736 straret,
309 1703 452 1740 neque
484 1689 641 1728 adduci
671 1693 838 1740 posset,
871 1694 919 1726 ut
950 1701 1027 1727 sua
1055 1693 1240 1739 peccata
1270 1686 1492 1725 sacerdoti
1522 1686 1729 1738 aperiret,

102 1761 262 1811 populo
295 1761 584 1799 vehementer
605 1761 647 1798 in
669 1760 883 1799 eiusmodi
913 1773 961 1798 re
993 1765 1231 1806 commoto,
1266 1758 1451 1797 duorum
1482 1770 1537 1796 ex
1567 1757 1731 1796 nostris

104 1844 253 1882 opera,
276 1833 347 1883 qui
368 1832 540 1870 fuerant
562 1845 586 1870 a
606 1832 903 1883 gubernatore
934 1831 1078 1878 acciti,
1111 1835 1340 1868 reuotatus
1362 1830 1415 1867 ab
1438 1829 1532 1880 ipsa
1553 1829 1669 1867 scala
1689 1828 1731 1865 in

14 1935 19 1948 ,
45 1945 46 1948 ¹
104 1915 412 1955 carceremque
435 1904 642 1942 reductus
666 1910 747 1942 est.
773 1905 1004 1942 Postremo
1035 1909 1135 1953 post
1166 1902 1323 1940 multas
1346 1907 1391 1940 et
1410 1913 1568 1951 preces
1591 1906 1635 1938 et
1657 1900 1731 1938 mi-

102 1987 178 2013 nas
199 1975 358 2013 frustra
389 1982 684 2026 consumptas,
710 1988 787 2013 sua
817 1978 973 2026 sponte
1003 1974 1204 2013 confiteri
1235 1974 1350 2011 uelle
1382 1986 1429 2011 se
1452 1973 1575 2020 dixit,
1599 1977 1731 2023 atque

103 2047 301 2085 meritam
323 2048 519 2099 corporis
540 2060 696 2086 necem
718 2060 806 2085 non
824 2059 922 2085 sese
945 2058 1169 2092 recusare,
1190 2050 1236 2083 ut
1257 2051 1468 2083 aeternae
1490 2044 1607 2082 vitae
1631 2056 1731 2082 con-

103 2119 281 2166 suleret,
306 2124 508 2166 testatus,
533 2120 686 2156 Patres
709 2118 945 2157 Societatis
969 2117 1150 2156 eosdem
1172 2116 1340 2155 accersi
1362 2116 1442 2154 sibi
1463 2115 1730 2166 impetrauit3

102 2202 212 2239 quos
232 2195 353 2228 tanta
375 2202 472 2228 cum
493 2191 780 2240 lacrymarum
802 2189 1157 2240 singultuumque
1180 2188 1306 2238 copia
1324 2187 1515 2237 excepit,
1541 2186 1731 2237 comple-

103 2273 270 2310 xusque
293 2265 358 2299 est
379 2262 535 2312 palam,
559 2265 605 2299 ut
626 2261 759 2311 vulgo
784 2265 904 2298 esset
937 2260 1060 2311 quasi
1094 2259 1319 2298 miraculo.
1356 2257 1519 2308 Ijsdem
1554 2257 1730 2296 demum

103 2331 425 2380 comitantibus,
448 2338 628 2383 postera
644 2331 714 2370 die
734 2330 975 2382 productus
999 2335 1042 2369 et
1063 2331 1105 2369 in
1127 2343 1284 2382 magna
1304 2330 1595 2381 spectantium
1612 2328 1731 2367 aedi-

101 2402 307 2441 ficatione
329 2389 625 2455 strangulatus
646 2403 872 2455 pependit.
1660 2388 1668 2393 ¹

154 2485 193 2523 4.
252 2475 498 2525 Antequam
536 2475 843 2526 digrederetur
877 2474 978 2513 hinc
1014 2475 1060 2512 P.
1098 2473 1355 2511 Franciscus
1390 2477 1417 2519 ²,
1458 2470 1731 2523 probationis

103 2545 293 2594 domum,
321 2547 441 2585 euius
461 2547 545 2585 iam
566 2546 733 2597 pridem
756 2545 991 2597 collegium
1011 2545 1210 2597 indigere
1232 2544 1479 2591 videbatur,
1502 2543 1730 2581 instituen-

103 2616 199 2656 dam
222 2618 649 2668 confirmandamque
672 2619 853 2656 curauit.
878 2619 1026 2656 Habet
1044 2618 1131 2655 hoc
1157 2615 1424 2655 domicilium
1458 2613 1729 2653 mediocrem

149 2801 168 2819 a
199 2793 421 2832 instersunt
440 2804 520 2831 ms.
575 2795 640 2820 —b
660 2793 696 2831 ci
713 2799 851 2840 supra
867 2804 1056 2830 versum.
1110 2801 1174 2819 —0
1202 2793 1293 2839 Seq.
1316 2805 1366 2829 ex
1385 2791 1512 2829 delet.

151 2987 160 3007 ¹
214 2986 258 3022 P.
278 2985 515 3032 Alphonsus
534 2986 662 3023 Deza.
685 2985 749 3024 Cf.
769 2986 883 3023 Slus.
906 2984 1169 3022 Francz‘scus
1188 2984 1363 3031 Borgia,
1385 2982 1455 3027 III,
1477 2982 1559 3020 467.

149 3045 163 3065 ²
212 3044 322 3083 Stus.
342 3045 584 3083 Franciscus
603 3045 767 3093 Borgia.
