1908 3446
255 219 320 257 198
732 220 950 257 LITTERAE
976 221 1332 266 QUADRimsssrREs

207 334 358 359 eorum
389 321 726 360 necessitatibus
766 325 1010 360 sucurrunt.
1040 322 1094 359 Et
1124 318 1434 370 praeterlapsis
1468 316 1622 355 diebus
1643 322 1821 356 vocatus
1870 342 1872 356 .

209 397 275 429 est
310 392 364 430 M.
402 392 588 430 Ioannes
624 392 805 430 Redtius
841 405 1003 444 regens
1033 398 1051 416 ἃ
1087 390 1141 429 ad
1176 389 1473 427 Minoritarum
1509 387 1769 427 coenobium
1800 401 1822 428 a
1866 378 1872 426 ,ἶ

207 468 392 514 quatuor
424 462 675 502 consulibus
705 463 1003 501 vniuersitatis
1025 459 1339 513 prouisoribus‚
1361 459 1433 510 qui
1462 459 1548 497 illic
1577 471 1662 508 quo
1686 458 1820 498 animo
1870 497 1872 506 ,

208 535 420 572 hactenus
443 547 549 586 erga
578 547 658 572 nos
688 535 878 581 fuerunt,
902 547 989 572 non
1018 533 1206 572 obscure
1229 531 1490 577 docuerunt,
1512 530 1531 554 b
1555 529 1822 568 commenda-

207 607 311 644 bant
350 606 528 644 labores
569 611 613 644 et
649 605 918 656 diligentiam
951 613 981 652 ⁰,
1019 608 1066 642 vt
1103 616 1224 654 spem
1264 614 1464 653 magnam
1500 601 1823 651 conceperimus
1869 618 1882 655 '.

210 677 328 729 quod
349 678 535 728 posthac
556 681 708 728 aperte
730 677 856 714 nobis
874 677 1073 714 fauorem
1094 675 1340 726 prebebunt
1357 673 1391 711 d.
1415 673 1532 711 Inter
1555 678 1730 710 caetera
1757 672 1823 710 ob·
1870 656 1871 660 Ἰ

210 749 403 786 tulerunt
436 748 476 785 ei
507 747 828 793 canonicatum3
864 759 1017 784 verum
1051 751 1237 784 nouerat
1259 757 1422 795 regens
1443 751 1460 768 e
1483 742 1551 782 cui
1581 741 1822 783 crediderit.

211 824 255 857 et
277 817 345 856 cui
375 818 506 856 fidem
529 817 716 865 dederit,
750 816 934 868 proinde
953 816 1155 867 religioni
1177 827 1281 853 suae
1303 828 1389 853 non
1411 814 1654 861 immemor,
1677 814 1825 853 hones·
1870 809 1872 857 J

210 895 254 927 te
277 888 512 928 recusauit.
539 889 665 938 Quae
695 900 764 925 res
787 888 977 926 omnium
999 887 1166 924 animos
1201 886 1261 924 ita
1289 885 1520 936 permouit,
1552 890 1599 923 vt
1628 884 1710 923 iam
1733 897 1826 936 cog·
1870 865 1872 873 .

209 972 396 999 noscere
418 959 625 1010 incipiant
646 959 750 997 nihil
786 959 857 997 hic
878 958 995 997 aliud
1015 971 1097 996 nos
1119 957 1385 1004 desiderare,
1407 970 1534 1007 quam
1557 963 1604 995 vt
1632 957 1827 996 iuuentus
1870 937 1874 950 .

210 1032 252 1069 in
273 1030 411 1069 literis
434 1034 478 1069 et
499 1031 580 1082 piis
602 1030 796 1069 moribus
817 1030 887 1081 pie
909 1030 1173 1075 instituatur,
1199 1034 1243 1066 et
1264 1029 1487 1079 proximus
1509 1027 1753 1066 adiuuetur.

267 1113 326 1140 11.
388 1103 543 1140 Pastor
574 1105 751 1139 nostrae
773 1101 1006 1152 parochiae
1038 1099 1165 1138 nobis
1186 1099 1438 1138 facultatem
1471 1099 1656 1137 contulit
1682 1099 1828 1148 quouis
1871 1133 1873 1138 .

210 1177 411 1224 tempore
446 1173 756 1224 discipulorum
796 1177 1046 1210 nostrorum
1088 1170 1392 1209 confessiones
1429 1170 1648 1217 audiendi,
1685 1170 1757 1220 qui
1791 1169 1829 1208 in
1871 1201 1873 1207 .

213 1244 305 1283 eius
334 1245 543 1295 parochia
564 1243 745 1295 degunt.
782 1243 837 1281 Et
857 1243 929 1281 hic
957 1243 1189 1293 episcopus
1219 1246 1370 1280 noster
1404 1245 1411 1264 ¹
1448 1241 1534 1280 hoc
1563 1240 1701 1292 ipsum
1735 1240 1829 1280 alias
1871 1237 1872 1258 ³

213 1316 267 1354 de
297 1316 475 1367 reliquis
507 1315 706 1354 omnibus
736 1315 878 1362 nobis,
918 1321 1105 1366 excepta
1138 1313 1357 1366 paschatis
1388 1312 1683 1359 solemnitate,
1706 1310 1828 1363 impe-

212 1387 358 1436 trauit,
382 1387 630 1438 priusquam
652 1387 694 1425 in
718 1385 972 1437 episcopum
992 1387 1108 1425 foret
1132 1387 1312 1425 electus,

272 1470 331 1498 12.
393 1459 522 1497 Venit
552 1459 682 1497 etiarn
705 1457 759 1496 ad
780 1470 860 1496 nos
883 1457 1037 1496 diebus
1068 1458 1162 1496 istis
1184 1456 1386 1495 dominus
1406 1460 1554 1506 pastor
1583 1455 1831 1506 popardien-
1870 1462 1874 1489 2

215 1532 273 1570 sis
295 1532 323 1578 2,
347 1543 433 1569 vna
455 1544 552 1569 cum
574 1530 658 1569 alio
681 1529 870 1580 quodam
893 1528 1108 1578 studioso,
1133 1542 1263 1580 quem
1298 1527 1341 1565 in
1371 1527 1620 1566 conuictum
1646 1531 1832 1565 nostrum
1883 1563 1885 1567 ,

214 1603 474 1654 recepimus.
498 1603 617 1640 Inter
639 1601 721 1640 alia
742 1602 877 1641 multa
897 1602 1052 1654 quibus
1075 1601 1340 1641 ostendebat
1361 1600 1490 1639 facile
1510 1600 1636 1638 nobis
1658 1598 1832 1637 dandam
1882 1595 1885 1637 ζ

214 1674 547 1714 vniuersitatem
576 1678 897 1722 treuerensem,
922 1675 957 1713 si
988 1673 1175 1726 operarii
1205 1674 1445 1720 mittantur,
1478 1672 1608 1710 etiam
1636 1670 1834 1710 indicauit
1866 1680 1869 1697 ³

214 1759 299 1797 quo
318 1747 460 1785 animo
483 1746 576 1796 ipse
606 1746 819 1784 hactenus
849 1746 981 1784 fuerit
1010 1748 1068 1784 ad
1101 1746 1112 1770 f
1146 1746 1431 1785 Societatem.
1464 1743 1661 1781 Incertus
1683 1749 1704 1775 g
1732 1753 1834 1780 sem-

214 1833 290 1871 per
320 1819 401 1857 fuit
432 1824 476 1856 et
507 1818 663 1856 dubius
684 1817 887 1869 quidnam
918 1830 1067 1869 agere,
1107 1821 1149 1855 et
1180 1830 1265 1867 quo
1298 1815 1431 1854 vitam
1463 1828 1583 1853 suam
1615 1812 1833 1852 instituere
1873 1835 1876 1848 ι

216 1891 419 1938 deberet;
442 1903 531 1928 non
549 1889 664 1928 enim
686 1889 867 1927 multum
889 1890 931 1927 in
947 1889 1154 1940 pastorali
1170 1889 1253 1927 hac
1274 1888 1355 1926 sibi
1378 1900 1480 1926 cura
1500 1886 1715 1937 placebat.
1735 1885 1834 1923 Tan·
1874 1871 1886 1910 ³³1

216 1962 316 2001 dem
337 1961 411 2001 vbi
431 1961 502 2000 hic
523 1974 620 2000 cum
643 1962 691 1999 R.
718 1962 761 1999 P.
785 1960 1016 1999 Leonarclo
1039 1962 1212 1999 locutus
1243 1964 1324 2007 est,
1349 1959 1524 1998 omnino
1547 1971 1594 1996 se
1617 1956 1670 1996 ad
1697 1956 1834 1996 Socie-
1871 1968 1886 2016 Ἀ

215 2040 351 2073 tatem
373 2038 566 2072 nostram
597 2033 784 2070 animum
815 2031 1036 2070 addixisse
1067 2031 1345 2083 significauit,
1370 2030 1549 2080 cupiens
1569 2031 1615 2068 vt
1644 2027 1697 2067 ad
1731 2028 1835 2066 illam
1862 2038 1883 2063 ε

216 2118 293 2158 per
316 2105 565 2156 superiores
596 2104 954 2143 admittereturh.
981 2103 1107 2142 Nunc
1136 2108 1283 2141 autem
1304 2101 1358 2140 ad
1389 2114 1551 2140 curam
1577 2113 1710 2139 suam
1737 2108 1747 2125 ¹
1778 2111 1836 2138 re·
1873 2113 1883 2151 ,ιε

217 2190 386 2224 uerSUS‚
411 2181 457 2214 vt
478 2176 660 2227 negotia
680 2174 766 2214 illic
787 2187 867 2214 sua
887 2174 1009 2213 iuxta
1030 2173 1266 2214 Societatis
1288 2172 1511 2212 arbitrium
1543 2169 1877 2223 οοῐηροηθῐεῒςῖ

216 2254 374 2300 postea
394 2260 442 2286 se
462 2252 604 2287 totum
626 2248 801 2287 Christo
825 2259 1088 2287 consecrare
1111 2245 1339 2296 disposuit,
1364 2256 1388 2282 a
1409 2256 1495 2294 quo
1520 2244 1650 2282 etiam
1671 2255 1782 2281 nunc
1799 2241 1836 2281 in
1862 2220 1881 2284 ζ’

219 2320 313 2359 dies
342 2319 491 2358 literas
524 2325 823 2371 expectamus.
862 2320 936 2357 Vir
969 2323 1035 2356 est
1070 2317 1142 2368 qui
1177 2316 1230 2355 ad
1265 2316 1399 2354 multa
1435 2316 1515 2354 erit
1550 2315 1593 2354 in
1622 2312 1878 2355 Societatelz

222 2392 487 2431 commodus
516 2390 528 2422 J'
565 2396 609 2429 et
629 2403 707 2442 per
729 2403 858 2442 quem
880 2389 963 2428 Dei
980 2389 1120 2441 gloria
1136 2392 1180 2426 et
1200 2399 1362 2426 nomen
1378 2387 1506 2425 latius
1523 2384 1786 2424 diffundetur
1804 2383 1835 2422 ¹¹.
1869 2375 1875 2427 ξ

223 2463 404 2510 [Preces
427 2463 631 2513 postulat
661 2464 701 2502 et
721 2463 820 2501 vale
850 2461 990 2510 dicim
1017 2458 1230 2500 Coloniae
1251 2459 1294 2497 in
1316 2456 1506 2509 collegio
1527 2470 1646 2496 nouo
1669 2466 1839 2495 corona·
1862 2456 1876 2491 ὁ.

1869 2519 1877 2562 {¹

265 2631 285 2651 a
335 2635 481 2667 rector.
536 2630 601 2655 -b
626 2634 666 2665 et
685 2629 754 2665 ita.
809 2635 873 2654 ——0
899 2638 1029 2664 nram.
1096 2625 1162 2651 ——d
1194 2625 1300 2672 quod
1327 2637 1406 2662 non
1432 2623 1628 2661 hactenus
1654 2622 1838 2660 fecerant.
1865 2624 1877 2678 ,ᾗ

221 2699 287 2718 —⁴0
313 2696 459 2728 rector.
480 2686 483 2690 ’
513 2690 572 2715 ——f
598 2701 699 2735 erga
751 2695 819 2721 —g
841 2687 960 2725 enim.
1015 2686 1082 2712 ——h
1109 2684 1279 2722 admitti.
1345 2684 1403 2710 -ἰ
1440 2683 1695 2730 parrochiam
1719 2692 1836 2719 suam.
1863 2693 1885 2726 'ss

222 2752 278 2785 -j
307 2751 487 2788 idoneus.
542 2750 610 2776 —k
631 2753 707 2786 etc.
1869 2732 1872 2743 ¹

270 2914 278 2933 ¹
326 2912 506 2959 joannes
526 2910 772 2949 Gebhardus
792 2922 813 2947 e
833 2921 934 2947 com.
955 2908 1005 2945 de
1024 2906 1242 2944 Mansfeld.
1869 2895 1876 2930 ἕ

269 2973 282 2993 ²
331 2971 481 3009 Petrus
500 2970 628 3008 Fahe.
651 2970 713 3008 Cf.
735 2969 926 3012 HANSEN,
947 2968 972 3005 1.
994 2980 1028 3005 c.
1047 2967 1131 3010 330;
1157 2965 1515 3010 BRAUNSBERGER,
1547 2964 1599 3002 Β.
1628 2964 1752 3002 Petri
1775 2961 1837 3000 Ca·
1862 2954 1887 3031 'i'

223 3033 331 3072 nisit·
349 3032 502 3080 Epist..
522 3030 573 3077 ΙΙ,
593 3029 674 3076 488,
696 3029 776 3067 494.

1867 3057 1872 3072 ἱ

1868 2934 1875 2949 ι

1868 3035 1876 3055 ί

1867 3073 1873 3100 l

1867 3114 1878 3156 l
