1908 3446
197 184 261 220 644
658 183 874 219 LITTERAE
910 183 1265 226 QUADmMEsTREs

151 286 191 323 in
213 300 314 336 quo,
338 287 432 325 fusa
454 287 668 333 oratione,
692 286 892 323 veritatis
915 284 1215 335 cognitionem
1235 296 1322 321 vna
1345 295 1442 321 cum
1463 282 1631 333 ingenti
1653 280 1773 319 dolo-

152 369 198 394 re
222 363 265 394 et
289 358 606 406 lachrymarum
628 356 830 394 vbertate
862 356 1073 405 recaepit,
1101 360 1144 392 et
1166 354 1219 392 ad
1242 355 1416 392 Patrem
1438 354 1554 391 illum
1571 364 1775 390 reuersus

154 440 301 465 veram
326 429 499 466 omnino
519 428 635 465 vitae
660 428 1013 465 emendationem
1039 431 1106 463 est
1127 426 1362 476 pollicitus.

206 510 242 546 3.
306 499 491 548 Quidam
514 500 644 536 etiam
666 498 942 543 adolescens,
966 501 1197 547 postquam
1219 495 1261 533 in
1282 494 1543 545 profundum
1565 495 1776 531 malorum

158 570 476 613 descendisset,
503 571 643 608 Deum
664 569 969 619 propriamque
1002 569 1186 605 salutem
1224 571 1542 612 comtemnens,
1567 577 1614 602 se
1637 570 1776 602 toturn

155 640 328 679 demoni
353 642 535 679 deuouit
559 646 601 678 et
625 641 796 687 obtulit,
835 640 1094 689 scripsitque
1129 638 1481 689 chyrographum
1512 638 1554 674 in
1589 637 1777 675 certissi-

153 726 266 750 mum
304 713 552 750 donationis
587 711 902 749 testimonium.
928 712 966 748 Is
994 710 1171 747 tandem
1195 717 1213 734 a
1250 711 1484 747 Lauretum
1521 707 1778 758 confugiens

152 783 378 821 daemonis
401 784 661 821 seruitutem
694 783 849 829 euasit,
868 781 1116 831 nostrisque
1140 780 1383 826 confessus,
1404 779 1537 817 vitam
1558 778 1600 816 in
1623 778 1778 816 melius

155 856 459 893 commutauit.

205 938 242 975 4.
304 925 474 964 Nobilis
498 932 542 964 et
565 927 688 964 diues
723 926 909 976 quedam
932 924 1102 971 mulier,
1141 923 1336 974 legitimo
1368 923 1497 960 thoro
1529 921 1700 969 relicto,
1726 934 1780 959 ex

158 998 265 1035 vrbe
287 997 470 1047 quadam
492 997 695 1048 primaria
716 997 757 1034 in
779 996 921 1033 Gallia
943 1008 1040 1033 cum
1072 994 1234 1032 amasio
1273 1005 1350 1031 suo
1382 993 1424 1031 in
1454 992 1620 1030 Italiam
1642 992 1779 1038 venit,

157 1074 202 1107 vt
228 1069 525 1119 voluptatibus
546 1068 820 1106 licentiosius
844 1080 1021 1118 operam
1044 1065 1185 1113 daret,
1210 1077 1396 1115 cumque
1420 1064 1474 1102 ad
1495 1064 1607 1102 hanc
1629 1064 1781 1101 almam

158 1141 336 1178 domum
368 1140 647 1186 accessisset,
681 1138 831 1190 spiritu
855 1137 1204 1188 compunctionis
1227 1136 1518 1174 vehementer
1542 1134 1779 1184 exagitata,

160 1224 333 1249 omnem
370 1210 683 1261 turpitudinem
718 1210 905 1260 reliquit,
945 1214 988 1246 et
1010 1208 1064 1246 ad
1084 1208 1287 1259 proprios
1309 1207 1422 1244 lares
1454 1211 1577 1244 recto
1608 1205 1781 1243 tramite

155 1282 382 1321 remeauit.

209 1363 244 1401 5.
307 1352 390 1390 Alii
419 1366 595 1403 quoque
626 1352 945 1404 propemodum
976 1351 1129 1389 infiniti
1160 1348 1378 1388 sensibilis
1410 1348 1584 1386 diuinae
1615 1348 1781 1399 gratiae

156 1424 344 1462 effectus
366 1429 701 1475 percaeperunt.
726 1424 791 1461 Ex
813 1424 969 1474 quibus
991 1423 1062 1460 alii
1090 1423 1337 1460 inueterata
1369 1419 1483 1466 odia,
1515 1419 1587 1458 alii
1617 1418 1782 1456 adulte-

157 1498 274 1534 rinos
297 1496 557 1534 concubitus
580 1496 866 1545 reliquerunt,
891 1493 960 1532 alii
977 1507 1052 1532 aes
1070 1494 1260 1531 alienum
1282 1493 1559 1538 exoluerunt,
1579 1489 1649 1528 alii.
1667 1489 1784 1527 deni-

156 1581 258 1619 que,
284 1566 462 1605 deuicto
484 1567 661 1618 generis
682 1566 857 1604 humani
879 1567 1024 1612 hoste,
1050 1577 1330 1615 excussoque
1361 1563 1548 1614 peccati,
1572 1560 1719 1599 mnndi
1741 1566 1784 1599 et

163 1640 303 1677 carnis
333 1640 453 1690 iugo,
478 1652 523 1677 se
548 1638 601 1676 ad
623 1639 723 1676 Iesu
743 1638 864 1692 Xpri.
891 1642 1034 1675 castra
1069 1637 1403 1674 transtulerunt.
1428 1635 1475 1672 In
1496 1634 1652 1684 quibus
1673 1632 1784 1670 duae

157 1712 350 1762 virgines
374 1723 427 1748 ex
450 1712 536 1749 hoc
559 1710 781 1761 oppidulo,
806 1709 950 1747 inultis
980 1709 1150 1746 animae
1174 1713 1218 1746 et
1239 1712 1424 1745 naturae
1461 1705 1638 1744 dotibus
1661 1717 1786 1742 exor-

154 1788 299 1829 natae,
318 1788 548 1833 postquam
567 1795 590 1819 a
606 1782 768 1819 nostris
789 1781 830 1818 in
852 1781 923 1818 via
943 1779 1118 1818 Domini
1141 1779 1303 1830 optime
1325 1778 1506 1816 fuerunt
1527 1777 1782 1822 instructae,

155 1867 202 1892 se
220 1860 337 1892 totas
354 1867 515 1904 sponso
534 1855 665 1904 Xpro.
684 1857 1014 1899 consecrarunt,
1034 1851 1288 1900 relictisque
1306 1850 1437 1887 huius
1454 1848 1620 1886 fallacis
1637 1859 1784 1885 saecu-

155 1926 182 1963 li
212 1925 445 1972 illecebris,
480 1924 874 1963 sanctimonialium
907 1922 1172 1961 coenobium
1204 1935 1301 1959 curn
1334 1920 1501 1971 ingenti
1536 1919 1778 1957 animorum

156 1997 428 2035 exultatione
457 2002 556 2034 sunt
584 1996 827 2046 ingressae.
924 1994 927 1999 '

206 2069 245 2107 6.
305 2069 444 2107 Vicini
468 2081 573 2106 uero
596 2068 744 2118 populi
764 2072 925 2117 quanta
941 2078 1021 2103 nos
1047 2065 1213 2115 pietate
1230 2068 1567 2113 prosequantur,
1592 2061 1786 2099 declarat

155 2153 242 2178 non
265 2141 403 2177 solum
425 2140 542 2190 quod
564 2139 617 2176 ad
638 2152 717 2176 nos
739 2138 1027 2176 libentissime
1056 2137 1251 2182 veniant,
1284 2141 1333 2172 vt
1363 2147 1462 2172 suas
1494 2133 1786 2172 conscientias

156 2212 352 2262 aperiant
381 2224 432 2249 ac
462 2211 642 2249 consilia
673 2210 906 2261 spiritualis
940 2209 1053 2246 vitae
1086 2208 1315 2257 accipiant3
1339 2205 1417 2244 sed
1440 2205 1571 2244 etiam
1591 2204 1709 2255 quod
1731 2216 1785 2241 ex

154 2288 306 2320 nostro
331 2283 519 2332 collegio
543 2282 882 2319 concionatores
905 2280 985 2318 sibi
1008 2278 1196 2329 cupiant,
1229 2291 1414 2328 quorum
1444 2276 1685 2314 ministerio
1715 2287 1786 2325 pa-

157 2366 231 2391 ces
266 2354 452 2399 firmare,
492 2366 637 2391 mores
671 2353 713 2390 in
749 2352 902 2389 melius
939 2356 1224 2396 commutare,
1265 2355 1308 2386 et
1343 2360 1454 2399 quae
1489 2347 1543 2385 ad
1576 2347 1785 2398 pietatem

156 2430 371 2475 spectant,
393 2424 555 2474 optime
574 2424 843 2462 constituere
865 2422 1048 2473 possint.
1072 2420 1161 2460 Sed
1181 2433 1259 2471 pro
1279 2419 1419 2457 dolor!
1440 2417 1594 2456 messis
1611 2416 1786 2468 quidem

158 2495 304 2542 multa,
331 2495 514 2545 operarii
538 2500 685 2532 autem
705 2494 832 2544 pauci
857 2499 881 2531 ¹.

211 2576 246 2614 7.
308 2565 498 2615 Optabat
518 2564 639 2602 initio
662 2565 788 2602 huius
819 2562 1180 2614 quadragesimae
1211 2560 1525 2598 illustrissimus
1558 2557 1645 2596 dux
1675 2557 1786 2596 vrbi-

156 2650 236 2675 nus
271 2636 381 2686 [sic],
414 2649 499 2674 vna
528 2648 625 2673 curn
648 2635 883 2673 clarissima
905 2646 982 2672 sua
1004 2634 1192 2684 coniuge
1214 2632 1226 2649 ²
1249 2638 1293 2670 et
1314 2631 1427 2669 illius
1449 2631 1573 2668 aulae
1595 2628 1786 2680 primati-

205 2787 225 2806 a
275 2786 427 2823 Praec.
449 2796 488 2823 v.
509 2790 646 2832 supra
666 2795 776 2822 vers.

207 2937 215 2956 ¹
270 2934 446 2972 MATTH.
460 2933 561 2978 ,1X,
582 2933 640 2970 37.

207 2995 219 3014 ²
270 2993 405 3032 Guido
422 2993 608 3032 Ubaldus
626 2993 675 3029 de
695 2993 858 3029 Rovere
878 2996 917 3028 et
939 2990 1122 3028 Victoria
1141 2989 1340 3027 Farnese.
