1908 3446
529 220 866 260 ciffi—Vmerus
890 221 937 260 28
961 221 1226 261 SEPTEMBRIS
1255 220 1344 259 1560
1630 220 1700 258 893

127 336 173 363 re
203 333 221 350 a
262 336 350 363 non
394 337 571 376 prorsus
617 329 804 365 renuere
845 327 996 374 statui,
1044 326 1256 365 exercitia
1294 326 1313 351 b
1353 326 1553 366 omnibus
1589 329 1700 366 dare
1731 334 1746 351 C

125 396 331 446 cogitaui,
356 398 471 435 unde
493 396 512 420 ‘¹
539 399 674 448 magis
695 403 836 436 totum
857 398 960 436 illud
976 398 1288 436 monasterium
1306 397 1525 437 ordinnari
1540 411 1636 437 cum
1654 412 1747 449 gra-

125 467 183 505 tia
221 468 393 516 Dominj
434 471 567 518 spero
602 476 635 507 θ.
673 470 932 520 Complures
968 470 1097 508 etiam
1130 474 1379 508 nostrorum
1416 470 1748 507 cohortationes

125 538 298 588 publice
322 544 365 576 et
386 539 586 588 priuatim
612 541 959 590 expostularunt,
983 553 1166 590 quorum
1193 540 1318 578 iustis
1339 539 1515 590 quidem
1545 541 1748 591 precibus

125 608 240 646 haud
261 608 355 647 fere
378 623 563 660 unquam
587 612 772 662 contigit
793 612 804 635 f
830 611 1084 649 satisfacere
1115 618 1152 649 g.

179 692 215 729 7.
277 680 482 719 Mulieres
503 682 747 732 impudicae
769 696 855 721 non
876 696 1014 733 pauce
1037 695 1279 721 conuersae
1302 687 1416 729 sunt,
1440 683 1459 707 ¹¹
1484 683 1564 732 Dej
1599 683 1747 734 benig-

124 752 277 799 nitate,
302 765 416 802 quae
438 765 460 790 e
483 753 725 792 miserrimo
749 755 1026 805 turpitudinis
1048 767 1152 792 suae
1175 767 1316 793 coeno
1341 761 1632 802 emerserunt,
1653 756 1747 793 reli-

125 823 303 872 gionem
335 823 344 847 i
365 824 673 874 profitentibus
694 826 925 872 nonnullis,
950 824 1043 873 alijs
1066 837 1173 863 uero
1196 825 1249 863 ad
1270 825 1496 875 pristinum
1514 826 1747 877 coniugem

125 907 249 932 suum
279 895 623 943 reuertentibus3
653 896 821 945 aliquae
851 896 981 934 etiam
1011 895 1076 935 sic
1106 897 1277 934 solutae
1307 902 1618 947 permanentes
1641 898 1748 947 opti-

125 978 236 1008 mam
259 965 391 1004 uitam
413 966 575 1005 ducere
598 980 685 1006 non
707 967 938 1006 desistunt.
959 968 1141 1005 Infirmis
1163 980 1353 1018 quoque,
1372 973 1622 1007 nostrorum
1647 982 1748 1019 ope-

125 1049 184 1083 ra,
208 1037 250 1074 in
273 1041 475 1075 extremo
498 1038 614 1076 uitae
637 1039 886 1077 discrimine
918 1039 1183 1086 constitutis,
1214 1051 1301 1077 non
1329 1052 1479 1090 parum
1510 1040 1746 1078 adiumenti

124 1109 301 1147 allatum
333 1113 415 1156 est;
447 1111 642 1148 nonnulli
672 1111 743 1161 qui
773 1115 904 1148 antea
935 1111 1037 1148 satis
1068 1110 1239 1160 perdite
1270 1111 1489 1158 uixerunt,
1523 1113 1677 1150 mutati
1705 1118 1748 1150 et

124 1179 396 1230 poenitentia
417 1180 551 1228 ducti,
576 1194 680 1220 suae
703 1181 853 1220 salutis
881 1180 892 1212 J'
923 1180 1081 1220 indicia
1112 1181 1330 1220 dederunt
1352 1183 1392 1220 in
1414 1183 1516 1231 fine,
1550 1185 1584 1222 si
1615 1184 1749 1234 signis

124 1252 286 1301 quibus
306 1253 325 1278 k
358 1251 401 1290 id
423 1266 609 1303 unquam
633 1253 792 1302 conijci
811 1258 977 1304 potest;
1001 1259 1049 1291 vt
1070 1253 1124 1292 de
1148 1254 1434 1292 adolescente
1465 1255 1653 1305 quodam
1674 1268 1748 1293 no-

123 1323 197 1362 bili
214 1323 457 1374 praecipue
497 1324 541 1363 T.
571 1325 624 1363 R.
657 1325 890 1363 ¹reteram.
914 1325 954 1362 Is
976 1323 1091 1363 uitae
1123 1325 1356 1364 admodum
1388 1331 1620 1377 corruptae
1652 1339 1748 1364 cum

122 1395 215 1434 fere
238 1408 410 1446 semper
434 1397 669 1444 extitisset,
702 1395 826 1447 graui
856 1396 1009 1434 morbo
1041 1402 1288 1447 correptus,
1320 1398 1468 1436 matris
1498 1397 1593 1446 ejus
1617 1410 1750 1448 opera

122 1467 286 1507 factum
309 1473 390 1515 est,
415 1472 462 1505 ut
483 1468 531 1506 P.
554 1474 706 1506 noster
726 1467 1005 1519 prouincialis
1035 1468 1277 1506 accersitus
1300 1475 1330 1492 ¹³1
1352 1468 1578 1516 inuiseret‚
1597 1468 1750 1507 intem-

122 1544 335 1590 pestaque
370 1544 503 1577 nocte
538 1539 611 1577 illo
650 1552 697 1577 se
732 1539 984 1587 conferens,
1017 1552 1144 1590 quam
1185 1539 1498 1590 benignissime
1534 1539 1751 1578 consolari

122 1610 261 1660 ipsum
282 1610 508 1660 incipiens,
533 1623 621 1649 non
643 1610 823 1649 discesit
852 1610 996 1661 quoad
1024 1617 1060 1658 ¹³,
1085 1610 1261 1648 Domini
1282 1609 1423 1662 gratia
1444 1610 1684 1662 opitulante
1714 1618 1748 1657 0,

122 1681 395 1731 poenitentia
414 1681 586 1729 ductus,
611 1695 788 1723 suorum
809 1682 1029 1720 scelerum
1053 1681 1360 1720 enormitatem
1383 1682 1593 1720 detestari
1611 1687 1654 1720 et
1677 1682 1750 1720 de-

122 1754 293 1803 plorare
316 1752 477 1804 coepit,
515 1753 885 1803 sanctissimisque
919 1754 1205 1792 sacramentis
1241 1753 1473 1792 roboratus
1502 1765 1581 1804 per
1611 1753 1750 1804 ipsum

124 1825 296 1862 Patrem
318 1830 530 1872 nostrum,
554 1824 628 1875 qui
648 1831 668 1858 P
697 1825 739 1864 in
761 1824 856 1874 ejus
878 1824 1080 1864 cubiculo
1115 1837 1285 1863 sacrum
1318 1824 1574 1871 celebrauit,
1598 1826 1637 1864 et
1668 1825 1752 1875 Dej

119 1895 286 1946 gratia
306 1896 349 1934 in
370 1909 531 1947 magna
553 1902 572 1929 ‘1
596 1896 711 1934 uitae
733 1901 941 1934 aeternae
964 1895 1194 1934 desideria
1217 1902 1232 1920 ¹
1257 1900 1433 1934 erectus
1455 1901 1538 1943 est,
1571 1895 1683 1934 adeo
1707 1903 1753 1934 ut

122 1967 354 2015 nonnullis,
378 1968 451 2018 qui
473 1968 703 2008 sanitatem
722 1966 921 2018 polliceri
941 1966 1050 2005 falso
1071 1968 1358 2015 conabantur,
1377 1967 1683 2018 responderet,
1704 1980 1751 2005 se

122 2036 166 2076 id
183 2040 359 2078 minime
377 2040 646 2087 desiderare,
665 2039 767 2090 quin
783 2039 929 2090 potius
946 2039 1095 2078 diuino
1114 2040 1393 2090 beneplacito
1413 2052 1459 2077 se
1477 2044 1619 2078 totum
1637 2053 1752 2078 coin-

122 2113 313 2159 mittere,
350 2112 652 2162 molestosque
688 2111 770 2149 sibi
805 2123 904 2149 esse
936 2109 1038 2149 talia
1076 2112 1359 2162 suggerendo
1397 2117 1426 2158 ³,
1462 2111 1750 2162 hortatusque

124 2190 190 2222 est
211 2197 315 2222 suos
336 2181 607 2221 domesticos
630 2187 674 2220 et
700 2182 858 2220 fratres
887 2182 941 2220 ad
970 2183 1087 2220 bene
1119 2182 1327 2232 beateque
1359 2187 1403 2220 et
1434 2182 1669 2221 christiane
1691 2184 1751 2221 ui-

123 2255 328 2302 uendum,
353 2254 525 2294 ueniam
546 2254 772 2304 postulans
788 2254 841 2292 ab
864 2253 1064 2292 omnibus
1084 2253 1222 2292 omnis
1244 2258 1477 2292 anteactae
1495 2253 1611 2292 uitae
1629 2266 1750 2301 suae3

122 2327 183 2364 sic
204 2325 381 2364 tandem
403 2325 582 2373 defix[o]
607 2327 620 2349 t
643 2325 685 2362 in
706 2323 944 2376 imaginem
966 2325 1143 2363 Domini
1166 2324 1364 2363 crucifixi
1386 2325 1543 2362 obtutu
1573 2332 1608 2372 ¹¹,
1633 2326 1751 2375 expi-

121 2396 246 2436 rauit.
272 2398 370 2448 Quo
393 2397 555 2435 factum
578 2401 659 2443 est,
684 2401 730 2434 ut
760 2401 899 2434 mater
931 2400 974 2435 et
1006 2396 1161 2435 domus
1193 2397 1263 2435 illa
1293 2400 1387 2435 tota
1416 2395 1543 2434 nobis
1566 2410 1653 2435 non
1671 2399 1750 2447 pa-

169 2624 188 2642 a
225 2628 370 2653 munus
389 2615 512 2652 etiam
531 2614 571 2650 in
590 2618 808 2660 posterum.
859 2614 926 2639 --ὓ
947 2614 1184 2661 spiritualia.
1234 2620 1294 2639 —0
1315 2625 1552 2660 proponere.
1597 2614 1665 2639 ——d
1694 2620 1748 2651 vt.

123 2683 188 2702 ——e
208 2675 345 2723 possit.
421 2674 479 2699 —f
505 2686 634 2721 posse.
714 2680 783 2706 —g
823 2673 1005 2710 Videtur
1036 2673 1207 2711 emend.
1245 2684 1296 2710 ex
1329 2672 1531 2710 satisfieri.
1600 2674 1666 2698 —h
1687 2686 1746 2710 ac.

124 2737 181 2761 —i
214 2735 307 2773 Del.
327 2735 446 2771 intra.
485 2734 540 2766 —J'
572 2746 651 2770 non
671 2733 792 2770 leuia.
830 2733 897 2757 —-k
919 2734 1026 2770 vllis.
1064 2734 1122 2758 -l
1155 2733 1500 2780 exempligratia.
1547 2741 1625 2758 ——111
1641 2746 1747 2769 eum.

125 2795 288 2832 —nille
311 2795 469 2832 Prima
487 2794 664 2839 scriptio
683 2804 771 2830 non
790 2794 908 2831 clare
925 2796 1123 2840 apparet.
1176 2800 1243 2818 -0
1270 2792 1360 2829 Del.
1381 2792 1500 2840 quod.
1545 2801 1612 2827 —P
1633 2793 1747 2830 2vv.

120 2861 262 2902 praec.
283 2854 438 2898 deleta,
470 2855 576 2900 quia
594 2853 775 2890 obscure
792 2855 991 2898 exarata,
1013 2856 1053 2890 et
1070 2854 1231 2890 iterum
1250 2863 1277 2890 a
1300 2852 1393 2890 Pol.
1425 2854 1590 2899 scripta
1609 2858 1747 2900 supra

120 2926 230 2952 vers.
296 2922 361 2948 —q
395 2926 602 2961 magnum.
666 2920 730 2938 —r
759 2912 1020 2950 desiderium.
1053 2913 1202 2950 Aliam
1234 2914 1541 2950 correctionem
1576 2915 1753 2960 scripsit

121 2974 217 3012 Pol.
236 2979 374 3020 supra
392 2984 518 3018 vers..
550 2983 686 3020 quam
716 2975 864 3020 postea
895 2972 1068 3010 delevit.
1122 2980 1182 2998 -S
1204 2977 1489 3019 suggerentes.
1559 2974 1621 2997 —t
1648 2973 1750 3009 Con—

121 3037 302 3080 sumpta
321 3033 491 3071 charta.
543 3040 611 3058 —11
634 3032 818 3069 Emend.
841 3043 892 3069 ex
909 3032 1105 3070 obtutum.
