1908 3446
218 300 287 337 514
680 301 900 338 LITTERAE
926 300 1281 346 QUADRlMESTRES

174 403 368 441 clarauit.
408 405 473 441 De
509 403 601 454 ipso
638 415 794 454 magna
828 402 942 454 apud
978 415 1130 441 omnes
1161 415 1276 454 spes,
1310 403 1344 442 si
1375 403 1415 441 ei
1450 404 1540 442 uita
1574 406 1791 453 suppetat.

174 475 288 525 Erga
308 488 388 512 nos
410 475 517 512 miro
541 474 673 512 modo
698 479 763 512 est
785 475 988 521 affectus3
1011 474 1215 525 intelligit
1237 475 1351 513 enim
1372 480 1580 525 quantum
1602 485 1795 513 momen-

173 550 261 583 tum
285 544 370 583 suis
394 546 524 583 rebus
541 545 697 583 afferat
720 545 954 583 Soeietatis
981 544 1282 583 ministerium.
1307 546 1452 584 Facile
1475 557 1699 596 speramus
1721 556 1795 581 uo-

172 616 386 653 luntatem
409 628 527 654 suam
552 628 686 666 opere
709 616 1100 654 manifestaturum.
1127 617 1383 655 Conuentus
1403 616 1508 654 item
1533 614 1796 653 ecelesiasti-

174 699 323 725 corum
347 687 474 735 hujus
497 687 614 725 urbis
637 687 843 737 singulari
865 686 1050 737 quadam
1071 686 1384 725 beneuolentia
1406 687 1677 726 Societatem
1699 697 1797 723 nos-

173 764 283 796 tram
305 757 598 808 prosequitur3
622 771 759 808 usque
782 758 894 796 adeo
918 757 1112 796 secunda
1132 758 1293 796 nostris
1324 758 1455 796 rebus
1487 756 1647 808 aspirat
1677 768 1795 804 aura,

175 835 220 867 ut
252 828 567 879 cogitationem
598 834 719 867 tanta
749 828 1020 880 tranquilitas
1043 830 1228 879 alicujus
1249 829 1526 879 tempestatis
1557 829 1705 867 minari
1738 827 1799 867 vi-

175 900 343 939 deatur.
369 901 495 937 Faxit
516 900 636 938 Deus
658 900 757 950 Opt.
781 900 893 938 Max.
918 900 1036 950 quod
1067 900 1121 938 ad
1152 900 1218 937 sui
1249 900 1388 938 sancti
1407 899 1594 938 nominis
1616 898 1798 950 gloriam

175 972 312 1022 magis
333 971 477 1009 faeiat.
503 972 595 1009 Nos
617 976 663 1008 ut
684 970 737 1008 ad
760 972 855 1021 ejus
876 971 1065 1009 divinam
1088 972 1377 1018 voluntatem,
1402 971 1496 1009 siue
1518 971 1558 1008 in
1579 969 1799 1021 prosperis

175 1042 268 1079 siue
290 1042 331 1079 in
343 1041 539 1080 aduersis
553 1054 687 1092 opere
705 1042 982 1092 implendam,
1002 1042 1135 1080 simus
1151 1041 1353 1093 prompti.
1377 1042 1550 1089 [Preces
1561 1041 1796 1091 postulat.]

256 1115 354 1151 Dat.
380 1113 603 1164 Segoviae
625 1117 780 1163 quarto
804 1113 1008 1152 calendas
1029 1113 1284 1160 februarias,
1309 1125 1421 1151 anno
1445 1112 1543 1161 Dnj.
1578 1113 1691 1161 1560.

256 1186 319 1223 Ex
342 1184 546 1222 mandato
570 1185 677 1223 Pris.
702 1185 903 1223 rectoris.
929 1185 1050 1222 Tuae
1073 1185 1119 1223 P.
1142 1197 1296 1223 seruus
1317 1184 1521 1236 indignus
1542 1182 1584 1221 in
1605 1184 1718 1222 Dno.

1213 1275 1435 1313 ANTONIUS
1465 1275 1637 1312 TORREs
1670 1278 1694 1311 ¹.

257 1328 421 1380 Sigilli
448 1327 708 1379 vestigium.

935 1453 1049 1503 543

696 1593 975 1641 GASPAR
1010 1592 1286 1639 ASTETE

556 1718 792 1745 METHYMNA
822 1718 947 1744 cAMm
972 1706 995 1744 6
1020 1716 1250 1744 FEBRUARII
1279 1705 1369 1743 1560
1394 1706 1420 1744 ².

179 1810 210 1848 l.
244 1810 415 1849 Latina
448 1809 495 1848 in
526 1810 687 1860 templo
724 1808 930 1848 contione
965 1811 1004 1848 et
1035 1807 1264 1848 comoedia
1300 1820 1462 1847 cursus
1502 1806 1668 1846 initur:
1703 1806 1806 1845 inde

258 1876 640 1915 scholasticorum
661 1887 880 1914 numerus
902 1873 1176 1914 Νεκῶ-2.
1201 1874 1249 1912 Ρ.
1283 1875 1432 1913 rector
1459 1873 1583 1912 docte
1613 1874 1652 1912 et
1682 1871 1805 1911 utili-

261 1943 327 1980 ter
367 1941 681 1986 contionatum
725 1942 819 1979 tum
867 1941 949 1979 FF.
993 1939 1157 1987 nostri,
1197 1941 1292 1978 tum
1330 1938 1596 1978 scholastici
1632 1935 1807 1977 externi

260 2007 568 2047 christianam
586 2006 847 2045 doctrinam
869 2004 1139 2045 docent.—3.
1173 2004 1458 2044 Fundato‘ris
1486 2005 1715 2050 valericum,-
1738 2017 1806 2044 ae-

272 2071 415 2122 dificii
436 2071 906 2111 constructiones.—4.
930 2070 1304 2111 circumcisionis
1317 2070 1440 2122 festo
1462 2069 1686 2110 edentium
1710 2069 1806 2108 ani-

260 2152 356 2178 mos
369 2138 530 2190 frater
557 2137 745 2188 quidam
767 2137 976 2176 oratione
997 2136 1135 2188 rapit.

238 2257 271 2284 Ι.
331 2247 359 2296 †
384 2245 473 2295 Jhs.
498 2245 600 2295 Muy
622 2244 718 2282 R.d0
749 2257 803 2283 en
822 2245 936 2294 Xpo.
961 2244 1033 2283 Re
1064 2244 1153 2281 Pax
1177 2242 1352 2290 Christi,
1378 2247 1463 2281 etc.
1487 2243 1737 2292 Fuereanos
1768 2241 1810 2279 la

181 2319 314 2367 raoon
335 2330 362 2366 y
383 2316 424 2354 la
445 2315 699 2354 obedientia
719 2327 744 2353 a
763 2316 895 2353 hazer
918 2315 1046 2353 saber
1077 2327 1102 2352 a
1129 2315 1181 2352 V.
1216 2315 1262 2352 P.
1295 2314 1359 2351 las
1390 2325 1516 2352 cosas
1546 2326 1631 2364 que
1661 2324 1740 2364 por
1769 2313 1810 2351 la

181 2386 358 2425 bondad
388 2386 443 2424 de
475 2387 515 2424 el
545 2386 686 2425 Sefior
718 2398 765 2424 se
789 2387 925 2424 obran
948 2390 1043 2423 este
1066 2384 1272 2435 collegio.
1299 2385 1474 2434 Quanto
1498 2385 1608 2422 alos
1630 2383 1686 2422 de
1708 2395 1808 2422 casa

167 2458 327 2511 todo&
351 2458 490 2508 gloria
511 2470 535 2496 a
555 2457 678 2505 Dios,
701 2456 851 2495 tienen
873 2456 1010 2495 salud.
1035 2455 1084 2493 El
1106 2455 1177 2493 dia
1198 2454 1252 2493 de
1274 2455 1409 2494 Sanct
1430 2456 1570 2493 Lucas
1591 2466 1639 2492 se
1666 2453 1807 2505 predi-

183 2531 235 2567 co
260 2541 313 2566 en
334 2529 438 2566 latin
461 2541 514 2567 en
534 2534 715 2566 nuestra
734 2528 904 2579 iglesia,
927 2526 1074 2566 donde
1105 2539 1153 2565 se
1181 2526 1377 2565 hallaron
1398 2526 1577 2564 muchas
1597 2537 1809 2576 personas

184 2599 441 2638 entendidas
464 2613 490 2649 y
512 2599 682 2646 doctas,
706 2612 735 2646 a
759 2599 826 2637 los
855 2599 1007 2650 quales
1037 2597 1202 2649 agrado
1235 2597 1393 2636 mucho
1426 2597 1466 2635 el
1496 2598 1672 2635 sermon
1700 2596 1733 2634 a:
1766 2596 1807 2634 lo

230 2736 251 2756 a
299 2748 454 2773 sermor
475 2745 555 2772 ms.

234 2869 243 2888 ¹
299 2866 360 2904 Cf.
384 2867 485 2904 Litt.
506 2866 758 2913 Quadrim.„
779 2863 833 2908 V,
854 2864 912 2907 70,
934 2868 1071 2901 annot.
1090 2862 1124 2900 2.

162 2949 164 2952 ·
233 2927 247 2946 ²
296 2926 358 2963 Ex
377 2930 535 2972 autogr.
557 2926 595 2961 in
615 2925 700 2962 cod.
723 2924 851 2970 Hz‘sp.
876 2923 942 2969 97,
970 2922 993 2959 2
1018 2923 1077 2965 ff„
1109 2936 1177 2960 nn.
1205 2922 1263 2964 43,
1295 2922 1355 2965 44;
1387 2921 1497 2969 prius
1530 2921 1609 2959 153.
1641 2921 1807 2967 Ibidem,

186 2986 252 3024 fol.
285 2986 327 3022 41
361 2990 492 3022 exstat
523 2984 754 3030 exemplum
782 2983 952 3020 latinum
970 2996 993 3020 a
1012 2982 1056 3020 P.
1079 2982 1230 3028 Joanne
1250 2980 1457 3018 Bonifacio
1475 2980 1682 3027 scriptum.
1702 2980 1809 3018 Fere

188 3046 330 3083 eadem
349 3045 527 3081 continet
545 3044 625 3080 alia
646 3043 815 3090 epistola
835 3042 1032 3090 Gasparis
1052 3041 1200 3078 Astete
1220 3040 1284 3078 die
1309 3040 1332 3077 4
1353 3039 1538 3087 Januarii
1565 3040 1672 3085 data,
1705 3052 1821 3088 quae*

186 3104 392 3142 invenitur
409 3103 450 3141 in
469 3104 611 3140 eodem
629 3103 714 3140 eod.
735 3101 803 3140 fol.
827 3102 883 3140 18.
