1908 3446
516 129 907 167 328.--V1N13030NA
938 127 951 163 l
976 126 1181 173 J'ANUARJI
1212 125 1300 162 1560
1602 124 1672 159 455

32 243 41 280 f
90 235 247 276 iudicio
271 230 481 271 momenti
504 236 546 269 et
569 235 667 268 acta
690 234 803 276 sunt,
829 233 873 266 et
895 227 1026 265 modo
1061 227 1191 264 etiam
1222 229 1481 270 tractantur3
1514 225 1600 262 hoc
1629 230 1718 261 tan-

91 316 178 347 turn
209 306 364 352 dicam,
396 304 439 341 id
470 316 550 341 nos
582 307 626 340 et
658 308 811 352 optare
849 305 891 339 et
929 299 1124 345 studere>
1163 302 1208 335 ut
1238 295 1437 335 nimirum
1473 295 1624 344 inclyti
1663 295 1721 332 illi

31 397 35 413 s
91 379 318 431 principes,
356 388 469 427 pene
505 373 647 412 adhuc
682 374 869 411 infantes
905 371 995 421 (uix
1033 371 1146 408 enim
1185 373 1389 407 octauum
1425 368 1615 418 attigere
1651 380 1720 404 an-

90 450 206 500 num)
229 449 254 496 ¹,
280 462 332 486 ea
353 448 522 485 ratione
544 446 823 484 instituantur
847 456 960 482 nunc
981 442 1208 493 temporis,
1232 454 1287 478 ne
1311 440 1364 478 de
1388 440 1558 477 animae
1580 440 1719 476 salute

91 526 319 570 tantopere
341 519 643 569 periclitentur
674 524 708 562 ἃς
737 515 777 553 Sl?
808 516 946 565 (qaod
969 514 1089 552 Deus
1125 513 1325 560 auertat)
1350 511 1395 549 id
1421 514 1503 561 per
1534 512 1720 560 peccata

90 595 247 633 nostra
279 589 578 641 contingeret,
603 589 652 626 at
675 587 722 625 ιῖη
739 587 1078 637 praeceptorem
1096 583 1262 634 pietate
1285 596 1338 621 ac
1360 581 1573 621 doctrina
1598 581 1717 619 insa-

90 677 197 704 nam
220 662 482 701 zlnczfderent.
507 660 664 710 Neque
689 659 801 696 enim
826 657 1075 695 dubitamus
1097 656 1199 706 quin
1222 662 1265 692 et
1294 655 1388 692 Deo
1412 654 1514 704 Opt.
1541 654 1655 691 Max.
1681 658 1723 690 et

91 748 204 775 caes.
230 735 316 772 inti
339 738 383 771 et
405 733 498 783 regi
520 738 666 769 ser.ffl0
700 729 911 779 obsequia
941 729 1051 766 haec
1086 732 1236 765 nostra
1272 727 1356 764 sint
1392 737 1565 776 semper
1601 730 1725 776 grata

90 808 245 853 futura,
289 811 333 843 ut
373 804 533 855 populo
576 802 813 841 christiano
850 799 1196 851 pernecessaria.
1240 799 1340 836 Non
1378 798 1536 836 attinet
1575 796 1724 835 dicere

91 884 249 930 quanto
274 890 370 915 curn
393 876 537 914 fructu
561 874 647 912 Rfli
671 875 824 911 Patres
846 872 983 910 nostri
1006 871 1060 909 de
1078 871 1131 920 ijs
1154 883 1205 909 ac
1225 871 1319 920 alijs
1342 870 1487 921 magni
1509 870 1613 907 satis
1636 882 1725 907 mo-

92 950 225 990 menti
246 950 391 995 rebus,
417 959 513 985 cum
535 945 792 997 primatibus
813 949 900 982 tam
926 942 1240 982 ecclesiasticis
1267 954 1396 992 quam
1427 941 1726 979 saecularibus

92 1034 222 1072 saepe
243 1022 490 1070 loquantur,
515 1017 629 1068 apud
650 1029 761 1067 quos
784 1016 960 1053 minima
980 1015 1092 1053 haec
1112 1018 1262 1051 nostra
1291 1011 1492 1051 Societas
1523 1024 1725 1063 magnum

91 1093 305 1145 profecto,
339 1101 450 1141 quae
487 1089 567 1126 Dei
602 1088 776 1126 bonitas
814 1092 896 1133 est,
922 1085 1150 1123 doctrinae
1172 1097 1223 1123 ac
1244 1083 1420 1135 pietatis
1442 1096 1603 1121 nomen
1626 1095 1726 1121 con-

93 1162 418 1205 stantissimum
439 1163 457 1186 b
488 1160 689 1207 obtinuit,
717 1161 835 1209 qaod
857 1167 873 1183 C
897 1158 1113 1196 offuscare
1137 1169 1214 1207 pro
1238 1156 1350 1194 uirili
1369 1160 1493 1206 parte
1517 1161 1639 1193 curat
1656 1168 1728 1193 an-

93 1238 235 1288 tiquus
270 1233 497 1273 societatis
531 1235 711 1270 nostrae
747 1243 798 1269 ac
833 1231 1047 1267 humanae
1084 1228 1234 1267 salutis
1269 1228 1425 1274 hostis,
1468 1228 1513 1265 at
1549 1226 1643 1265 iam
1679 1240 1727 1265 eo

6 1328 36 1364 gg
95 1306 314 1347 audaciae
349 1302 579 1344 deuenerz't
611 1316 664 1341 ac
702 1301 1023 1352 impudentia-e,
1063 1302 1110 1339 ‘at
1143 1313 1235 1338 non
1274 1300 1490 1338 aereatar
1525 1298 1726 1345 mentiri,

95 1381 315 1430 quendam
335 1390 387 1416 ex
411 1374 581 1415 nostris
603 1373 676 1413 hic
707 1373 948 1423 antiquam
971 1373 1110 1423 fidem
1140 1370 1402 1416 deseruisse,
1440 1370 1593 1408 virum
1629 1372 1728 1408 doc-

95 1454 201 1498 tum,
225 1448 456 1501 egisseqzte
479 1447 649 1486 occulte
667 1446 900 1496 permulta
921 1458 974 1483 ea
996 1446 1046 1483 de
1069 1457 1116 1482 re
1139 1457 1240 1482 cam
1263 1442 1424 1481 intimo
1448 1442 1604 1492 aliquo
1626 1441 1729 1481 atro

95 1521 238 1574 regio,
266 1520 333 1559 ael
356 1532 458 1558 cam
482 1517 574 1568 ipso
597 1516 737 1556 etiam
757 1523 905 1555 serfflO
926 1528 1049 1566 rege,
1075 1527 1204 1565 quem
1227 1514 1438 1552 diabolus
1460 1514 1631 1552 hostem
1663 1526 1728 1552 re-

95 1591 286 1645 ligionis
308 1589 538 1640 antiquae,
563 1590 611 1626 at
625 1587 825 1640 facilins
850 1586 1020 1633 aincat,
1045 1599 1137 1625 non
1159 1588 1254 1625 tam
1276 1599 1365 1625 esse
1387 1585 1490 1636 (hoc
1511 1584 1645 1631 enim,
1683 1586 1729 1622 nt

97 1666 145 1704 de
178 1663 341 1713 inclyto
379 1674 487 1713 rege
517 1663 651 1710 atque
681 1659 850 1710 pietate
881 1657 1040 1697 divina
1063 1657 1348 1706 confidimus,
1373 1657 1445 1706 fiet
1465 1660 1596 1708 spero
1618 1670 1730 1695 mm-

98 1735 263 1787 qaam),
289 1746 426 1784 qaam
448 1731 610 1771 haberi
631 1730 803 1781 diciqute
825 1729 947 1781 capti?
979 1729 1132 1780 inique
1168 1731 1300 1780 atque
1337 1729 1565 1768 contendit
1600 1728 1626 1767 ².
1661 1728 1730 1767 Ea

96 1809 157 1847 est
172 1807 417 1857 postquam
437 1817 457 1843 e
479 1803 599 1842 coelo
622 1805 684 1842 est
702 1803 865 1852 pulsus
886 1801 1140 1841 temeritate
1158 1800 1414 1851 praeditas.

151 1887 187 1928 5.
246 1879 330 1915 Per
360 1876 476 1914 idern
507 1880 696 1925 tempus,
728 1874 771 1912 id
803 1879 870 1912 est
902 1875 1018 1912 circa
1053 1886 1249 1911 mensem
1279 1873 1522 1911 Octobrem
1557 1878 1733 1923 praeter

99 1949 472 1999 archiepiscopum
494 1946 745 1997 Strigoniae
766 1946 779 1963 ³
801 1945 873 1995 qui
897 1946 1028 1983 etiam
1050 1957 1166 1983 nunc
1192 1944 1422 1996 negotium
1454 1944 1509 1982 de
1542 1943 1732 1994 collegio

99 2021 326 2060 Tirnauiae
345 2018 557 2071 erigendo
579 2019 779 2057 omnibus
797 2017 938 2056 modis
955 2018 1112 2069 quibus
1129 2022 1278 2068 potest
1296 2022 1518 2055 rectorem
1535 2021 1732 2055 nostrum

90 2099 240 2145 turget,
274 2094 402 2130 R.¹¹¹u⁵¹
433 2102 610 2142 quoque
638 2090 888 2128 nominatus
921 2089 1125 2139 Quinque
1147 2089 1444 2127 Ecclesiarum
1468 2086 1701 2138 episcopus
1722 2089 1735 2108 ⁴¹

101 2164 154 2202 de
174 2163 362 2214 quodam
384 2162 468 2201 alio
493 2161 683 2212 collegio
712 2160 951 2199 Societatis
982 2160 1025 2198 in
1055 2160 1155 2198 loco
1188 2159 1441 2210 Hungariae
1472 2158 1734 2198 commodis-

91 2237 207 2276 simo
229 2232 499 2274 instituendo
523 2247 621 2272 cum
645 2232 804 2271 eodem
826 2237 1004 2270 rectore
1027 2232 1175 2283 coepit
1197 2244 1348 2283 agere.

147 2381 165 2401 a
215 2381 351 2418 Prius
369 2378 712 2426 periclitarentur.
766 2377 833 2402 —b
855 2379 1101 2413 constanter.
1161 2375 1353 2412 —elicet.

151 2525 159 2544 ¹
211 2523 445 2564 Rodullum,
466 2526 564 2559 natu
592 2521 785 2570 majorem
814 2525 854 2557 et
879 2519 1060 2557 futurum
1087 2519 1389 2567 imperatorem,
1420 2519 1570 2556 editum
1602 2518 1738 2556 ferunt

104 2584 166 2621 die
188 2583 229 2620 18
246 2582 397 2620 mensis
409 2581 512 2630 Julii
530 2581 626 2619 anni
648 2580 751 2618 1552.

150 2645 162 2665 ²
214 2644 278 2680 De
297 2642 568 2680 Maximiliani
586 2641 697 2688 regis
724 2653 826 2688 erga
853 2641 1095 2678 catholicam
1121 2639 1241 2676 fidem
1268 2639 1401 2676 animo
1430 2639 1520 2676 vide
1550 2638 1735 2676 BRAUNs·

104 2714 285 2748 BERGER,
307 2703 359 2740 Β.
385 2702 506 2739 Petri
525 2702 693 2739 Cam'sz’i
709 2702 846 2748 epist„
867 2700 916 2743 ΙΙ,
940 2699 1018 2737 194.

151 2764 164 2785 ³
213 2762 408 2800 Nicolaus
427 2760 597 2799 Olahus.

151 2825 166 2845 ⁴
216 2823 339 2860 Anno
367 2821 457 2859 1560
487 2821 693 2858 Antonius
723 2820 946 2858 Warehius
979 2819 1236 2865 (Verantius)
1267 2819 1446 2866 quinque
1480 2818 1738 2855 ecclesiensis

108 2884 239 2930 (Pecs)
258 2882 468 2929 episcopus
493 2882 717 2918 translatus
745 2886 806 2918 est
832 2881 882 2917 ad
909 2879 1047 2917 sedem
1074 2879 1308 2925 agriensem
1336 2878 1509 2923 (Erlau),
1540 2884 1580 2914 et
1610 2890 1739 2914 novus

109 2945 315 2992 episcopus
333 2941 511 2989 quinque
531 2941 677 2979 eccles.
698 2945 861 2978 creatus
881 2945 942 2977 est
961 2938 1167 2986 Georgius
1187 2937 1468 2976 Draskowich.
