1908 3446
179 183 248 220 686
668 182 886 218 LITTERAE
912 181 1269 226 QuAmuMEsmns

134 286 233 323 dem
256 290 552 337 consequutus
570 285 684 323 haud
706 291 883 322 tenuem
902 286 928 327 ¹;
952 297 1095 333 quem,
1115 283 1379 333 aliquantulo
1397 282 1629 320 interiecto
1647 287 1754 319 tem-

132 358 249 407 poris
271 358 426 407 spatio,
451 362 540 394 tres
563 356 631 403 alij
657 355 851 393 eiusdem
876 355 1127 404 disciplinae
1149 367 1232 392 nec
1254 353 1470 391 inferioris
1486 353 1672 391 fortasse
1694 353 1755 389 iu·

134 428 233 477 dicij
258 429 397 466 secuti
416 434 527 465 sunt.
550 428 778 465 Postremo
799 427 861 464 vir
878 426 1115 476 theologus
1132 437 1286 475 nuper,
1306 431 1438 475 atque
1456 426 1564 462 alter
1583 423 1753 473 quidam

134 500 287 537 artium
324 500 547 546 magister,
587 498 711 535 simul
744 509 790 534 se
826 497 878 534 ad
913 509 993 533 nos
1029 497 1325 542 contulerunt,
1364 507 1473 545 quos
1504 495 1657 532 ambos
1693 495 1756 541 (ut

135 571 329 608 omittam
366 569 559 618 caetera)
595 568 713 606 latini
750 567 962 606 sermonis
996 567 1302 616 oratoriaeque
1325 566 1543 604 facultatis
1575 565 1754 615 egregie

133 642 290 679 doctos
322 653 418 679 esse
443 639 694 689 praedicant
716 642 742 676 ².
767 639 918 688 Itaque
953 638 1108 675 horum
1130 637 1339 683 aduentu,
1373 642 1418 673 ut
1449 647 1670 681 numerus,
1695 634 1756 672 sic

132 726 304 763 quoque
329 711 476 748 domui
511 708 781 760 probationis
813 709 986 758 spiritus
1023 707 1282 757 virtutisque
1314 718 1456 744 nouus
1485 705 1633 742 feruor
1665 716 1755 741 cre-

133 784 211 830 uit3
235 795 367 833 quare
389 795 627 833 pauperum
657 781 847 831 hospitia
867 793 1042 818 menses
1077 779 1159 816 iam
1182 778 1293 816 duos
1316 778 1593 828 frequentant
1613 776 1702 813 bini
1732 789 1755 814 e

133 854 338 892 fratribus
373 854 567 902 nouitijs,
600 852 931 900 doctrinamque
960 862 1122 899 pueros
1154 849 1223 898 alij
1248 848 1411 886 docent
1440 847 1612 898 publice
1635 858 1755 884 more

133 930 302 969 nostro;
326 925 395 973 alij
418 924 597 975 priuatis
621 924 794 973 collegij
828 922 984 970 munijs
1008 925 1292 970 occupantur.
1327 919 1391 956 Ac
1412 920 1514 956 licet
1535 918 1756 968 angustias

131 997 286 1034 domus
309 1008 412 1033 suae
436 1000 640 1045 oporteat
661 994 833 1032 interim
857 993 1061 1043 experiri,
1086 998 1233 1029 tamen
1255 1004 1478 1041 speramus
1500 988 1756 1040 propediem

131 1068 285 1106 latiore
309 1080 466 1105 usuros
490 1079 587 1104 esse
609 1065 845 1104 domicilio.
871 1065 1043 1102 Etenim
1065 1068 1217 1101 ternae
1248 1063 1397 1110 aedes,
1429 1073 1541 1112 quae
1568 1068 1754 1110 utroque

130 1142 267 1178 latere
291 1139 525 1189 contiguae
545 1142 667 1176 erant
688 1138 862 1183 nostris,
883 1136 986 1174 iuris
1007 1136 1090 1173 iam
1106 1135 1259 1181 nostri,
1279 1133 1396 1185 quod
1415 1134 1612 1173 Christus
1635 1133 1756 1170 Iesus

130 1212 209 1249 sibi
231 1217 403 1262 gratum
423 1215 742 1260 acceptumque
764 1208 888 1255 velit,
920 1207 1109 1245 effectae
1131 1212 1245 1253 sunt,
1270 1219 1350 1243 usu
1379 1218 1552 1255 quoque
1584 1204 1754 1241 futurae

129 1284 254 1321 breui
289 1284 316 1321 ³.
355 1283 518 1320 Harum
556 1281 862 1331 redemptione
897 1283 1117 1317 transacta
1150 1283 1251 1329 post
1284 1290 1431 1324 unum,
1470 1280 1516 1314 ut
1551 1276 1752 1322 arbitror,

130 1368 343 1402 mensem,
368 1358 488 1392 tanta
508 1359 659 1391 nostro
684 1352 873 1401 collegio
897 1350 1004 1388 situs
1026 1350 1224 1388 accessio
1246 1349 1339 1396 fiet,
1364 1354 1410 1386 ut
1431 1348 1535 1386 nihil
1557 1348 1611 1385 sit
1633 1359 1754 1397 prae-

128 1432 252 1465 terea
283 1427 406 1465 cuius
426 1425 626 1476 indigere
661 1424 903 1461 videamur.
930 1424 975 1460 P,
1000 1421 1280 1473 prouincialis
1301 1426 1314 1445 ⁴
1337 1426 1404 1458 est
1439 1419 1552 1470 apud
1573 1431 1668 1466 nos,
1694 1419 1754 1456 fu-

129 1502 362 1548 turumque
385 1496 684 1535 existimamus
705 1494 799 1532 dies
820 1494 1000 1544 aliquot,
1034 1505 1164 1543 quern
1185 1496 1465 1542 praesentem
1489 1491 1654 1528 laetitia
1674 1490 1754 1527 fra-

127 1574 240 1607 trum
262 1570 417 1607 mirum
437 1569 479 1606 in
501 1567 678 1605 modum
701 1566 863 1604 sentire
887 1566 1015 1603 solet.
1042 1565 1241 1603 Christus
1262 1564 1385 1601 Iesus
1408 1564 1453 1601 P.
1480 1563 1529 1600 T.
1556 1574 1659 1600 suae
1677 1561 1754 1599 So-

130 1641 280 1679 cietati
315 1640 387 1678 diu
409 1644 561 1678 seruet
580 1637 860 1683 incolumem,
899 1636 1021 1674 cuius
1043 1635 1268 1684 sacrificijs
1298 1634 1437 1672 iuuari
1459 1634 1588 1672 etiarn
1624 1638 1753 1683 atque

132 1714 263 1751 etiam
284 1712 488 1763 petimus.
513 1709 734 1760 Compluti
757 1708 826 1747 die
849 1707 956 1757 Iunij
985 1717 1046 1754 12,
1076 1707 1190 1754 1560.
1216 1707 1264 1744 T.
1290 1707 1337 1744 P.
1362 1706 1528 1745 Seruus
1549 1704 1754 1756 indignis-

129 1797 277 1830 Simus,

1066 1853 1093 1901 †
1124 1851 1329 1888 IOSEPHUS
1360 1849 1533 1887 AcosTA
1561 1853 1590 1887 ⁵.

176 1996 182 2013 ¹
235 1992 293 2030 Ut
312 2006 360 2029 ex
381 1991 550 2028 CAsrRo
567 1989 787 2034 (Historia
816 1987 889 2024 del
906 1986 1079 2032 collegio
1098 1985 1408 2032 complutense,
1430 1985 1498 2022 lib.
1516 1984 1551 2028 9,
1580 1997 1668 2031 cap.
1697 1985 1752 2028 12)

126 2054 264 2099 colligi
283 2057 424 2100 potest,
445 2051 518 2088 fuit
537 2051 570 2086 is
589 2048 770 2085 Didacus
789 2048 837 2084 de
857 2047 1005 2084 Porres
1027 2046 1239 2089 Maran0n‚
1257 2052 1397 2092 postea
1418 2045 1599 2082 Didacus
1614 2046 1663 2081 de
1683 2044 1754 2082 Sa·

127 2115 237 2150 lazar
268 2113 409 2155 dictus,
447 2116 486 2147 et
522 2107 921 2156 peregrinationibus
952 2105 1136 2143 celebris.
1171 2105 1208 2141 Is
1243 2111 1412 2142 venerat
1447 2105 1570 2151 pedes
1607 2103 1754 2151 Burgis

128 2173 402 2218 Complutum.
424 2176 466 2207 et
483 2170 682 2206 admissus
702 2172 762 2204 est
780 2167 819 2203 in
839 2165 1086 2203 Societatem
1105 2164 1152 2201 25
1169 2164 1309 2201 Martii
1327 2165 1445 2211 hujus
1464 2165 1573 2200 anni.

174 2233 186 2252 ²
236 2232 346 2268 Inter
365 2243 433 2268 eos
452 2242 551 2277 quos
571 2229 739 2265 CASTRO
758 2227 853 2264 dicit
872 2226 1068 2264 admissos
1086 2225 1252 2262 ineunte
1279 2224 1354 2261 hoe
1373 2236 1513 2260 mense
1534 2223 1668 2271 Junio,
1697 2225 1753 2262 in-

129 2292 346 2329 veniuntur
359 2290 538 2337 Joannes
557 2290 606 2324 de
626 2287 824 2333 Santiago
853 2293 891 2323 et
919 2285 1082 2332 Gaspar
1109 2284 1308 2327 Sanchez,
1329 2284 1397 2330 qui
1418 2296 1489 2329 per
1517 2284 1654 2331 plures
1681 2297 1753 2321 an-

126 2365 197 2388 nos
215 2351 475 2387 humaniores
493 2349 651 2385 litteras
671 2347 856 2383 docuere.

172 2412 185 2431 ³
236 2409 300 2446 De
318 2410 461 2446 harum
481 2409 690 2445 domorum
709 2405 913 2452 emptione
932 2404 1018 2452 agit
1039 2404 1224 2448 CASTRO,
1245 2405 1271 2441 1.
1292 2416 1342 2447 c..
1363 2403 1432 2441 lib.
1456 2402 1511 2445 10,
1533 2415 1623 2450 cap.
1648 2405 1678 2440 1.

172 2471 186 2491 ⁴
236 2470 280 2506 P.
303 2469 508 2506 Antonius
528 2467 677 2503 Araoz.

173 2531 185 2550 ⁵
238 2529 345 2567 Vide
364 2542 402 2576 p.
421 2528 502 2566 353.
