<?xml version="1.0" encoding="UTF-8"?>
<!DOCTYPE html PUBLIC "-//W3C//DTD XHTML 1.0 Transitional//EN"
    "http://www.w3.org/TR/xhtml1/DTD/xhtml1-transitional.dtd">
<html xmlns="http://www.w3.org/1999/xhtml" xml:lang="en" lang="en">
 <head>
  <title>
</title>
<meta http-equiv="Content-Type" content="text/html;charset=utf-8" />
  <meta name='ocr-system' content='tesseract 3.04.00' />
  <meta name='ocr-capabilities' content='ocr_page ocr_carea ocr_par ocr_line ocrx_word'/>
</head>
<body>
  <div class='ocr_page' id='page_1' title='image "./litteraequadrime1806lain_0838.png"; bbox 0 0 1908 3446; ppageno 0'>
   <div class='ocr_carea' id='block_1_1' title="bbox 265 185 1356 232">
    <p class='ocr_par' dir='ltr' id='par_1_1' title="bbox 265 185 1356 232">
     <span class='ocr_line' id='line_1_1' title="bbox 265 185 1356 232; baseline 0 -8"><span class='ocrx_word' id='word_1_1' title='bbox 265 187 335 225; x_wconf 88' lang='grc'><em>818</em></span> <span class='ocrx_word' id='word_1_2' title='bbox 753 185 973 224; x_wconf 81' lang='lat' dir='ltr'><strong>LITTERAE</strong></span> <span class='ocrx_word' id='word_1_3' title='bbox 999 186 1356 232; x_wconf 81' lang='lat' dir='ltr'><strong>QUADRIMESTRES</strong></span> 
     </span>
    </p>
   </div>
   <div class='ocr_carea' id='block_1_2' title="bbox 514 412 1550 591">
    <p class='ocr_par' dir='ltr' id='par_1_2' title="bbox 514 412 1550 591">
     <span class='ocr_line' id='line_1_2' title="bbox 975 412 1089 463; baseline -0.009 0"><span class='ocrx_word' id='word_1_4' title='bbox 975 412 1089 463; x_wconf 74' lang='grc'><em>420</em></span> 
     </span>
     <span class='ocr_line' id='line_1_3' title="bbox 514 542 1550 591; baseline 0.003 -3"><span class='ocrx_word' id='word_1_5' title='bbox 514 544 565 590; x_wconf 86' lang='grc' dir='ltr'><em>Ρ.</em></span> <span class='ocrx_word' id='word_1_6' title='bbox 602 542 1036 589; x_wconf 82' lang='lat' dir='ltr'>FRANCISCUS</span> <span class='ocrx_word' id='word_1_7' title='bbox 1071 543 1550 591; x_wconf 84' lang='lat' dir='ltr'>HAEMEROLUS</span> 
     </span>
    </p>
   </div>
   <div class='ocr_carea' id='block_1_3' title="bbox 688 656 1367 694">
    <p class='ocr_par' dir='ltr' id='par_1_3' title="bbox 688 656 1367 694">
     <span class='ocr_line' id='line_1_4' title="bbox 688 656 1367 694; baseline 0.003 -2"><span class='ocrx_word' id='word_1_8' title='bbox 688 666 869 693; x_wconf 85' lang='lat' dir='ltr'>COLONIA</span> <span class='ocrx_word' id='word_1_9' title='bbox 895 656 918 692; x_wconf 85' lang='lat'>5</span> <span class='ocrx_word' id='word_1_10' title='bbox 942 666 1197 693; x_wconf 84' lang='lat' dir='ltr'>SEPTEMBRIS</span> <span class='ocrx_word' id='word_1_11' title='bbox 1225 656 1315 694; x_wconf 80' lang='lat'>1560</span> <span class='ocrx_word' id='word_1_12' title='bbox 1342 658 1367 694; x_wconf 91' lang='lat'><em>¹.</em></span> 
     </span>
    </p>
   </div>
   <div class='ocr_carea' id='block_1_4' title="bbox 217 763 1845 1212">
    <p class='ocr_par' dir='ltr' id='par_1_4' title="bbox 217 763 1845 1212">
     <span class='ocr_line' id='line_1_5' title="bbox 217 763 1844 815; baseline 0.004 -13"><span class='ocrx_word' id='word_1_13' title='bbox 217 764 250 802; x_wconf 92' lang='lat' dir='ltr'><em>l.</em></span> <span class='ocrx_word' id='word_1_14' title='bbox 275 763 519 804; x_wconf 74' lang='lat' dir='ltr'><em>Sociorum</em></span> <span class='ocrx_word' id='word_1_15' title='bbox 540 777 775 810; x_wconf 48' lang='lat' dir='ltr'><em>munera&amp;</em></span> <span class='ocrx_word' id='word_1_16' title='bbox 794 764 1032 815; x_wconf 76' lang='lat' dir='ltr'><em>profectus</em></span> <span class='ocrx_word' id='word_1_17' title='bbox 1054 764 1102 803; x_wconf 74' lang='lat' dir='ltr'><em>in</em></span> <span class='ocrx_word' id='word_1_18' title='bbox 1131 764 1413 815; x_wconf 47' lang='lat' dir='ltr'><em>spiritu—2.</em></span> <span class='ocrx_word' id='word_1_19' title='bbox 1441 766 1685 806; x_wconf 79' lang='lat' dir='ltr'><em>Comitissa</em></span> <span class='ocrx_word' id='word_1_20' title='bbox 1715 770 1844 808; x_wconf 85' lang='lat' dir='ltr'><em>eccle-</em></span> 
     </span>
     <span class='ocr_line' id='line_1_6' title="bbox 294 829 1844 881; baseline 0.003 -13"><span class='ocrx_word' id='word_1_21' title='bbox 294 830 389 869; x_wconf 83' lang='lat' dir='ltr'><em>siae</em></span> <span class='ocrx_word' id='word_1_22' title='bbox 412 830 533 869; x_wconf 78' lang='lat' dir='ltr'><em>Stae.</em></span> <span class='ocrx_word' id='word_1_23' title='bbox 565 831 757 870; x_wconf 75' lang='lat' dir='ltr'><em>Ursalae</em></span> <span class='ocrx_word' id='word_1_24' title='bbox 774 829 1038 880; x_wconf 72' lang='lat' dir='ltr'><em>praeposita</em></span> <span class='ocrx_word' id='word_1_25' title='bbox 1070 829 1187 869; x_wconf 75' lang='lat' dir='ltr'><em>illud</em></span> <span class='ocrx_word' id='word_1_26' title='bbox 1217 832 1432 881; x_wconf 74' lang='lat' dir='ltr'><em>templum</em></span> <span class='ocrx_word' id='word_1_27' title='bbox 1460 832 1633 871; x_wconf 77' lang='lat' dir='ltr'><em>nostris</em></span> <span class='ocrx_word' id='word_1_28' title='bbox 1663 835 1844 873; x_wconf 76' lang='lat' dir='ltr'><em>tradere</em></span> 
     </span>
     <span class='ocr_line' id='line_1_7' title="bbox 294 896 1845 950; baseline 0.002 -16"><span class='ocrx_word' id='word_1_29' title='bbox 294 897 435 940; x_wconf 75' lang='lat' dir='ltr'><em>vellet.</em></span> <span class='ocrx_word' id='word_1_30' title='bbox 482 896 735 935; x_wconf 66' lang='lat' dir='ltr'><em>Contiones.</em></span> <span class='ocrx_word' id='word_1_31' title='bbox 775 896 1072 934; x_wconf 76' lang='lat' dir='ltr'><em>Peccatorum</em></span> <span class='ocrx_word' id='word_1_32' title='bbox 1113 896 1444 936; x_wconf 76' lang='lat' dir='ltr'><em>conversiones.</em></span> <span class='ocrx_word' id='word_1_33' title='bbox 1490 897 1686 950; x_wconf 79' lang='lat' dir='ltr'><em>Collegiz‘</em></span> <span class='ocrx_word' id='word_1_34' title='bbox 1725 901 1845 950; x_wconf 76' lang='lat' dir='ltr'><em>apud</em></span> 
     </span>
     <span class='ocr_line' id='line_1_8' title="bbox 294 960 1843 1015; baseline 0.003 -15"><span class='ocrx_word' id='word_1_35' title='bbox 294 964 501 1001; x_wconf 74' lang='lat' dir='ltr'><em>externos</em></span> <span class='ocrx_word' id='word_1_36' title='bbox 521 960 920 1001; x_wconf 54' lang='lat' dir='ltr'><em>existimarim—3.</em></span> <span class='ocrx_word' id='word_1_37' title='bbox 948 961 1239 1002; x_wconf 68' lang='lat' dir='ltr'><em>Convictores</em></span> <span class='ocrx_word' id='word_1_38' title='bbox 1269 962 1452 1013; x_wconf 74' lang='lat' dir='ltr'><em>optimis</em></span> <span class='ocrx_word' id='word_1_39' title='bbox 1482 964 1688 1003; x_wconf 71' lang='lat' dir='ltr'><em>moribus</em></span> <span class='ocrx_word' id='word_1_40' title='bbox 1714 968 1843 1015; x_wconf 68' lang='lat' dir='ltr'><em>prae-</em></span> 
     </span>
     <span class='ocr_line' id='line_1_9' title="bbox 295 1025 1843 1081; baseline 0.003 -17"><span class='ocrx_word' id='word_1_41' title='bbox 295 1026 393 1074; x_wconf 69' lang='lat' dir='ltr'><em>diti,</em></span> <span class='ocrx_word' id='word_1_42' title='bbox 427 1030 466 1066; x_wconf 82' lang='lat' dir='ltr'><em>et</em></span> <span class='ocrx_word' id='word_1_43' title='bbox 488 1040 577 1065; x_wconf 74' lang='lat' dir='ltr'><em>non</em></span> <span class='ocrx_word' id='word_1_44' title='bbox 594 1025 734 1077; x_wconf 75' lang='lat' dir='ltr'><em>pauci</em></span> <span class='ocrx_word' id='word_1_45' title='bbox 754 1027 1004 1079; x_wconf 72' lang='lat' dir='ltr'><em>religiosae</em></span> <span class='ocrx_word' id='word_1_46' title='bbox 1021 1027 1320 1079; x_wconf 72' lang='lat' dir='ltr'><em>perfectionis</em></span> <span class='ocrx_word' id='word_1_47' title='bbox 1342 1028 1611 1079; x_wconf 74' lang='lat' dir='ltr'><em>capidi.—4.</em></span> <span class='ocrx_word' id='word_1_48' title='bbox 1636 1029 1843 1081; x_wconf 71' lang='lat' dir='ltr'><em>Discipu-</em></span> 
     </span>
     <span class='ocr_line' id='line_1_10' title="bbox 293 1092 1842 1146; baseline 0.003 -17"><span class='ocrx_word' id='word_1_49' title='bbox 293 1092 445 1130; x_wconf 79' lang='lat' dir='ltr'><em>lorum</em></span> <span class='ocrx_word' id='word_1_50' title='bbox 475 1105 709 1139; x_wconf 77' lang='lat' dir='ltr'><em>nmnerus;</em></span> <span class='ocrx_word' id='word_1_51' title='bbox 740 1092 1197 1132; x_wconf 61' lang='lat' dir='ltr'><em>exercitationes—5.</em></span> <span class='ocrx_word' id='word_1_52' title='bbox 1232 1094 1296 1133; x_wconf 89' lang='lat' dir='ltr'><em>De</em></span> <span class='ocrx_word' id='word_1_53' title='bbox 1330 1107 1445 1133; x_wconf 77' lang='lat' dir='ltr'><em>novo</em></span> <span class='ocrx_word' id='word_1_54' title='bbox 1481 1094 1675 1146; x_wconf 83' lang='lat' dir='ltr'><em>collegio</em></span> <span class='ocrx_word' id='word_1_55' title='bbox 1711 1095 1842 1134; x_wconf 78' lang='lat' dir='ltr'><em>trevi-</em></span> 
     </span>
     <span class='ocr_line' id='line_1_11' title="bbox 292 1157 1772 1212; baseline 0.003 -17"><span class='ocrx_word' id='word_1_56' title='bbox 292 1157 531 1196; x_wconf 76' lang='lat' dir='ltr'><em>rensi.——6.</em></span> <span class='ocrx_word' id='word_1_57' title='bbox 554 1159 616 1197; x_wconf 91' lang='lat' dir='ltr'><em>De</em></span> <span class='ocrx_word' id='word_1_58' title='bbox 639 1158 870 1208; x_wconf 73' lang='lat' dir='ltr'><em>aliqm’bus</em></span> <span class='ocrx_word' id='word_1_59' title='bbox 892 1158 1078 1210; x_wconf 78' lang='lat' dir='ltr'><em>collegii</em></span> <span class='ocrx_word' id='word_1_60' title='bbox 1099 1158 1371 1198; x_wconf 77' lang='lat' dir='ltr'><em>coloniensis</em></span> <span class='ocrx_word' id='word_1_61' title='bbox 1394 1160 1772 1212; x_wconf 74' lang='lat' dir='ltr'><em>benefactoribus.</em></span> 
     </span>
    </p>
   </div>
   <div class='ocr_carea' id='block_1_5' title="bbox 204 1275 1842 2613">
    <p class='ocr_par' dir='ltr' id='par_1_5' title="bbox 204 1275 1842 2613">
     <span class='ocr_line' id='line_1_12' title="bbox 270 1275 1841 1326; baseline 0.003 -14"><span class='ocrx_word' id='word_1_62' title='bbox 270 1286 303 1313; x_wconf 88' lang='lat'><em>1.</em></span> <span class='ocrx_word' id='word_1_63' title='bbox 364 1277 452 1313; x_wconf 85' lang='lat' dir='ltr'><em>Pax</em></span> <span class='ocrx_word' id='word_1_64' title='bbox 476 1275 652 1315; x_wconf 76' lang='lat' dir='ltr'><em>Christi.</em></span> <span class='ocrx_word' id='word_1_65' title='bbox 679 1277 830 1314; x_wconf 89' lang='lat' dir='ltr'><em>Monet</em></span> <span class='ocrx_word' id='word_1_66' title='bbox 850 1290 931 1314; x_wconf 89' lang='lat' dir='ltr'><em>nos</em></span> <span class='ocrx_word' id='word_1_67' title='bbox 954 1276 1085 1326; x_wconf 84' lang='lat' dir='ltr'><em>officij</em></span> <span class='ocrx_word' id='word_1_68' title='bbox 1105 1277 1244 1315; x_wconf 83' lang='lat' dir='ltr'><em>nostri</em></span> <span class='ocrx_word' id='word_1_69' title='bbox 1260 1278 1486 1325; x_wconf 89' lang='lat' dir='ltr'><em>memoria,</em></span> <span class='ocrx_word' id='word_1_70' title='bbox 1511 1279 1609 1317; x_wconf 65' lang='lat' dir='ltr'><em>Rde</em></span> <span class='ocrx_word' id='word_1_71' title='bbox 1635 1279 1677 1317; x_wconf 91' lang='lat' dir='ltr'><em>in</em></span> <span class='ocrx_word' id='word_1_72' title='bbox 1700 1280 1841 1319; x_wconf 89' lang='lat' dir='ltr'><em>Chris-</em></span> 
     </span>
     <span class='ocr_line' id='line_1_13' title="bbox 212 1346 1842 1401; baseline 0.003 -18"><span class='ocrx_word' id='word_1_73' title='bbox 212 1351 257 1384; x_wconf 93' lang='lat' dir='ltr'><em>to</em></span> <span class='ocrx_word' id='word_1_74' title='bbox 282 1347 347 1394; x_wconf 71' lang='lat' dir='ltr'><em>R,</em></span> <span class='ocrx_word' id='word_1_75' title='bbox 372 1352 418 1384; x_wconf 87' lang='lat' dir='ltr'><em>vt</em></span> <span class='ocrx_word' id='word_1_76' title='bbox 440 1359 551 1397; x_wconf 82' lang='lat' dir='ltr'><em>quae</em></span> <span class='ocrx_word' id='word_1_77' title='bbox 574 1360 650 1397; x_wconf 85' lang='lat' dir='ltr'><em>per</em></span> <span class='ocrx_word' id='word_1_78' title='bbox 671 1360 751 1385; x_wconf 88' lang='lat' dir='ltr'><em>nos</em></span> <span class='ocrx_word' id='word_1_79' title='bbox 773 1347 856 1385; x_wconf 91' lang='lat' dir='ltr'><em>Dei</em></span> <span class='ocrx_word' id='word_1_80' title='bbox 879 1346 1114 1385; x_wconf 86' lang='lat' dir='ltr'><em>clementia</em></span> <span class='ocrx_word' id='word_1_81' title='bbox 1130 1348 1217 1386; x_wconf 90' lang='lat' dir='ltr'><em>hoc</em></span> <span class='ocrx_word' id='word_1_82' title='bbox 1234 1348 1541 1398; x_wconf 88' lang='lat' dir='ltr'><em>quadrimestri</em></span> <span class='ocrx_word' id='word_1_83' title='bbox 1559 1351 1730 1401; x_wconf 88' lang='lat' dir='ltr'><em>operari</em></span> <span class='ocrx_word' id='word_1_84' title='bbox 1751 1350 1842 1401; x_wconf 81' lang='lat' dir='ltr'><em>dig-</em></span> 
     </span>
     <span class='ocr_line' id='line_1_14' title="bbox 209 1418 1840 1468; baseline 0.003 -14"><span class='ocrx_word' id='word_1_85' title='bbox 209 1421 310 1454; x_wconf 87' lang='lat' dir='ltr'><em>nata</em></span> <span class='ocrx_word' id='word_1_86' title='bbox 333 1422 414 1464; x_wconf 89' lang='lat' dir='ltr'><em>est,</em></span> <span class='ocrx_word' id='word_1_87' title='bbox 438 1431 525 1455; x_wconf 92' lang='lat' dir='ltr'><em>non</em></span> <span class='ocrx_word' id='word_1_88' title='bbox 547 1431 780 1468; x_wconf 79' lang='lat' dir='ltr'><em>grauemur</em></span> <span class='ocrx_word' id='word_1_89' title='bbox 802 1419 1048 1456; x_wconf 76' lang='lat' dir='ltr'><em>luculenter</em></span> <span class='ocrx_word' id='word_1_90' title='bbox 1070 1418 1278 1457; x_wconf 90' lang='lat' dir='ltr'><em>indicare.</em></span> <span class='ocrx_word' id='word_1_91' title='bbox 1304 1420 1358 1457; x_wconf 86' lang='lat' dir='ltr'><em>Et</em></span> <span class='ocrx_word' id='word_1_92' title='bbox 1377 1432 1432 1458; x_wconf 93' lang='lat' dir='ltr'><em>ne</em></span> <span class='ocrx_word' id='word_1_93' title='bbox 1455 1421 1503 1458; x_wconf 85' lang='lat' dir='ltr'><em>R.</em></span> <span class='ocrx_word' id='word_1_94' title='bbox 1535 1422 1581 1458; x_wconf 83' lang='lat' dir='ltr'><em>P.</em></span> <span class='ocrx_word' id='word_1_95' title='bbox 1615 1421 1664 1459; x_wconf 92' lang='lat' dir='ltr'><em>T.</em></span> <span class='ocrx_word' id='word_1_96' title='bbox 1697 1422 1840 1459; x_wconf 88' lang='lat' dir='ltr'><em>amba-</em></span> 
     </span>
     <span class='ocr_line' id='line_1_15' title="bbox 211 1489 1839 1542; baseline 0.003 -16"><span class='ocrx_word' id='word_1_97' title='bbox 211 1489 337 1538; x_wconf 82' lang='lat' dir='ltr'>gibus</span> <span class='ocrx_word' id='word_1_98' title='bbox 358 1502 645 1537; x_wconf 78' lang='lat' dir='ltr'><em>remoremur,</em></span> <span class='ocrx_word' id='word_1_99' title='bbox 670 1503 694 1527; x_wconf 90' lang='lat' dir='ltr'><em>a</em></span> <span class='ocrx_word' id='word_1_100' title='bbox 716 1490 969 1528; x_wconf 79' lang='lat' dir='ltr'><em>domesticis</em></span> <span class='ocrx_word' id='word_1_101' title='bbox 991 1491 1192 1541; x_wconf 84' lang='lat' dir='ltr'><em>negocijs</em></span> <span class='ocrx_word' id='word_1_102' title='bbox 1211 1491 1439 1530; x_wconf 84' lang='lat' dir='ltr'><em>exordium</em></span> <span class='ocrx_word' id='word_1_103' title='bbox 1457 1504 1693 1531; x_wconf 85' lang='lat' dir='ltr'><em>sumemus.</em></span> <span class='ocrx_word' id='word_1_104' title='bbox 1716 1493 1839 1542; x_wconf 79' lang='lat' dir='ltr'><em>Quae</em></span> 
     </span>
     <span class='ocr_line' id='line_1_16' title="bbox 212 1560 1837 1614; baseline 0.003 -17"><span class='ocrx_word' id='word_1_105' title='bbox 212 1560 387 1609; x_wconf 88' lang='lat' dir='ltr'><em>quidem</em></span> <span class='ocrx_word' id='word_1_106' title='bbox 411 1574 510 1599; x_wconf 88' lang='lat' dir='ltr'><em>sese</em></span> <span class='ocrx_word' id='word_1_107' title='bbox 534 1562 573 1598; x_wconf 90' lang='lat' dir='ltr'><em>in</em></span> <span class='ocrx_word' id='word_1_108' title='bbox 595 1562 710 1599; x_wconf 88' lang='lat' dir='ltr'><em>hunc</em></span> <span class='ocrx_word' id='word_1_109' title='bbox 732 1560 908 1599; x_wconf 90' lang='lat' dir='ltr'><em>modum</em></span> <span class='ocrx_word' id='word_1_110' title='bbox 930 1562 1111 1600; x_wconf 88' lang='lat' dir='ltr'><em>habent:</em></span> <span class='ocrx_word' id='word_1_111' title='bbox 1135 1562 1247 1600; x_wconf 86' lang='lat' dir='ltr'><em>inter</em></span> <span class='ocrx_word' id='word_1_112' title='bbox 1270 1568 1360 1600; x_wconf 89' lang='lat' dir='ltr'><em>tres</em></span> <span class='ocrx_word' id='word_1_113' title='bbox 1382 1563 1516 1602; x_wconf 86' lang='lat' dir='ltr'><em>aedes</em></span> <span class='ocrx_word' id='word_1_114' title='bbox 1537 1563 1837 1614; x_wconf 87' lang='lat' dir='ltr'><em>amplissimas,</em></span> 
     </span>
     <span class='ocr_line' id='line_1_17' title="bbox 210 1632 1839 1686; baseline 0.003 -17"><span class='ocrx_word' id='word_1_115' title='bbox 210 1645 323 1670; x_wconf 85' lang='lat' dir='ltr'><em>vnae</em></span> <span class='ocrx_word' id='word_1_116' title='bbox 346 1633 620 1683; x_wconf 88' lang='lat' dir='ltr'><em>potissimum</em></span> <span class='ocrx_word' id='word_1_117' title='bbox 641 1634 798 1671; x_wconf 86' lang='lat' dir='ltr'><em>fratres</em></span> <span class='ocrx_word' id='word_1_118' title='bbox 821 1632 1061 1672; x_wconf 85' lang='lat' dir='ltr'><em>Societatis</em></span> <span class='ocrx_word' id='word_1_119' title='bbox 1091 1647 1168 1684; x_wconf 90' lang='lat' dir='ltr'><em>pro</em></span> <span class='ocrx_word' id='word_1_120' title='bbox 1187 1634 1340 1672; x_wconf 87' lang='lat' dir='ltr'><em>incolis</em></span> <span class='ocrx_word' id='word_1_121' title='bbox 1362 1635 1540 1682; x_wconf 88' lang='lat' dir='ltr'><em>habent,</em></span> <span class='ocrx_word' id='word_1_122' title='bbox 1564 1636 1636 1686; x_wconf 89' lang='lat' dir='ltr'><em>qui</em></span> <span class='ocrx_word' id='word_1_123' title='bbox 1656 1648 1839 1674; x_wconf 91' lang='lat' dir='ltr'><em>numero</em></span> 
     </span>
     <span class='ocr_line' id='line_1_18' title="bbox 211 1704 1840 1758; baseline 0.003 -18"><span class='ocrx_word' id='word_1_124' title='bbox 211 1708 309 1741; x_wconf 87' lang='lat' dir='ltr'><em>sunt</em></span> <span class='ocrx_word' id='word_1_125' title='bbox 332 1713 381 1751; x_wconf 74' lang='lat'><em>54</em></span> <span class='ocrx_word' id='word_1_126' title='bbox 402 1708 431 1750; x_wconf 82' lang='lat'><em>²,</em></span> <span class='ocrx_word' id='word_1_127' title='bbox 455 1704 568 1742; x_wconf 87' lang='lat' dir='ltr'><em>inter</em></span> <span class='ocrx_word' id='word_1_128' title='bbox 590 1717 699 1754; x_wconf 89' lang='lat' dir='ltr'><em>quos</em></span> <span class='ocrx_word' id='word_1_129' title='bbox 720 1704 979 1742; x_wconf 81' lang='lat' dir='ltr'><em>sacerdotes</em></span> <span class='ocrx_word' id='word_1_130' title='bbox 1003 1710 1102 1742; x_wconf 90' lang='lat' dir='ltr'><em>sunt</em></span> <span class='ocrx_word' id='word_1_131' title='bbox 1128 1715 1187 1752; x_wconf 85' lang='lat'><em>13,</em></span> <span class='ocrx_word' id='word_1_132' title='bbox 1211 1711 1501 1756; x_wconf 82' lang='lat' dir='ltr'><em>preceptores</em></span> <span class='ocrx_word' id='word_1_133' title='bbox 1523 1719 1630 1744; x_wconf 91' lang='lat' dir='ltr'><em>vero</em></span> <span class='ocrx_word' id='word_1_134' title='bbox 1670 1717 1730 1754; x_wconf 86' lang='lat'><em>12,</em></span> <span class='ocrx_word' id='word_1_135' title='bbox 1768 1705 1840 1758; x_wconf 89' lang='lat' dir='ltr'><em>qui</em></span> 
     </span>
     <span class='ocr_line' id='line_1_19' title="bbox 209 1775 1840 1826; baseline 0.002 -14"><span class='ocrx_word' id='word_1_136' title='bbox 209 1780 388 1812; x_wconf 87' lang='lat' dir='ltr'><em>strenue</em></span> <span class='ocrx_word' id='word_1_137' title='bbox 411 1775 452 1813; x_wconf 86' lang='lat' dir='ltr'><em>in</em></span> <span class='ocrx_word' id='word_1_138' title='bbox 483 1775 644 1813; x_wconf 82' lang='lat' dir='ltr'><em>scholis</em></span> <span class='ocrx_word' id='word_1_139' title='bbox 674 1776 871 1826; x_wconf 78' lang='lat' dir='ltr'><em>quotidie</em></span> <span class='ocrx_word' id='word_1_140' title='bbox 905 1776 1068 1814; x_wconf 87' lang='lat' dir='ltr'><em>docent</em></span> <span class='ocrx_word' id='word_1_141' title='bbox 1099 1790 1197 1815; x_wconf 87' lang='lat' dir='ltr'><em>cum</em></span> <span class='ocrx_word' id='word_1_142' title='bbox 1229 1777 1528 1816; x_wconf 78' lang='lat' dir='ltr'><em>satisfactione</em></span> <span class='ocrx_word' id='word_1_143' title='bbox 1564 1778 1754 1816; x_wconf 89' lang='lat' dir='ltr'><em>omnium</em></span> <span class='ocrx_word' id='word_1_144' title='bbox 1788 1791 1840 1816; x_wconf 87' lang='lat' dir='ltr'><em>ac</em></span> 
     </span>
     <span class='ocr_line' id='line_1_20' title="bbox 207 1844 1836 1900; baseline 0.004 -18"><span class='ocrx_word' id='word_1_145' title='bbox 207 1845 351 1883; x_wconf 84' lang='lat' dir='ltr'><em>fructu</em></span> <span class='ocrx_word' id='word_1_146' title='bbox 373 1846 609 1884; x_wconf 84' lang='lat' dir='ltr'><em>animarum</em></span> <span class='ocrx_word' id='word_1_147' title='bbox 634 1846 869 1884; x_wconf 83' lang='lat' dir='ltr'><em>vberrirno.</em></span> <span class='ocrx_word' id='word_1_148' title='bbox 895 1848 1005 1886; x_wconf 85' lang='lat' dir='ltr'><em>Sunt</em></span> <span class='ocrx_word' id='word_1_149' title='bbox 1039 1853 1272 1898; x_wconf 88' lang='lat' dir='ltr'><em>praeterea</em></span> <span class='ocrx_word' id='word_1_150' title='bbox 1305 1849 1419 1886; x_wconf 89' lang='lat' dir='ltr'><em>inter</em></span> <span class='ocrx_word' id='word_1_151' title='bbox 1449 1849 1530 1887; x_wconf 91' lang='lat' dir='ltr'><em>hos</em></span> <span class='ocrx_word' id='word_1_152' title='bbox 1563 1859 1607 1887; x_wconf 90' lang='lat'><em>12</em></span> <span class='ocrx_word' id='word_1_153' title='bbox 1637 1844 1836 1900; x_wconf 84' lang='lat' dir='ltr'><em>proximo</em></span> 
     </span>
     <span class='ocr_line' id='line_1_21' title="bbox 207 1916 1837 1969; baseline 0.002 -15"><span class='ocrx_word' id='word_1_154' title='bbox 207 1916 513 1966; x_wconf 85' lang='lat' dir='ltr'><em>quadrimestri</em></span> <span class='ocrx_word' id='word_1_155' title='bbox 531 1917 769 1968; x_wconf 76' lang='lat' dir='ltr'><em>magisterij</em></span> <span class='ocrx_word' id='word_1_156' title='bbox 790 1918 917 1955; x_wconf 90' lang='lat' dir='ltr'><em>titulo</em></span> <span class='ocrx_word' id='word_1_157' title='bbox 936 1918 1145 1965; x_wconf 80' lang='lat' dir='ltr'><em>initiandi,</em></span> <span class='ocrx_word' id='word_1_158' title='bbox 1165 1919 1237 1969; x_wconf 88' lang='lat' dir='ltr'><em>qui</em></span> <span class='ocrx_word' id='word_1_159' title='bbox 1253 1920 1436 1962; x_wconf 84' lang='lat' dir='ltr'><em>aliorum</em></span> <span class='ocrx_word' id='word_1_160' title='bbox 1452 1920 1627 1957; x_wconf 87' lang='lat' dir='ltr'><em>labores</em></span> <span class='ocrx_word' id='word_1_161' title='bbox 1643 1920 1837 1958; x_wconf 92' lang='lat' dir='ltr'><em>nonnihil</em></span> 
     </span>
     <span class='ocr_line' id='line_1_22' title="bbox 208 1988 1836 2041; baseline 0.002 -16"><span class='ocrx_word' id='word_1_162' title='bbox 208 1988 408 2039; x_wconf 79' lang='lat' dir='ltr'><em>mitigare</em></span> <span class='ocrx_word' id='word_1_163' title='bbox 431 1994 606 2039; x_wconf 87' lang='lat' dir='ltr'><em>queant.</em></span> <span class='ocrx_word' id='word_1_164' title='bbox 634 1990 801 2040; x_wconf 78' lang='lat' dir='ltr'><em>Reliqui</em></span> <span class='ocrx_word' id='word_1_165' title='bbox 824 2002 931 2027; x_wconf 87' lang='lat' dir='ltr'><em>vero</em></span> <span class='ocrx_word' id='word_1_166' title='bbox 955 1989 1268 2041; x_wconf 88' lang='lat' dir='ltr'><em>discipulorum</em></span> <span class='ocrx_word' id='word_1_167' title='bbox 1299 1991 1444 2029; x_wconf 83' lang='lat' dir='ltr'><em>munia</em></span> <span class='ocrx_word' id='word_1_168' title='bbox 1466 1991 1646 2039; x_wconf 89' lang='lat' dir='ltr'><em>obeunt,</em></span> <span class='ocrx_word' id='word_1_169' title='bbox 1680 1997 1724 2029; x_wconf 91' lang='lat' dir='ltr'><em>et</em></span> <span class='ocrx_word' id='word_1_170' title='bbox 1746 1991 1836 2030; x_wconf 91' lang='lat' dir='ltr'><em>dili-</em></span> 
     </span>
     <span class='ocr_line' id='line_1_23' title="bbox 209 2060 1837 2113; baseline 0.002 -16"><span class='ocrx_word' id='word_1_171' title='bbox 209 2065 367 2110; x_wconf 81' lang='lat' dir='ltr'><em>genter</em></span> <span class='ocrx_word' id='word_1_172' title='bbox 401 2060 442 2097; x_wconf 90' lang='lat' dir='ltr'><em>in</em></span> <span class='ocrx_word' id='word_1_173' title='bbox 478 2061 614 2098; x_wconf 87' lang='lat' dir='ltr'><em>literis</em></span> <span class='ocrx_word' id='word_1_174' title='bbox 636 2067 796 2098; x_wconf 84' lang='lat' dir='ltr'><em>nauant</em></span> <span class='ocrx_word' id='word_1_175' title='bbox 819 2074 1012 2111; x_wconf 87' lang='lat' dir='ltr'><em>operam,</em></span> <span class='ocrx_word' id='word_1_176' title='bbox 1046 2061 1101 2099; x_wconf 91' lang='lat' dir='ltr'><em>de</em></span> <span class='ocrx_word' id='word_1_177' title='bbox 1133 2062 1289 2112; x_wconf 85' lang='lat' dir='ltr'><em>quibus</em></span> <span class='ocrx_word' id='word_1_178' title='bbox 1319 2068 1476 2112; x_wconf 90' lang='lat' dir='ltr'><em>postea</em></span> <span class='ocrx_word' id='word_1_179' title='bbox 1511 2068 1717 2113; x_wconf 88' lang='lat' dir='ltr'><em>suppetet</em></span> <span class='ocrx_word' id='word_1_180' title='bbox 1752 2076 1837 2101; x_wconf 88' lang='lat' dir='ltr'><em>ma-</em></span> 
     </span>
     <span class='ocr_line' id='line_1_24' title="bbox 208 2131 1836 2184; baseline 0.002 -16"><span class='ocrx_word' id='word_1_181' title='bbox 208 2131 274 2168; x_wconf 88' lang='lat' dir='ltr'><em>ior</em></span> <span class='ocrx_word' id='word_1_182' title='bbox 306 2131 480 2169; x_wconf 88' lang='lat' dir='ltr'><em>dicendi</em></span> <span class='ocrx_word' id='word_1_183' title='bbox 503 2132 790 2182; x_wconf 88' lang='lat' dir='ltr'><em>oportunitas.</em></span> <span class='ocrx_word' id='word_1_184' title='bbox 825 2132 990 2171; x_wconf 90' lang='lat' dir='ltr'><em>Omnes</em></span> <span class='ocrx_word' id='word_1_185' title='bbox 1020 2133 1197 2183; x_wconf 89' lang='lat' dir='ltr'><em>quidem</em></span> <span class='ocrx_word' id='word_1_186' title='bbox 1228 2138 1351 2171; x_wconf 88' lang='lat' dir='ltr'><em>recte</em></span> <span class='ocrx_word' id='word_1_187' title='bbox 1382 2134 1545 2181; x_wconf 89' lang='lat' dir='ltr'><em>ualent,</em></span> <span class='ocrx_word' id='word_1_188' title='bbox 1580 2139 1624 2171; x_wconf 89' lang='lat' dir='ltr'><em>et</em></span> <span class='ocrx_word' id='word_1_189' title='bbox 1654 2134 1836 2184; x_wconf 88' lang='lat' dir='ltr'><em>quisque</em></span> 
     </span>
     <span class='ocr_line' id='line_1_25' title="bbox 210 2201 1836 2256; baseline 0.002 -17"><span class='ocrx_word' id='word_1_190' title='bbox 210 2202 326 2251; x_wconf 88' lang='lat' dir='ltr'><em>quod</em></span> <span class='ocrx_word' id='word_1_191' title='bbox 360 2201 639 2240; x_wconf 82' lang='lat' dir='ltr'><em>obedientiae</em></span> <span class='ocrx_word' id='word_1_192' title='bbox 671 2204 781 2241; x_wconf 87' lang='lat' dir='ltr'><em>ratio</em></span> <span class='ocrx_word' id='word_1_193' title='bbox 813 2204 983 2251; x_wconf 89' lang='lat' dir='ltr'><em>suadet,</em></span> <span class='ocrx_word' id='word_1_194' title='bbox 1020 2217 1107 2242; x_wconf 94' lang='lat' dir='ltr'><em>non</em></span> <span class='ocrx_word' id='word_1_195' title='bbox 1128 2205 1324 2255; x_wconf 82' lang='lat' dir='ltr'><em>segniter</em></span> <span class='ocrx_word' id='word_1_196' title='bbox 1348 2206 1595 2256; x_wconf 83' lang='lat' dir='ltr'><em>exequitur.</em></span> <span class='ocrx_word' id='word_1_197' title='bbox 1620 2206 1666 2242; x_wconf 93' lang='lat' dir='ltr'><em>In</em></span> <span class='ocrx_word' id='word_1_198' title='bbox 1689 2205 1836 2244; x_wconf 86' lang='lat' dir='ltr'><em>obser-</em></span> 
     </span>
     <span class='ocr_line' id='line_1_26' title="bbox 208 2273 1837 2327; baseline 0.003 -17"><span class='ocrx_word' id='word_1_199' title='bbox 208 2273 387 2311; x_wconf 89' lang='lat' dir='ltr'><em>uatione</em></span> <span class='ocrx_word' id='word_1_200' title='bbox 427 2275 677 2325; x_wconf 82' lang='lat' dir='ltr'><em>regularum</em></span> <span class='ocrx_word' id='word_1_201' title='bbox 717 2274 954 2314; x_wconf 86' lang='lat' dir='ltr'><em>Societatis</em></span> <span class='ocrx_word' id='word_1_202' title='bbox 989 2276 1187 2326; x_wconf 89' lang='lat' dir='ltr'><em>(quarum</em></span> <span class='ocrx_word' id='word_1_203' title='bbox 1229 2276 1566 2326; x_wconf 84' lang='lat' dir='ltr'><em>explicationem</em></span> <span class='ocrx_word' id='word_1_204' title='bbox 1603 2277 1837 2327; x_wconf 89' lang='lat' dir='ltr'><em>superiori-</em></span> 
     </span>
     <span class='ocr_line' id='line_1_27' title="bbox 205 2344 1835 2397; baseline 0.002 -15"><span class='ocrx_word' id='word_1_205' title='bbox 205 2345 286 2382; x_wconf 88' lang='lat' dir='ltr'><em>bus</em></span> <span class='ocrx_word' id='word_1_206' title='bbox 309 2344 530 2383; x_wconf 88' lang='lat' dir='ltr'><em>mensibus</em></span> <span class='ocrx_word' id='word_1_207' title='bbox 552 2345 801 2395; x_wconf 89' lang='lat' dir='ltr'><em>audierunt)</em></span> <span class='ocrx_word' id='word_1_208' title='bbox 831 2350 844 2369; x_wconf 82' lang='lat'>³</span> <span class='ocrx_word' id='word_1_209' title='bbox 874 2346 943 2396; x_wconf 86' lang='lat' dir='ltr'><em>pia</em></span> <span class='ocrx_word' id='word_1_210' title='bbox 972 2347 1157 2397; x_wconf 87' lang='lat' dir='ltr'><em>quadam</em></span> <span class='ocrx_word' id='word_1_211' title='bbox 1189 2348 1475 2386; x_wconf 84' lang='lat' dir='ltr'><em>contentione</em></span> <span class='ocrx_word' id='word_1_212' title='bbox 1506 2349 1617 2386; x_wconf 88' lang='lat' dir='ltr'><em>alter</em></span> <span class='ocrx_word' id='word_1_213' title='bbox 1651 2349 1835 2387; x_wconf 91' lang='lat' dir='ltr'><em>alterum</em></span> 
     </span>
     <span class='ocr_line' id='line_1_28' title="bbox 208 2417 1834 2470; baseline 0.003 -17"><span class='ocrx_word' id='word_1_214' title='bbox 208 2428 418 2466; x_wconf 88' lang='lat' dir='ltr'><em>superare</em></span> <span class='ocrx_word' id='word_1_215' title='bbox 440 2417 682 2455; x_wconf 86' lang='lat' dir='ltr'><em>contendit.</em></span> <span class='ocrx_word' id='word_1_216' title='bbox 707 2418 847 2455; x_wconf 86' lang='lat' dir='ltr'><em>Tanta</em></span> <span class='ocrx_word' id='word_1_217' title='bbox 866 2418 979 2456; x_wconf 91' lang='lat' dir='ltr'><em>inter</em></span> <span class='ocrx_word' id='word_1_218' title='bbox 998 2431 1151 2456; x_wconf 90' lang='lat' dir='ltr'><em>omnes</em></span> <span class='ocrx_word' id='word_1_219' title='bbox 1169 2418 1358 2457; x_wconf 84' lang='lat' dir='ltr'><em>charitas</em></span> <span class='ocrx_word' id='word_1_220' title='bbox 1374 2418 1497 2470; x_wconf 85' lang='lat' dir='ltr'><em>viget</em></span> <span class='ocrx_word' id='word_1_221' title='bbox 1514 2425 1644 2470; x_wconf 87' lang='lat' dir='ltr'><em>atque</em></span> <span class='ocrx_word' id='word_1_222' title='bbox 1662 2420 1834 2458; x_wconf 86' lang='lat' dir='ltr'><em>modes-</em></span> 
     </span>
     <span class='ocr_line' id='line_1_29' title="bbox 207 2487 1833 2537; baseline 0.003 -13"><span class='ocrx_word' id='word_1_223' title='bbox 207 2487 282 2534; x_wconf 88' lang='lat' dir='ltr'><em>tia,</em></span> <span class='ocrx_word' id='word_1_224' title='bbox 307 2492 355 2525; x_wconf 88' lang='lat' dir='ltr'><em>vt</em></span> <span class='ocrx_word' id='word_1_225' title='bbox 375 2488 573 2526; x_wconf 88' lang='lat' dir='ltr'><em>internos</em></span> <span class='ocrx_word' id='word_1_226' title='bbox 594 2489 792 2526; x_wconf 88' lang='lat' dir='ltr'><em>alumnos</em></span> <span class='ocrx_word' id='word_1_227' title='bbox 812 2502 900 2526; x_wconf 85' lang='lat' dir='ltr'><em>non</em></span> <span class='ocrx_word' id='word_1_228' title='bbox 923 2491 1077 2537; x_wconf 88' lang='lat' dir='ltr'><em>solum,</em></span> <span class='ocrx_word' id='word_1_229' title='bbox 1103 2490 1182 2528; x_wconf 88' lang='lat' dir='ltr'><em>sed</em></span> <span class='ocrx_word' id='word_1_230' title='bbox 1205 2495 1250 2527; x_wconf 91' lang='lat' dir='ltr'><em>et</em></span> <span class='ocrx_word' id='word_1_231' title='bbox 1272 2495 1482 2529; x_wconf 88' lang='lat' dir='ltr'><em>externos</em></span> <span class='ocrx_word' id='word_1_232' title='bbox 1503 2490 1546 2528; x_wconf 91' lang='lat' dir='ltr'><em>in</em></span> <span class='ocrx_word' id='word_1_233' title='bbox 1567 2491 1631 2529; x_wconf 93' lang='lat' dir='ltr'><em>sui</em></span> <span class='ocrx_word' id='word_1_234' title='bbox 1652 2489 1833 2529; x_wconf 89' lang='lat' dir='ltr'><em>admira-</em></span> 
     </span>
     <span class='ocr_line' id='line_1_30' title="bbox 204 2558 1833 2613; baseline 0.002 -17"><span class='ocrx_word' id='word_1_235' title='bbox 204 2558 370 2596; x_wconf 89' lang='lat' dir='ltr'><em>tionem</em></span> <span class='ocrx_word' id='word_1_236' title='bbox 393 2571 444 2596; x_wconf 86' lang='lat' dir='ltr'><em>ac</em></span> <span class='ocrx_word' id='word_1_237' title='bbox 464 2558 519 2596; x_wconf 92' lang='lat' dir='ltr'><em>ad</em></span> <span class='ocrx_word' id='word_1_238' title='bbox 541 2560 703 2598; x_wconf 89' lang='lat' dir='ltr'><em>Christi</em></span> <span class='ocrx_word' id='word_1_239' title='bbox 723 2561 1061 2599; x_wconf 87' lang='lat' dir='ltr'><em>aemulationem</em></span> <span class='ocrx_word' id='word_1_240' title='bbox 1084 2561 1177 2600; x_wconf 86' lang='lat' dir='ltr'><em>sine</em></span> <span class='ocrx_word' id='word_1_241' title='bbox 1198 2562 1389 2613; x_wconf 85' lang='lat' dir='ltr'><em>negocio</em></span> <span class='ocrx_word' id='word_1_242' title='bbox 1419 2563 1689 2613; x_wconf 86' lang='lat' dir='ltr'><em>pertrahant;</em></span> <span class='ocrx_word' id='word_1_243' title='bbox 1711 2575 1833 2613; x_wconf 87' lang='lat' dir='ltr'><em>prae-</em></span> 
     </span>
    </p>
   </div>
   <div class='ocr_carea' id='block_1_6' title="bbox 202 2696 1834 2922">
    <p class='ocr_par' dir='ltr' id='par_1_6' title="bbox 202 2696 1834 2865">
     <span class='ocr_line' id='line_1_31' title="bbox 252 2696 1834 2746; baseline 0.002 -13"><span class='ocrx_word' id='word_1_244' title='bbox 252 2697 260 2716; x_wconf 92' lang='lat'>¹</span> <span class='ocrx_word' id='word_1_245' title='bbox 314 2696 377 2733; x_wconf 81' lang='lat' dir='ltr'><em>Ex</em></span> <span class='ocrx_word' id='word_1_246' title='bbox 395 2696 629 2743; x_wconf 84' lang='lat' dir='ltr'><em>apographo</em></span> <span class='ocrx_word' id='word_1_247' title='bbox 648 2709 798 2733; x_wconf 86' lang='lat' dir='ltr'><em>coaevo</em></span> <span class='ocrx_word' id='word_1_248' title='bbox 816 2697 858 2734; x_wconf 89' lang='lat' dir='ltr'><em>in</em></span> <span class='ocrx_word' id='word_1_249' title='bbox 875 2698 961 2734; x_wconf 92' lang='lat' dir='ltr'><em>cod.</em></span> <span class='ocrx_word' id='word_1_250' title='bbox 985 2697 1128 2735; x_wconf 83' lang='lat' dir='ltr'><em>Germ.</em></span> <span class='ocrx_word' id='word_1_251' title='bbox 1151 2697 1245 2741; x_wconf 80' lang='lat'><em>139,</em></span> <span class='ocrx_word' id='word_1_252' title='bbox 1263 2697 1285 2734; x_wconf 88' lang='lat'>2</span> <span class='ocrx_word' id='word_1_253' title='bbox 1302 2697 1361 2742; x_wconf 62' lang='lat' dir='ltr'><em>ff„</em></span> <span class='ocrx_word' id='word_1_254' title='bbox 1383 2711 1450 2735; x_wconf 88' lang='lat' dir='ltr'><em>nn.</em></span> <span class='ocrx_word' id='word_1_255' title='bbox 1470 2698 1528 2741; x_wconf 80' lang='grc'><em>41,</em></span> <span class='ocrx_word' id='word_1_256' title='bbox 1549 2698 1607 2743; x_wconf 77' lang='lat'><em>423</em></span> <span class='ocrx_word' id='word_1_257' title='bbox 1629 2698 1739 2746; x_wconf 86' lang='lat' dir='ltr'><em>prius</em></span> <span class='ocrx_word' id='word_1_258' title='bbox 1767 2698 1834 2736; x_wconf 81' lang='lat'><em>123</em></span> 
     </span>
     <span class='ocr_line' id='line_1_32' title="bbox 202 2755 1830 2804; baseline 0.002 -12"><span class='ocrx_word' id='word_1_259' title='bbox 202 2756 314 2800; x_wconf 82' lang='lat'><strong>(108).</strong></span> <span class='ocrx_word' id='word_1_260' title='bbox 343 2755 472 2792; x_wconf 83' lang='lat' dir='ltr'><em>Aliud</em></span> <span class='ocrx_word' id='word_1_261' title='bbox 500 2756 730 2802; x_wconf 83' lang='lat' dir='ltr'><em>exemplum</em></span> <span class='ocrx_word' id='word_1_262' title='bbox 758 2757 797 2793; x_wconf 88' lang='lat' dir='ltr'><em>in</em></span> <span class='ocrx_word' id='word_1_263' title='bbox 824 2756 868 2795; x_wconf 79' lang='lat' dir='ltr'><em>ff.</em></span> <span class='ocrx_word' id='word_1_264' title='bbox 895 2757 953 2801; x_wconf 78' lang='lat'><em>43,</em></span> <span class='ocrx_word' id='word_1_265' title='bbox 974 2758 1032 2804; x_wconf 84' lang='grc'><em>44;</em></span> <span class='ocrx_word' id='word_1_266' title='bbox 1053 2758 1219 2794; x_wconf 86' lang='lat' dir='ltr'><em>tertium</em></span> <span class='ocrx_word' id='word_1_267' title='bbox 1237 2758 1278 2794; x_wconf 88' lang='lat' dir='ltr'><em>in</em></span> <span class='ocrx_word' id='word_1_268' title='bbox 1296 2758 1381 2795; x_wconf 91' lang='lat' dir='ltr'><em>cod.</em></span> <span class='ocrx_word' id='word_1_269' title='bbox 1406 2758 1547 2795; x_wconf 82' lang='lat' dir='ltr'><em>Germ.</em></span> <span class='ocrx_word' id='word_1_270' title='bbox 1571 2758 1663 2804; x_wconf 65' lang='lat'><em>142,</em></span> <span class='ocrx_word' id='word_1_271' title='bbox 1684 2758 1725 2796; x_wconf 80' lang='lat' dir='ltr'><em>ff.</em></span> <span class='ocrx_word' id='word_1_272' title='bbox 1751 2759 1830 2803; x_wconf 83' lang='lat'><em>178,</em></span> 
     </span>
     <span class='ocr_line' id='line_1_33' title="bbox 205 2816 1344 2865; baseline 0.002 -13"><span class='ocrx_word' id='word_1_273' title='bbox 205 2816 284 2853; x_wconf 85' lang='lat'><strong>179.</strong></span> <span class='ocrx_word' id='word_1_274' title='bbox 307 2816 502 2861; x_wconf 83' lang='lat' dir='ltr'><em>Magnam</em></span> <span class='ocrx_word' id='word_1_275' title='bbox 521 2823 678 2862; x_wconf 76' lang='lat' dir='ltr'><em>partem</em></span> <span class='ocrx_word' id='word_1_276' title='bbox 698 2817 821 2853; x_wconf 82' lang='lat' dir='ltr'><em>edidit</em></span> <span class='ocrx_word' id='word_1_277' title='bbox 839 2817 1031 2862; x_wconf 80' lang='lat' dir='ltr'>HANSEN‚</span> <span class='ocrx_word' id='word_1_278' title='bbox 1055 2819 1081 2853; x_wconf 93' lang='lat' dir='ltr'><em>l.</em></span> <span class='ocrx_word' id='word_1_279' title='bbox 1102 2831 1150 2862; x_wconf 87' lang='lat' dir='ltr'><em>c.,</em></span> <span class='ocrx_word' id='word_1_280' title='bbox 1170 2818 1240 2855; x_wconf 84' lang='lat'><em>367</em></span> <span class='ocrx_word' id='word_1_281' title='bbox 1258 2831 1344 2865; x_wconf 87' lang='lat' dir='ltr'><em>sqq.</em></span> 
     </span>
    </p>

    <p class='ocr_par' dir='ltr' id='par_1_7' title="bbox 249 2875 1831 2922">
     <span class='ocr_line' id='line_1_34' title="bbox 249 2875 1831 2922; baseline 0.002 -10"><span class='ocrx_word' id='word_1_282' title='bbox 249 2875 263 2895; x_wconf 78' lang='lat'><strong>²</strong></span> <span class='ocrx_word' id='word_1_283' title='bbox 314 2875 540 2922; x_wconf 87' lang='lat' dir='ltr'><em>Catalogus</em></span> <span class='ocrx_word' id='word_1_284' title='bbox 567 2877 765 2912; x_wconf 82' lang='lat' dir='ltr'><em>sociorum</em></span> <span class='ocrx_word' id='word_1_285' title='bbox 792 2890 883 2914; x_wconf 91' lang='lat' dir='ltr'><em>cum</em></span> <span class='ocrx_word' id='word_1_286' title='bbox 909 2878 970 2914; x_wconf 90' lang='lat' dir='ltr'><em>his</em></span> <span class='ocrx_word' id='word_1_287' title='bbox 996 2878 1143 2914; x_wconf 87' lang='lat' dir='ltr'><em>litteris</em></span> <span class='ocrx_word' id='word_1_288' title='bbox 1175 2877 1348 2915; x_wconf 83' lang='lat' dir='ltr'><em>Romam</em></span> <span class='ocrx_word' id='word_1_289' title='bbox 1378 2878 1524 2915; x_wconf 89' lang='lat' dir='ltr'><em>missus</em></span> <span class='ocrx_word' id='word_1_290' title='bbox 1554 2878 1761 2915; x_wconf 84' lang='lat' dir='ltr'><em>invenitur</em></span> <span class='ocrx_word' id='word_1_291' title='bbox 1791 2878 1831 2915; x_wconf 91' lang='lat' dir='ltr'><em>in</em></span> 
     </span>
    </p>
   </div>
   <div class='ocr_carea' id='block_1_7' title="bbox 202 2934 686 3042">
    <p class='ocr_par' dir='ltr' id='par_1_8' title="bbox 202 2934 686 3042">
     <span class='ocr_line' id='line_1_35' title="bbox 202 2934 686 2979; baseline -0.002 -7"><span class='ocrx_word' id='word_1_292' title='bbox 202 2935 287 2972; x_wconf 91' lang='lat' dir='ltr'><em>cod.</em></span> <span class='ocrx_word' id='word_1_293' title='bbox 311 2935 453 2972; x_wconf 83' lang='lat' dir='ltr'><em>Germ.</em></span> <span class='ocrx_word' id='word_1_294' title='bbox 475 2934 563 2979; x_wconf 80' lang='lat'><em>131,</em></span> <span class='ocrx_word' id='word_1_295' title='bbox 584 2934 610 2971; x_wconf 79' lang='lat' dir='ltr'><em>t.</em></span> <span class='ocrx_word' id='word_1_296' title='bbox 628 2934 686 2971; x_wconf 86' lang='grc'><em>47.</em></span> 
     </span>
     <span class='ocr_line' id='line_1_36' title="bbox 249 2993 622 3042; baseline -0.005 -10"><span class='ocrx_word' id='word_1_297' title='bbox 249 2994 263 3014; x_wconf 82' lang='lat'>⁸</span> <span class='ocrx_word' id='word_1_298' title='bbox 313 2993 461 3041; x_wconf 78' lang='lat' dir='ltr'><em>Supra,</em></span> <span class='ocrx_word' id='word_1_299' title='bbox 481 3007 519 3042; x_wconf 87' lang='lat' dir='ltr'><em>p.</em></span> <span class='ocrx_word' id='word_1_300' title='bbox 540 2994 622 3031; x_wconf 83' lang='lat'><em>431.</em></span> 
     </span>
    </p>
   </div>
  </div>
 </body>
</html>
