1908 3446
285 219 354 257 402
744 220 965 258 LITTERAE
996 219 1351 266 QUADmMEs‘rREs

238 320 406 371 reliqui
438 335 542 362 vero
575 323 691 362 bona
726 322 981 361 valetudine
1012 322 1233 373 potimztr,·
1266 335 1402 372 quam
1430 322 1567 361 simul
1600 336 1653 362 ac
1684 326 1855 364 coetera
1905 312 1907 361 s

239 405 351 442 quae
372 393 501 433 nobis
523 393 639 433 bona
661 394 847 442 inerint,
875 396 1055 444 accepta
1079 395 1169 433 Deo
1183 394 1401 445 ferimus.

291 474 328 502 2.
391 464 459 502 Ea
483 464 529 503 in
565 465 727 515 quibus
750 466 909 504 Patres
932 464 1202 515 fratresque
1236 464 1443 504 uniuersi
1465 465 1511 504 in
1543 466 1733 505 Domini
1761 481 1856 506 nos-
1904 471 1905 475 ’

238 535 302 573 tri
340 536 521 575 laudem
556 539 595 575 et
627 537 837 588 gloriam
873 538 1171 587 occupantur,
1210 537 1320 575 haec
1358 539 1477 575 sunt.
1516 538 1678 576 Pafres
1713 550 1857 578 omnes
1902 555 1904 559 ⁴

236 612 421 655 peccata
461 608 763 646 confitentium
806 607 1050 658 accipiunt,
1090 608 1170 657 qui
1208 614 1226 631 a
1265 607 1589 658 frequentiores
1628 608 1858 660 pluresque

238 678 374 715 multo
407 691 535 728 quam
566 680 780 717 hactenus
811 684 1093 717 accesserant
1116 679 1149 725 b,
1183 691 1259 716 sua
1291 679 1468 716 crimina
1497 679 1700 717 nudaturi
1721 681 1858 719 solent

236 747 409 787 adesse.
452 750 617 787 Curant
654 751 783 788 etiam
824 750 971 800 populi
1010 749 1222 787 tumultus
1258 749 1492 797 sedandos,
1536 751 1857 801 componendas

234 820 348 867 lites,
374 820 631 870 extirpanda
660 822 800 871 iurgia
830 829 862 868 0,
889 834 966 859 eos
989 820 1177 871 denique
1200 820 1421 871 pacandos
1443 822 1515 872 qui
1546 822 1659 859 inter
1688 834 1736 859 se
1760 822 1856 861 odio

235 891 394 941 aliquo,
420 892 439 916 d
460 892 614 930 iniuria
636 893 752 930 illata
774 897 1015 943 acceptaue
1039 892 1265 930 dissident.
1286 893 1460 943 Aegros
1482 893 1587 930 item
1609 893 1797 931 inuisunt
1819 899 1859 932 et

237 976 328 1010 eOS,
353 964 508 1013 quibus
530 970 729 1015 possunt,
754 964 902 1002 verbis
925 964 1055 1002 solari
1078 970 1304 1002 conantur.
1330 964 1545 1003 Carceres
1567 965 1856 1016 frequentant,

237 1039 279 1072 et
303 1048 456 1073 eorum
478 1036 550 1085 qui
582 1041 680 1073 sunt
715 1036 757 1073 in
793 1036 966 1074 vincula
988 1035 1193 1082 coniecti,
1231 1035 1431 1074 crimina
1467 1038 1506 1075 et
1537 1039 1726 1086 peccata
1748 1043 1766 1088 ῗ
1790 1050 1857 1076 au·
1898 1066 1900 1075 .

242 1105 379 1154 diunt,
406 1106 418 1130 f
448 1107 683 1146 conciones
701 1107 863 1145 habeam}
880 1114 917 1149 g:
949 1105 1012 1146 eis
1033 1108 1052 1131 h
1074 1107 1144 1158 qui
1162 1106 1203 1145 in
1228 1112 1428 1145 extremo
1461 1119 1566 1145 suae
1597 1108 1715 1146 vitae
1738 1120 1860 1148 cursu
1898 1136 1899 1142 η

236 1178 365 1216 morti
397 1178 528 1217 vicini
558 1179 772 1225 laborant,
807 1178 1015 1226 assident,
1051 1184 1094 1216 et
1126 1191 1204 1217 eos
1234 1178 1391 1229 quibus
1420 1185 1605 1229 possunt
1635 1179 1782 1218 verbis
1816 1185 1856 1219 et

235 1262 370 1300 opere
392 1250 557 1297 iuuant,
582 1263 667 1300 quo
693 1262 747 1287 ex
769 1250 852 1288 hac
873 1250 963 1288 vita
985 1249 1256 1289 mortalium
1285 1251 1424 1301 parati
1454 1251 1591 1302 magis
1626 1251 1854 1292 excedant.
1896 1287 1898 1294 ,

234 1321 474 1358 Praeterea
495 1319 671 1371 quidem
694 1320 921 1359 dominicis
944 1321 1157 1372 festisque
1179 1320 1335 1360 diebus
1356 1321 1398 1360 in
1432 1327 1584 1361 nostro
1607 1335 1659 1361 ac
1689 1322 1858 1374 reliquis

235 1393 360 1430 huius
384 1392 529 1443 oppidi
561 1393 748 1443 templis,
783 1393 1037 1431 concionari
1068 1393 1227 1441 solent,
1252 1405 1437 1443 quorum
1472 1393 1711 1432 conciones
1737 1399 1857 1445 grato
1894 1399 1897 1422 1

233 1477 284 1502 ac
305 1464 458 1502 libenti
479 1463 621 1503 animo
645 1477 669 1502 a
698 1465 860 1515 populo
885 1463 1160 1515 excipiuntur
1181 1465 1223 1503 in
1254 1466 1390 1503 multa
1410 1466 1635 1504 hominum
1662 1465 1859 1517 frequen·
1895 1454 1897 1458 Α

233 1535 305 1573 tia.
330 1535 529 1573 Fratrum
552 1548 660 1573 vero
689 1535 699 1560 i
720 1536 789 1585 alij
814 1536 1142 1586 grammaticam
1164 1536 1441 1587 profitentur,
1465 1549 1518 1574 ac
1538 1549 1705 1575 summa
1727 1540 1805 1587 ope
1823 1539 1860 1577 et

234 1606 460 1657 diligentia
481 1620 644 1657 pueros
673 1607 848 1659 linguae
870 1607 1028 1646 latinae
1051 1608 1299 1659 praeceptis
1321 1609 1567 1647 instituunt.
1593 1609 1659 1647 De
1682 1621 1858 1660 quorum

232 1678 474 1717 studiorum
497 1678 701 1730 auspicijs
724 1679 866 1731 aliqua
887 1685 1001 1727 sunt,
1026 1692 1137 1731 quae
1154 1681 1319 1731 possim
1349 1681 1559 1719 scribere.
1893 1734 1895 1742 Ι

287 1760 323 1797 3.
386 1750 604 1789 Postridie
627 1753 678 1789 D.
713 1751 872 1797 Lucae,
894 1764 980 1802 quo
1013 1765 1161 1790 sumus
1195 1757 1345 1790 nostra
1376 1752 1520 1790 studia
1549 1751 1774 1803 auspicati,
1807 1764 1858 1790 ex
1892 1753 1894 1773 ²

233 1821 438 1860 fratribus
469 1836 580 1861 vnus
617 1823 863 1861 orationem
899 1823 1048 1861 habuit
1079 1822 1184 1862 satis
1221 1830 1434 1871 ornatam,
1474 1828 1517 1862 et
1547 1824 1783 1862 verborum
1814 1836 1860 1863 ac

233 1906 378 1932 rerum
400 1895 616 1933 varietate
640 1896 815 1942 cultam,
840 1895 881 1932 in
914 1895 1104 1933 omnium
1133 1896 1495 1935 scholasticorum
1519 1901 1562 1934 et
1585 1898 1746 1935 multae
1769 1910 1858 1935 eru·
1890 1904 1892 1910 ’

233 1964 349 2002 ditae
373 1966 526 2004 turbae
549 1971 807 2017 conspectu,
831 1979 915 2017 qua
944 1966 998 2004 ad
1015 1967 1165 2005 literas
1188 1967 1481 2018 capessendas
1497 1968 1697 2006 hortatus
1716 1973 1782 2007 est
1799 1968 1858 2018 ju·
1891 2001 1894 2017 ι

234 2048 384 2084 uenes,
411 2042 454 2074 et
489 2037 543 2075 ad
565 2051 733 2076 morum
768 2039 1067 2089 integritatem
1090 2040 1193 2089 (quo
1217 2039 1423 2077 vniuersa
1445 2039 1583 2078 oratio
1621 2040 1858 2090 spectabat)
1887 2084 1891 2094 ,

232 2107 579 2158 amplexandam,
604 2123 688 2161 qua
719 2111 849 2149 etiam
879 2116 1077 2148 nostrum
1107 2111 1224 2149 vitae
1246 2111 1492 2149 institutum
1516 2112 1748 2162 expressit.
1773 2112 1857 2150 Pla·

235 2181 322 2218 cuit
355 2181 508 2219 mirum
542 2182 583 2219 in
606 2182 782 2220 modum
815 2183 1089 2221 scholasticis
1111 2183 1343 2230 vniuersis,
1369 2188 1413 2221 et
1444 2183 1621 2233 reliquis
1642 2183 1715 2234 qui
1734 2183 1858 2222 inter·
1886 2172 1889 2211 s

232 2252 372 2290 fuere.
412 2253 568 2291 Paucis
590 2253 691 2291 inde
713 2254 955 2293 interiectis
984 2254 1154 2301 diebus,
1179 2254 1380 2306 dialogus
1412 2260 1479 2293 est
1511 2254 1668 2302 editus,
1692 2267 1776 2306 quo
1806 2255 1857 2293 la·
1884 2251 1889 2295 ὲ

231 2322 350 2361 boris
366 2325 647 2374 praestantia,
673 2325 836 2363 vtilitas
858 2337 910 2363 ac
930 2326 1046 2363 bona
1067 2331 1166 2363 sunt
1181 2326 1418 2375 patefacta3
1437 2326 1509 2376 qui
1530 2339 1618 2364 non
1634 2326 1774 2364 minus
1796 2329 1858 2364 est
1883 2322 1889 2363 i

231 2395 285 2433 ab
322 2397 520 2434 omnibus
556 2402 681 2447 grato
719 2397 861 2435 animo
897 2402 1127 2448 exceptus.
1172 2398 1272 2436 Non
1309 2403 1376 2436 est
1411 2397 1774 2437 scholasticorum
1808 2392 1887 2442 ειόῗ

233 2466 375 2505 studia
395 2472 545 2506 nostra
561 2467 704 2518 parui
719 2469 980 2518 pendendus
1010 2467 1021 2500 J'
1056 2481 1310 2516 concursus,
1335 2468 1493 2507 adsunt
1510 2470 1615 2507 satis
1637 2468 1760 2507 multi
1779 2469 1805 2507 ¹.
1882 2457 1884 2463 ,

280 2633 300 2653 a
349 2634 529 2678 audiunt,
552 2634 577 2670 ii
597 2640 749 2672 autem.
814 2635 879 2660 —b
902 2634 1087 2672 Emend.
1117 2645 1167 2672 ex
1196 2635 1457 2672 accesserint.
1529 2643 1591 2661 -0
1613 2634 1784 2672 Emend
1812 2642 1857 2670 ex

233 2693 331 2729 vitia
351 2694 426 2737 (P).
482 2694 548 2719 —d
569 2694 648 2730 vel.
703 2702 766 2720 ..e
788 2694 1074 2731 confessiones.
1141 2695 1199 2720 —f
1237 2695 1388 2742 eisque.
1461 2702 1528 2727 —g
1561 2693 1854 2731 concionantur.
1872 2705 1885 2742 ‘s‘

235 2753 302 2778 —h
325 2753 405 2789 illis
425 2758 652 2800 praeterea.
708 2755 764 2779 —i
792 2759 1032 2791 nostrorum.
1090 2754 1142 2786 κ]’
1172 2754 1425 2800 penitendus.
1879 2750 1882 2774 ⁵

238 2850 516 2855 -——
652 2851 655 2853 >
1877 2841 1880 2866 i

282 2911 290 2929 ¹
344 2909 388 2946 Ρ.
409 2908 612 2946 Martinus
639 2908 870 2954 Gutierrez‚
904 2913 1049 2953 rector,
1080 2909 1120 2945 in
1151 2909 1268 2956 epist.
1296 2909 1361 2947 die
1390 2908 1437 2947 29
1467 2908 1654 2947 Octobris
1685 2909 1778 2946 data
1806 2905 1851 2944 ad
1871 2869 1908 2987 i!

233 2969 505 3016 praepositum
524 2969 763 3015 generalem
784 2969 884 3012 (cod.
908 2969 1034 3015 Hz'sp.
1059 2968 1126 3013 96,
1147 2968 1173 3005 f.
1193 2968 1277 3014 449)
1296 2968 1390 3006 dicit
1422 2969 1464 3006 in
1494 2969 1597 3006 hanc
1624 2980 1724 3006 rem:
1759 2967 1878 3024 ‹Los›,
1903 2989 1908 3001 ι

232 3028 384 3065 studios
401 3041 479 3064 van
499 3029 705 3071 adelante,
725 3041 749 3074 y
769 3039 930 3075 aunque
947 3029 984 3065 el
1004 3032 1173 3065 numero
1188 3028 1237 3065 de
1256 3029 1316 3065 los
1334 3028 1557 3065 studiantes
1576 3041 1626 3065 no
1641 3041 1684 3065 es
1702 3026 1852 3067 macho,
1869 3025 1878 3070 ἐξ

1871 3130 1876 3204 1

1868 3248 1908 3446 l
