2095 3623
561 317 858 357 225.—GENUA
884 317 908 355 ὁ
928 315 1025 364 JAN.
1060 317 1149 355 1559
1590 315 1632 353 19

813 534 919 586 225

459 676 754 724 PETRUS
801 675 1284 723 ALVARADUS

575 819 718 846 GENUA
743 814 767 845 o
791 819 986 856 JANUARII
1016 809 1108 846 1559
1136 810 1160 842 ¹.

55 940 88 977 1.
113 939 340 989 Frequens
361 939 670 991 confitentium
693 942 733 980 et
760 940 1198 979 communicantium
1224 939 1437 978 virorum
1464 941 1503 977 et
1532 938 1687 977 mulie-

136 1017 239 1043 rnm
268 1005 625 1044 multituda—2.
656 1006 939 1045 Nostrorum
966 1005 1159 1045 diversis
1186 1005 1233 1044 in
1254 1004 1366 1044 locis
1387 1003 1687 1043 contiones?

133 1068 174 1109 3.
199 1070 395 1109 Fructus
411 1071 692 1122 exjuvenzmn
707 1071 952 1110 sodalitate
967 1070 1415 1122 promancmtes.——4.
1438 1069 1688 1121 Czijusdam

136 1134 319 1185 hispani
339 1149 391 1174 ex
411 1135 719 1174 mahumetica.
740 1138 860 1175 secta
883 1137 942 1174 ad
970 1135 1278 1175 christianam
1305 1134 1542 1174 veritatem
1572 1134 1688 1174 redi-

135 1199 322 1239 tas—5.
355 1200 488 1239 Alius
515 1200 736 1253 germani
757 1214 784 1239 a
806 1201 1141 1240 lutheranismo
1164 1199 1517 1240 conversio—6.
1544 1199 1689 1239 Disci-

129 1266 348 1316 pulormn
383 1279 615 1305 numerus.
654 1266 914 1306 Litteraria
949 1266 1339 1306 exercitia.—7—8.
1382 1265 1627 1305 Orationes
1663 1278 1689 1303 α

130 1331 289 1382 pueris
315 1333 355 1371 et
378 1344 403 1369 a
432 1331 678 1384 magistris
705 1332 888 1372 habitae
911 1331 958 1370 in
985 1332 1249 1371 studiorum
1278 1331 1690 1371 instauratione.—

135 1396 177 1435 9.
202 1397 437 1436 Hebraeus
458 1397 780 1437 catechizatus.

114 1545 146 1572 Ι.
207 1537 235 1586 †
259 1535 379 1585 Jhus.
404 1535 654 1575 Admodum
677 1537 772 1575 Rde
794 1536 836 1575 in
856 1538 968 1587 Xpo.
995 1537 1063 1575 Pr.
1090 1537 1179 1574 Pax
1196 1535 1292 1586 Xpi.
1316 1535 1401 1583 [Ex
1416 1534 1625 1574 instituto
1647 1548 1691 1574 se

55 1605 336 1656 scripturum
357 1606 481 1654 dicit,
506 1606 608 1646 licet
629 1620 701 1647 res
716 1610 891 1658 parvae
911 1607 1034 1657 sint.]
1061 1609 1159 1646 Hoc
1180 1608 1311 1658 igitur
1333 1608 1512 1644 habeto:
1537 1607 1578 1644 in
1596 1606 1691 1644 dies

56 1677 192 1728 magis
227 1678 452 1729 magisque
476 1680 779 1718 confitentium
809 1693 1037 1718 numerum
1066 1679 1131 1730 (ut
1152 1691 1177 1716 a
1198 1678 1493 1729 spiritualibus
1523 1678 1690 1715 initium

57 1749 292 1799 sumamus)
314 1749 479 1801 augeri,
506 1756 550 1788 et
578 1751 639 1789 ita
659 1751 826 1802 augeri,
851 1756 898 1788 ut
918 1751 993 1789 vix
1014 1756 1178 1789 tantam
1209 1750 1533 1788 multitudinem
1555 1749 1691 1787 domi-

56 1819 163 1857 nicis
185 1819 340 1858 diebus
362 1821 570 1859 sacellum
591 1825 785 1860 nostrum
808 1834 967 1873 capere
988 1822 1143 1872 possit.
1168 1821 1449 1861 Conueniunt
1472 1822 1586 1859 enim
1608 1821 1691 1858 fre-

57 1891 341 1940 quentissimi,
366 1893 437 1931 alii
457 1899 504 1931 ut
524 1894 685 1932 nostris
708 1894 1013 1932 sacerdotibus
1034 1897 1219 1944 peccata
1240 1892 1468 1944 detegant,
1492 1893 1563 1931 alii
1584 1905 1690 1931 uero

58 1966 103 1998 ut
125 1963 177 1999 ab
198 1962 280 2000 illis
302 1963 483 2002 consilio
508 1969 551 2002 et
573 1965 825 2003 hortatione
847 1965 987 2003 iuuari
1012 1965 1196 2015 possint.
1222 1965 1405 2015 Magnus
1426 1964 1603 2014 quidem
1626 1970 1692 2001 est

59 2032 222 2072 deuote
240 2034 652 2074 communicantium
674 2049 896 2084 numerus,
921 2036 1000 2074 sed
1022 2036 1313 2074 confitentiun
1334 2035 1563 2074 maximus.
1582 2035 1692 2072 Nam

58 2106 275 2155 permulti,
317 2107 410 2145 aliis
449 2107 713 2158 spiritalibus
752 2109 885 2146 rebus
923 2107 1096 2155 intenti,
1137 2112 1369 2157 postquam
1407 2111 1692 2158 peccatorum

59 2176 260 2215 sordibus
281 2177 395 2228 apud
415 2191 495 2217 nos
518 2179 832 2218 conscientiam
855 2178 1132 2226 mundarunt,
1156 2179 1198 2216 in
1229 2179 1312 2216 alia
1331 2179 1495 2229 templa
1516 2190 1563 2215 se
1592 2190 1693 2215 con-

59 2247 217 2296 ferunt,
240 2249 387 2300 ibique
409 2263 575 2289 sacram
599 2251 795 2300 synaxim
818 2255 1079 2289 reuerenter
1102 2250 1357 2301 suscipiunt,
1380 2262 1469 2288 non
1490 2249 1584 2287 sine
1606 2262 1692 2287 ma-

61 2319 174 2358 xima
203 2321 384 2360 aliorum
415 2321 714 2361 admiratione.
741 2321 872 2370 Quod
903 2321 959 2360 de
986 2322 1198 2360 industria
1226 2322 1390 2360 factum
1411 2322 1531 2359 iussu
1554 2320 1693 2358 Patris

60 2393 242 2430 rectoris
263 2394 275 2413 ²
296 2375 620 2444 nonnumquam
637 2393 940 2441 animaduerti,
958 2399 1005 2431 ut
1022 2395 1130 2432 alios
1148 2394 1220 2444 qui
1237 2393 1537 2443 voluptatibus
1554 2391 1693 2429 irreti-

59 2462 106 2510 ti,
139 2462 441 2514 scelerumque
473 2465 654 2503 sentinis
677 2464 910 2515 deturpati,
935 2465 989 2502 ab
1010 2465 1097 2502 hoc
1127 2464 1352 2502 salutifero
1378 2464 1592 2502 exercitio
1622 2464 1694 2500 ab·

61 2533 312 2581 horrebant,
346 2535 548 2586 exemplo
580 2549 658 2574 suo
680 2536 923 2582 allicerent,
948 2535 1002 2573 ad
1029 2536 1183 2586 suique
1213 2535 1503 2573 imitationem
1534 2547 1694 2584 prouo-

63 2609 226 2642 carent.
250 2604 375 2643 Vnde
396 2618 483 2644 non
503 2619 662 2656 paruus
684 2606 861 2644 metitur
882 2606 1065 2645 fructus.
1092 2607 1178 2656 Qui
1198 2609 1346 2644 autern
1377 2606 1471 2644 aliis
1502 2604 1695 2656 negotiis

64 2675 256 2726 expediti
286 2682 399 2724 sunt,
432 2678 504 2727 qui
533 2678 836 2728 quamplurimi
865 2684 979 2725 sunt,
1018 2677 1132 2728 apud
1161 2690 1242 2715 nos
1274 2682 1467 2725 manent,
1501 2682 1545 2714 et
1567 2688 1692 2714 sacro

63 2746 201 2784 Patris
222 2747 407 2786 rectoris
436 2749 654 2788 interesse
684 2749 895 2801 gaudent3
917 2762 943 2787 a
962 2762 1064 2800 quo,
1089 2750 1158 2799 pia
1181 2754 1225 2786 et
1246 2748 1411 2786 deuota
1440 2747 1696 2798 praehabita

64 2817 384 2867 exhortatione,
408 2820 588 2871 singulis
606 2820 760 2859 diebus
783 2820 1012 2859 dominicis
1035 2826 1080 2858 et
1106 2819 1278 2858 festiuis
1299 2819 1501 2871 flagranti
1522 2818 1695 2856 deside-

111 3007 120 3027 ¹
173 3006 234 3044 Ex
259 3008 448 3055 originali
477 3009 518 3045 in
548 3009 685 3046 codice
716 3009 825 3047 Med.
865 3010 921 3047 75
947 3009 1206 3054 (Mediolan.
1240 3009 1430 3046 Animae
1460 3007 1693 3053 1557-85),

64 3063 87 3101 2
103 3064 160 3111 fh,
181 3079 247 3104 nn.
270 3067 326 3110 11,
348 3067 404 3113 12;
425 3068 538 3114 prius
556 3068 640 3112 393,
662 3069 746 3105 394.

112 3124 125 3144 ’
173 3124 218 3163 Ρ.
239 3123 401 3174 Gaspar
420 3125 588 3165 Loarte.
