1908 3446
222 215 292 254 674
687 215 905 253 LITTERAE
932 212 1288 260 QUADR1MESTRES

231 328 266 365 3.
324 318 552 356 Molestius
574 322 720 355 autem
750 317 964 356 ferremus
985 315 1158 354 aedium
1189 315 1390 366 angustia
1418 328 1499 353 nos
1521 327 1572 353 ac
1593 315 1797 365 parisien-

179 402 249 426 ses
270 389 482 439 impediri,
508 388 736 439 quominus
757 389 904 439 plures
934 387 1135 437 (quorum
1164 400 1272 424 unus
1304 387 1667 424 scholasticorum
1701 399 1799 424 nos-

178 466 343 497 trorum
365 460 436 498 hic
457 468 473 484 ἃ
496 460 708 497 admissus
732 471 785 496 eo
816 471 953 509 nuper
977 458 1106 507 studij
1137 458 1277 509 gratia
1312 458 1466 496 missus
1502 459 1587 507 est)
1616 457 1799 507 proban-

179 531 259 569 dos
280 530 322 568 in
344 532 614 570 Societatem
631 529 801 569 admitti
817 535 993 580 queant,
1019 530 1165 568 tribas
1185 530 1205 554 b
1226 529 1269 567 id
1290 530 1429 580 ipsum
1451 528 1798 575 sollicitantibus,

178 603 257 640 nisi
280 604 383 641 noui
406 604 580 653 collegij
618 603 813 640 {erueret
846 616 969 654 opus,
1003 616 1053 641 ac
1084 602 1146 640 sic
1176 601 1348 640 moenia
1384 606 1718 651 consurgerent,
1756 605 1803 637 ut

180 686 277 712 cum
299 676 463 725 templo
487 674 750 724 amplissimo
785 686 835 713 20
866 675 1065 712 cubicula
1086 687 1189 711 mox
1221 680 1238 698 0
1273 678 1489 719 extructa,
1513 672 1801 722 proximoque

182 758 293 783 anno
318 746 447 784 finem
471 752 618 784 tantae
640 746 832 785 fabricae
868 747 1118 797 impositum
1153 746 1203 783 iri
1238 757 1528 795 speraremus,
1567 745 1742 782 Interea
1775 743 1802 792 ij

181 829 230 854 ac
251 818 387 855 multo
409 818 556 867 plures
578 819 665 856 hoc
692 819 763 869 pio
797 819 960 857 affectu
993 817 1299 856 eucharistiam
1322 817 1477 855 crebro
1501 814 1713 853 sumendo
1742 814 1805 852 fo-

181 893 338 926 uentur
362 893 404 926 et
428 890 722 927 continentur.
758 889 825 927 Ad
856 902 983 939 quam
1015 889 1321 927 accedentium
1352 888 1506 926 diebus
1538 886 1805 925 solemnibus

180 971 336 1010 magna
370 961 484 997 solet
521 972 619 998 esse
655 960 916 1010 frequentia,
954 960 1171 998 nonnullis
1202 960 1382 1010 singulis
1405 959 1633 997 dominicis
1662 959 1805 997 nobis-

181 1042 276 1067 cum
298 1032 700 1081 perseuerantibus.
743 1032 916 1079 [Preces
944 1031 1182 1081 postulat]
1220 1031 1284 1068 Ex
1321 1030 1563 1069 Biliomaeo
1600 1031 1805 1081 collegio,

181 1101 272 1140 Cal.
298 1102 406 1151 Iunij
436 1103 549 1151 1560.
581 1103 700 1141 Tuus
721 1103 833 1141 filius
862 1102 1089 1153 indigniss.

1062 1187 1305 1225 LUDOUICUS
1337 1187 1643 1236 GERARDUNUS]
1679 1194 1701 1225 ¹.

262 1306 456 1344 Polancz'
475 1318 631 1344 manu.
656 1306 916 1344 Emendata.

262 1377 369 1416 Alia
397 1390 554 1417 mana.
579 1378 674 1416 M.ta
694 1391 772 1429 per
795 1383 928 1417 tutto.

949 1538 1060 1590 386

706 1662 988 1711 GASPAR
1023 1663 1297 1711 ASTETE

627 1788 865 1815 METHYMNA
891 1789 1016 1815 CAMPI
1042 1777 1065 1814 2
1088 1788 1194 1825 JUNu
1224 1776 1315 1815 1560
1344 1777 1369 1812 2.

184 1879 217 1919 1.
246 1880 308 1920 De
328 1880 562 1919 sociorum
582 1893 772 1919 numero
796 1893 849 1919 ac
869 1880 1140 1920 valetudine.
1166 1880 1342 1920 Eorum
1372 1880 1551 1919 labores
1582 1877 1629 1916 in
1661 1876 1815 1917 minis—

266 1945 394 1993 teriis
433 1958 549 1997 erga
584 1945 836 1996 proximos.
887 1944 1149 1985 Vocationes
1190 1948 1250 1984 ad
1285 1945 1569 1985 Societatem.
1611 1942 1818 1983 Rectoris

266 2010 509 2050 contiones.
537 2010 764 2050 Doctrina
787 2010 1047 2050 christiana
1070 2025 1097 2050 a
1113 2011 1352 2064 fratribus
1373 2023 1546 2062 magno
1569 2008 1816 2060 cumfruc-

267 2079 315 2115 tu
336 2076 385 2115 in
404 2076 571 2115 vicinis
591 2077 769 2128 oppidis
791 2079 1081 2128 explanatur.
1110 2077 1275 2129 Officia
1294 2077 1600 2116 hebdomadae
1632 2077 1818 2114 sanctae

265 2142 547 2182 sollemniter
576 2145 783 2193 peracta.
826 2143 1042 2182 Votorum
1077 2143 1376 2182 instauratio.
1401 2167 1419 2168 ψ
1437 2141 1475 2181 2.
1515 2139 1817 2181 Scholastico-

267 2221 373 2247 rum
394 2221 627 2248 numerus.
662 2208 921 2248 Litteraria
955 2208 1190 2249 exercitia.
1215 2208 1414 2248 Fabrica
1443 2210 1620 2246 domus.
1650 2205 1817 2245 Sacra-

266 2276 523 2313 mentorum
546 2274 821 2325 frequentia.
847 2274 1086 2327 Religiosa
1108 2273 1356 2325 disciplina
1379 2273 1554 2326 vigens.

247 2391 280 2418 1.
340 2384 367 2431 †
394 2382 484 2432 Jhs.
509 2381 609 2431 Muy
632 2381 729 2420 R.d0
747 2394 800 2420 en
829 2382 906 2420 Χ.Ο
929 2383 999 2421 Re
1020 2395 1061 2420 n.
1088 2383 1178 2420 Pax
1209 2381 1328 2420 Chri.
1354 2387 1440 2419 etc.
1466 2382 1527 2419 Lo
1551 2392 1636 2431 que
1657 2392 1712 2430 ay
1733 2392 1818 2430 que

188 2452 318 2490 hazer
350 2453 476 2490 saber
507 2465 531 2490 a
561 2453 612 2492 V,
646 2453 692 2491 P.
728 2466 782 2491 en
813 2458 934 2491 estos
967 2465 993 2502 4
1023 2465 1167 2492 meses
1195 2452 1383 2503 pasados
1407 2464 1469 2499 es,
1494 2454 1622 2490 como
1647 2464 1700 2489 en
1723 2456 1818 2489 este

235 2590 255 2610 a
305 2590 397 2637 Seq.
416 2601 547 2637 nuper
566 2590 648 2627 del.
702 2591 768 2615 —b
791 2589 895 2627 aliis.
950 2597 1016 2616 ⁷-0
1036 2601 1127 2626 mox
1145 2594 1283 2635 supra
1303 2600 1412 2627 vers.

239 2725 247 2744 ¹
302 2723 409 2760 Vide
430 2723 530 2760 Litt.
552 2723 803 2769 Quadrz‘m.,
827 2722 881 2766 V,
899 2722 983 2767 835,
1005 2729 1142 2759 annot.
1162 2721 1198 2758 2.

238 2784 251 2803 ‘²
300 2781 364 2820 Ex
381 2782 634 2829 autographo
652 2782 692 2819 in
711 2783 848 2819 codice
867 2782 996 2828 Hz‘sp.
1021 2781 1089 2825 97,
1112 2781 1128 2817 1
1148 2780 1233 2826 fol„
1255 2794 1293 2817 n.
1318 2781 1398 2824 165:
1427 2780 1538 2828 prius
1567 2780 1644 2817 158.
1674 2780 1816 2827 Sequi-

192 2848 256 2879 tur
274 2843 314 2879 in
333 2842 400 2879 fol.
424 2841 491 2879 166
509 2843 741 2888 exemplum
756 2843 927 2878 latinum
946 2841 1137 2888 aJoanne
1152 2839 1373 2877 Bonifacio
1399 2840 1682 2886 subscriptum.
1703 2838 1820 2885 Quae

190 2903 230 2939 in
249 2903 322 2939 hac
341 2901 512 2949 epistola
527 2902 727 2946 dicuntur,
748 2901 1014 2939 inveniuntur
1033 2900 1157 2938 etiam
1175 2901 1322 2947 partim
1341 2901 1382 2937 in
1400 2899 1571 2947 epistola
1591 2899 1636 2936 13
1665 2899 1819 2945 Martii,

191 2962 396 3009 partimin
415 2962 586 3007 epistola
602 2961 649 2998 23
679 2961 834 3008 Aprilis
861 2961 1043 3009 ejusdem
1074 2960 1264 3006 auctoris,
1292 2972 1398 3007 quae
1426 2963 1586 2997 exstant
1615 2959 1657 2995 in
1677 2959 1820 2996 eodem

192 3022 277 3059 eod.
298 3021 339 3059 ff.
360 3022 419 3065 73,
444 3022 524 3059 116.
