<?xml version="1.0" encoding="UTF-8"?>
<!DOCTYPE html PUBLIC "-//W3C//DTD XHTML 1.0 Transitional//EN"
    "http://www.w3.org/TR/xhtml1/DTD/xhtml1-transitional.dtd">
<html xmlns="http://www.w3.org/1999/xhtml" xml:lang="en" lang="en">
 <head>
  <title>
</title>
<meta http-equiv="Content-Type" content="text/html;charset=utf-8" />
  <meta name='ocr-system' content='tesseract 3.04.00' />
  <meta name='ocr-capabilities' content='ocr_page ocr_carea ocr_par ocr_line ocrx_word'/>
</head>
<body>
  <div class='ocr_page' id='page_1' title='image "./litteraequadrime1806lain_0386.png"; bbox 0 0 1908 3446; ppageno 0'>
   <div class='ocr_carea' id='block_1_1' title="bbox 283 237 1343 290">
    <p class='ocr_par' dir='ltr' id='par_1_1' title="bbox 283 237 1343 290">
     <span class='ocr_line' id='line_1_1' title="bbox 283 237 1343 290; baseline 0.01 -17"><span class='ocrx_word' id='word_1_1' title='bbox 283 237 352 274; x_wconf 81' lang='lat'>366</span> <span class='ocrx_word' id='word_1_2' title='bbox 745 242 961 281; x_wconf 62' lang='grc' dir='ltr'>[ΛΤΤΕΚΑΕ</span> <span class='ocrx_word' id='word_1_3' title='bbox 988 245 1343 290; x_wconf 72' lang='lat' dir='ltr'>QUADfflMESTRES</span> 
     </span>
    </p>
   </div>
   <div class='ocr_carea' id='block_1_2' title="bbox 239 341 1846 406">
    <p class='ocr_par' dir='ltr' id='par_1_2' title="bbox 239 341 1846 406">
     <span class='ocr_line' id='line_1_2' title="bbox 239 341 1846 406; baseline 0.013 -31"><span class='ocrx_word' id='word_1_4' title='bbox 239 341 467 388; x_wconf 73' lang='lat' dir='ltr'><em>operante,</em></span> <span class='ocrx_word' id='word_1_5' title='bbox 492 342 543 379; x_wconf 80' lang='lat' dir='ltr'>R.</span> <span class='ocrx_word' id='word_1_6' title='bbox 569 342 636 389; x_wconf 74' lang='lat' dir='ltr'>R,</span> <span class='ocrx_word' id='word_1_7' title='bbox 661 356 797 393; x_wconf 77' lang='lat' dir='ltr'>qnam</span> <span class='ocrx_word' id='word_1_8' title='bbox 817 345 1070 384; x_wconf 71' lang='lat' dir='ltr'>uolentibus</span> <span class='ocrx_word' id='word_1_9' title='bbox 1091 346 1161 385; x_wconf 84' lang='lat' dir='ltr'>X.i</span> <span class='ocrx_word' id='word_1_10' title='bbox 1187 361 1366 388; x_wconf 80' lang='lat' dir='ltr'>crucem</span> <span class='ocrx_word' id='word_1_11' title='bbox 1380 350 1629 400; x_wconf 79' lang='lat' dir='ltr'>ferendam</span> <span class='ocrx_word' id='word_1_12' title='bbox 1660 354 1846 406; x_wconf 70' lang='lat' dir='ltr'>impone-</span> 
     </span>
    </p>
   </div>
   <div class='ocr_carea' id='block_1_3' title="bbox 237 410 1898 477">
    <p class='ocr_par' dir='ltr' id='par_1_3' title="bbox 237 410 1898 477">
     <span class='ocr_line' id='line_1_3' title="bbox 237 410 1898 477; baseline 0.011 -31"><span class='ocrx_word' id='word_1_13' title='bbox 237 421 299 447; x_wconf 83' lang='lat' dir='ltr'>re.</span> <span class='ocrx_word' id='word_1_14' title='bbox 322 410 387 449; x_wconf 81' lang='lat' dir='ltr'>Ne</span> <span class='ocrx_word' id='word_1_15' title='bbox 409 410 751 463; x_wconf 72' lang='lat' dir='ltr'><em>ingratitudine</em></span> <span class='ocrx_word' id='word_1_16' title='bbox 772 418 932 455; x_wconf 65' lang='lat' dir='ltr'>nostra</span> <span class='ocrx_word' id='word_1_17' title='bbox 955 417 1264 467; x_wconf 75' lang='lat' dir='ltr'><em>impediamur</em></span> <span class='ocrx_word' id='word_1_18' title='bbox 1287 421 1377 459; x_wconf 71' lang='lat' dir='ltr'>luis</span> <span class='ocrx_word' id='word_1_19' title='bbox 1398 424 1527 462; x_wconf 74' lang='lat' dir='ltr'>nobis</span> <span class='ocrx_word' id='word_1_20' title='bbox 1549 425 1846 477; x_wconf 78' lang='lat' dir='ltr'>orationibus,</span> <span class='ocrx_word' id='word_1_21' title='bbox 1896 425 1898 464; x_wconf 77' lang='grc' dir='ltr'>Ϊ</span> 
     </span>
    </p>
   </div>
   <div class='ocr_carea' id='block_1_4' title="bbox 235 482 1846 691">
    <p class='ocr_par' dir='ltr' id='par_1_4' title="bbox 235 482 1846 691">
     <span class='ocr_line' id='line_1_4' title="bbox 239 482 1047 536; baseline 0.012 -19"><span class='ocrx_word' id='word_1_22' title='bbox 239 482 284 518; x_wconf 70' lang='lat' dir='ltr'>ut</span> <span class='ocrx_word' id='word_1_23' title='bbox 307 482 550 521; x_wconf 74' lang='lat' dir='ltr'>auxilieris</span> <span class='ocrx_word' id='word_1_24' title='bbox 572 484 731 524; x_wconf 78' lang='lat' dir='ltr'><em>obnixe</em></span> <span class='ocrx_word' id='word_1_25' title='bbox 755 487 1047 536; x_wconf 62' lang='lat' dir='ltr'>deposcimus</span> 
     </span>
     <span class='ocr_line' id='line_1_5' title="bbox 287 553 1831 609; baseline 0.012 -19"><span class='ocrx_word' id='word_1_26' title='bbox 287 564 325 601; x_wconf 86' lang='grc'>4.</span> <span class='ocrx_word' id='word_1_27' title='bbox 386 553 611 593; x_wconf 88' lang='lat' dir='ltr'>Ecclesiae</span> <span class='ocrx_word' id='word_1_28' title='bbox 633 562 763 607; x_wconf 81' lang='lat' dir='ltr'>atque</span> <span class='ocrx_word' id='word_1_29' title='bbox 787 559 961 609; x_wconf 87' lang='lat' dir='ltr'>collegij</span> <span class='ocrx_word' id='word_1_30' title='bbox 985 561 1088 598; x_wconf 93' lang='lat' dir='ltr'>noui</span> <span class='ocrx_word' id='word_1_31' title='bbox 1110 562 1170 599; x_wconf 91' lang='lat' dir='ltr'>ita</span> <span class='ocrx_word' id='word_1_32' title='bbox 1186 561 1469 604; x_wconf 81' lang='lat' dir='ltr'>foelicissime</span> <span class='ocrx_word' id='word_1_33' title='bbox 1491 573 1508 590; x_wconf 70' lang='lat' dir='ltr'>a</span> <span class='ocrx_word' id='word_1_34' title='bbox 1541 567 1685 606; x_wconf 89' lang='lat' dir='ltr'>omnia</span> <span class='ocrx_word' id='word_1_35' title='bbox 1705 568 1831 608; x_wconf 86' lang='lat' dir='ltr'>funda</span> 
     </span>
     <span class='ocr_line' id='line_1_6' title="bbox 235 625 1846 691; baseline 0.012 -30"><span class='ocrx_word' id='word_1_36' title='bbox 235 629 382 662; x_wconf 88' lang='lat' dir='ltr'>menta</span> <span class='ocrx_word' id='word_1_37' title='bbox 402 625 517 664; x_wconf 90' lang='lat' dir='ltr'>iacta</span> <span class='ocrx_word' id='word_1_38' title='bbox 539 633 652 674; x_wconf 87' lang='lat' dir='ltr'>sunt,</span> <span class='ocrx_word' id='word_1_39' title='bbox 678 635 722 667; x_wconf 91' lang='lat' dir='ltr'>ut</span> <span class='ocrx_word' id='word_1_40' title='bbox 757 642 901 681; x_wconf 87' lang='lat' dir='ltr'>neque</span> <span class='ocrx_word' id='word_1_41' title='bbox 924 637 1095 683; x_wconf 79' lang='lat' dir='ltr'>tempus</span> <span class='ocrx_word' id='word_1_42' title='bbox 1119 635 1391 673; x_wconf 74' lang='lat' dir='ltr'>commodius</span> <span class='ocrx_word' id='word_1_43' title='bbox 1415 640 1677 689; x_wconf 86' lang='lat' dir='ltr'>exspectari,</span> <span class='ocrx_word' id='word_1_44' title='bbox 1709 653 1846 691; x_wconf 84' lang='lat' dir='ltr'>neque</span> 
     </span>
    </p>
   </div>
   <div class='ocr_carea' id='block_1_5' title="bbox 232 698 1898 902">
    <p class='ocr_par' dir='ltr' id='par_1_5' title="bbox 232 698 1898 902">
     <span class='ocr_line' id='line_1_7' title="bbox 235 698 1898 758; baseline 0.011 -25"><span class='ocrx_word' id='word_1_45' title='bbox 235 698 435 746; x_wconf 79' lang='lat' dir='ltr'>exoptari</span> <span class='ocrx_word' id='word_1_46' title='bbox 458 700 687 748; x_wconf 89' lang='lat' dir='ltr'>potuisset.</span> <span class='ocrx_word' id='word_1_47' title='bbox 712 702 804 740; x_wconf 90' lang='lat' dir='ltr'>Nisi</span> <span class='ocrx_word' id='word_1_48' title='bbox 827 704 940 741; x_wconf 89' lang='lat' dir='ltr'>enim</span> <span class='ocrx_word' id='word_1_49' title='bbox 964 704 1137 742; x_wconf 74' lang='lat' dir='ltr'>siccitas</span> <span class='ocrx_word' id='word_1_50' title='bbox 1158 708 1370 757; x_wconf 88' lang='lat' dir='ltr'>temporis</span> <span class='ocrx_word' id='word_1_51' title='bbox 1397 709 1594 758; x_wconf 81' lang='lat' dir='ltr'>fauisset,</span> <span class='ocrx_word' id='word_1_52' title='bbox 1618 712 1845 752; x_wconf 88' lang='lat' dir='ltr'>maioribus</span> <span class='ocrx_word' id='word_1_53' title='bbox 1896 735 1898 744; x_wconf 52' lang='grc' dir='ltr'><em>ν</em></span> 
     </span>
     <span class='ocr_line' id='line_1_8' title="bbox 233 767 1898 831; baseline 0.011 -28"><span class='ocrx_word' id='word_1_54' title='bbox 233 767 361 805; x_wconf 89' lang='lat' dir='ltr'>etiam</span> <span class='ocrx_word' id='word_1_55' title='bbox 393 769 599 820; x_wconf 82' lang='lat' dir='ltr'><strong>impensis</strong></span> <span class='ocrx_word' id='word_1_56' title='bbox 629 776 796 811; x_wconf 85' lang='lat' dir='ltr'>tantum</span> <span class='ocrx_word' id='word_1_57' title='bbox 829 776 973 824; x_wconf 88' lang='lat' dir='ltr'>operis</span> <span class='ocrx_word' id='word_1_58' title='bbox 1004 774 1293 828; x_wconf 85' lang='lat' dir='ltr'>haudquaque</span> <span class='ocrx_word' id='word_1_59' title='bbox 1324 780 1475 831; x_wconf 80' lang='lat' dir='ltr'>peragi</span> <span class='ocrx_word' id='word_1_60' title='bbox 1505 780 1736 831; x_wconf 89' lang='lat' dir='ltr'>potuisset.</span> <span class='ocrx_word' id='word_1_61' title='bbox 1768 784 1845 824; x_wconf 90' lang='lat' dir='ltr'>Dei</span> <span class='ocrx_word' id='word_1_62' title='bbox 1896 775 1898 821; x_wconf 55' lang='grc' dir='ltr'>ἶ</span> 
     </span>
     <span class='ocr_line' id='line_1_9' title="bbox 232 841 1898 902; baseline 0.012 -27"><span class='ocrx_word' id='word_1_63' title='bbox 232 850 336 889; x_wconf 88' lang='lat' dir='ltr'>erga</span> <span class='ocrx_word' id='word_1_64' title='bbox 358 853 460 879; x_wconf 90' lang='lat' dir='ltr'>suos</span> <span class='ocrx_word' id='word_1_65' title='bbox 477 841 730 882; x_wconf 75' lang='lat' dir='ltr'>inmensam</span> <span class='ocrx_word' id='word_1_66' title='bbox 752 845 772 870; x_wconf 77' lang='lat' dir='ltr'>b</span> <span class='ocrx_word' id='word_1_67' title='bbox 788 858 948 893; x_wconf 87' lang='lat' dir='ltr'>curam,</span> <span class='ocrx_word' id='word_1_68' title='bbox 969 859 1019 884; x_wconf 90' lang='lat' dir='ltr'>ac</span> <span class='ocrx_word' id='word_1_69' title='bbox 1038 848 1083 885; x_wconf 89' lang='lat' dir='ltr'>P.</span> <span class='ocrx_word' id='word_1_70' title='bbox 1106 849 1328 899; x_wconf 80' lang='lat' dir='ltr'>Baptistae</span> <span class='ocrx_word' id='word_1_71' title='bbox 1347 850 1617 902; x_wconf 75' lang='lat' dir='ltr'>diligentiam</span> <span class='ocrx_word' id='word_1_72' title='bbox 1640 854 1844 894; x_wconf 84' lang='lat' dir='ltr'>admiran-</span> <span class='ocrx_word' id='word_1_73' title='bbox 1896 855 1898 876; x_wconf 44' lang='lat' dir='ltr'>l</span> 
     </span>
    </p>
   </div>
   <div class='ocr_carea' id='block_1_6' title="bbox 227 912 1843 1118">
    <p class='ocr_par' dir='ltr' id='par_1_6' title="bbox 227 912 1843 1118">
     <span class='ocr_line' id='line_1_10' title="bbox 230 912 1843 977; baseline 0.012 -31"><span class='ocrx_word' id='word_1_74' title='bbox 230 914 297 946; x_wconf 87' lang='lat' dir='ltr'>tur</span> <span class='ocrx_word' id='word_1_75' title='bbox 320 922 486 950; x_wconf 86' lang='lat' dir='ltr'>omnes.</span> <span class='ocrx_word' id='word_1_76' title='bbox 513 912 767 953; x_wconf 83' lang='lat' dir='ltr'>Amoenitas</span> <span class='ocrx_word' id='word_1_77' title='bbox 799 917 970 966; x_wconf 82' lang='lat' dir='ltr'>locique</span> <span class='ocrx_word' id='word_1_78' title='bbox 1002 919 1305 970; x_wconf 86' lang='lat' dir='ltr'>commoditas,</span> <span class='ocrx_word' id='word_1_79' title='bbox 1329 926 1372 959; x_wconf 91' lang='lat' dir='ltr'>et</span> <span class='ocrx_word' id='word_1_80' title='bbox 1403 922 1485 960; x_wconf 88' lang='lat' dir='ltr'>iam</span> <span class='ocrx_word' id='word_1_81' title='bbox 1516 936 1728 974; x_wconf 87' lang='lat' dir='ltr'>apparens</span> <span class='ocrx_word' id='word_1_82' title='bbox 1749 939 1843 977; x_wconf 87' lang='lat' dir='ltr'>qua-</span> 
     </span>
     <span class='ocr_line' id='line_1_11' title="bbox 229 980 1842 1045; baseline 0.012 -28"><span class='ocrx_word' id='word_1_83' title='bbox 229 980 351 1019; x_wconf 88' lang='lat' dir='ltr'>drata</span> <span class='ocrx_word' id='word_1_84' title='bbox 383 983 558 1035; x_wconf 87' lang='lat' dir='ltr'>collegij</span> <span class='ocrx_word' id='word_1_85' title='bbox 591 985 744 1032; x_wconf 75' lang='lat' dir='ltr'>forma,</span> <span class='ocrx_word' id='word_1_86' title='bbox 777 988 847 1025; x_wconf 77' lang='lat' dir='ltr'>uix</span> <span class='ocrx_word' id='word_1_87' title='bbox 871 988 971 1035; x_wconf 86' lang='lat' dir='ltr'>dici,</span> <span class='ocrx_word' id='word_1_88' title='bbox 1011 990 1057 1027; x_wconf 75' lang='lat' dir='ltr'>R.</span> <span class='ocrx_word' id='word_1_89' title='bbox 1084 990 1145 1036; x_wconf 89' lang='lat' dir='ltr'>P.,</span> <span class='ocrx_word' id='word_1_90' title='bbox 1169 996 1316 1041; x_wconf 88' lang='lat' dir='ltr'>potest</span> <span class='ocrx_word' id='word_1_91' title='bbox 1338 999 1610 1045; x_wconf 79' lang='lat' dir='ltr'>quantopere</span> <span class='ocrx_word' id='word_1_92' title='bbox 1632 995 1686 1034; x_wconf 89' lang='lat' dir='ltr'>ab</span> <span class='ocrx_word' id='word_1_93' title='bbox 1717 998 1842 1036; x_wconf 90' lang='lat' dir='ltr'>omni-</span> 
     </span>
     <span class='ocr_line' id='line_1_12' title="bbox 227 1052 1840 1118; baseline 0.012 -29"><span class='ocrx_word' id='word_1_94' title='bbox 227 1052 306 1089; x_wconf 81' lang='lat' dir='ltr'>bus</span> <span class='ocrx_word' id='word_1_95' title='bbox 338 1055 686 1104; x_wconf 88' lang='lat' dir='ltr'>commendetur,</span> <span class='ocrx_word' id='word_1_96' title='bbox 721 1062 765 1095; x_wconf 87' lang='lat' dir='ltr'>ut</span> <span class='ocrx_word' id='word_1_97' title='bbox 796 1059 991 1110; x_wconf 86' lang='lat' dir='ltr'>plerique</span> <span class='ocrx_word' id='word_1_98' title='bbox 1014 1073 1094 1098; x_wconf 91' lang='lat' dir='ltr'>nos</span> <span class='ocrx_word' id='word_1_99' title='bbox 1115 1061 1363 1102; x_wconf 87' lang='lat' dir='ltr'>fortunatos</span> <span class='ocrx_word' id='word_1_100' title='bbox 1389 1065 1643 1115; x_wconf 86' lang='lat' dir='ltr'>praedicent</span> <span class='ocrx_word' id='word_1_101' title='bbox 1665 1081 1840 1118; x_wconf 89' lang='lat' dir='ltr'>quorum</span> 
     </span>
    </p>
   </div>
   <div class='ocr_carea' id='block_1_7' title="bbox 225 1122 1897 1259">
    <p class='ocr_par' dir='ltr' id='par_1_7' title="bbox 225 1122 1897 1259">
     <span class='ocr_line' id='line_1_13' title="bbox 226 1122 1897 1191; baseline 0.012 -31"><span class='ocrx_word' id='word_1_102' title='bbox 226 1122 307 1161; x_wconf 82' lang='lat' dir='ltr'>iam</span> <span class='ocrx_word' id='word_1_103' title='bbox 331 1127 505 1164; x_wconf 86' lang='lat' dir='ltr'>moenia</span> <span class='ocrx_word' id='word_1_104' title='bbox 526 1134 721 1179; x_wconf 89' lang='lat' dir='ltr'>surgunt.</span> <span class='ocrx_word' id='word_1_105' title='bbox 749 1130 1035 1180; x_wconf 72' lang='lat' dir='ltr'>Quantopere</span> <span class='ocrx_word' id='word_1_106' title='bbox 1068 1133 1149 1171; x_wconf 87' lang='lat' dir='ltr'>hac</span> <span class='ocrx_word' id='word_1_107' title='bbox 1181 1139 1322 1172; x_wconf 89' lang='lat' dir='ltr'>estate</span> <span class='ocrx_word' id='word_1_108' title='bbox 1353 1136 1393 1173; x_wconf 90' lang='lat' dir='ltr'>in</span> <span class='ocrx_word' id='word_1_109' title='bbox 1430 1136 1688 1177; x_wconf 86' lang='lat' dir='ltr'>hodiernum</span> <span class='ocrx_word' id='word_1_110' title='bbox 1711 1153 1839 1191; x_wconf 86' lang='lat' dir='ltr'>usque</span> <span class='ocrx_word' id='word_1_111' title='bbox 1896 1158 1897 1183; x_wconf 75' lang='lat'>1</span> 
     </span>
     <span class='ocr_line' id='line_1_14' title="bbox 225 1193 1897 1259; baseline 0.011 -28"><span class='ocrx_word' id='word_1_112' title='bbox 225 1193 339 1233; x_wconf 87' lang='lat' dir='ltr'>diem</span> <span class='ocrx_word' id='word_1_113' title='bbox 365 1209 471 1247; x_wconf 91' lang='lat' dir='ltr'>opus</span> <span class='ocrx_word' id='word_1_114' title='bbox 493 1198 719 1247; x_wconf 89' lang='lat' dir='ltr'>ferbuerit,</span> <span class='ocrx_word' id='word_1_115' title='bbox 744 1201 843 1240; x_wconf 91' lang='lat' dir='ltr'>hinc</span> <span class='ocrx_word' id='word_1_116' title='bbox 865 1202 968 1240; x_wconf 90' lang='lat' dir='ltr'>satis</span> <span class='ocrx_word' id='word_1_117' title='bbox 992 1210 1195 1243; x_wconf 85' lang='lat' dir='ltr'>constare</span> <span class='ocrx_word' id='word_1_118' title='bbox 1218 1211 1382 1256; x_wconf 88' lang='lat' dir='ltr'>potest,</span> <span class='ocrx_word' id='word_1_119' title='bbox 1407 1207 1523 1258; x_wconf 88' lang='lat' dir='ltr'>quod</span> <span class='ocrx_word' id='word_1_120' title='bbox 1551 1216 1740 1259; x_wconf 90' lang='lat' dir='ltr'>centum,</span> <span class='ocrx_word' id='word_1_121' title='bbox 1763 1225 1840 1252; x_wconf 90' lang='lat' dir='ltr'>nec</span> <span class='ocrx_word' id='word_1_122' title='bbox 1895 1222 1897 1249; x_wconf 79' lang='grc' dir='ltr'><em>ῑ</em></span> 
     </span>
    </p>
   </div>
   <div class='ocr_carea' id='block_1_8' title="bbox 224 1272 1836 1334">
    <p class='ocr_par' dir='ltr' id='par_1_8' title="bbox 224 1272 1836 1334">
     <span class='ocr_line' id='line_1_15' title="bbox 224 1272 1836 1334; baseline 0.011 -30"><span class='ocrx_word' id='word_1_123' title='bbox 224 1278 320 1304; x_wconf 90' lang='lat' dir='ltr'>raro</span> <span class='ocrx_word' id='word_1_124' title='bbox 358 1274 533 1308; x_wconf 89' lang='lat' dir='ltr'>centum</span> <span class='ocrx_word' id='word_1_125' title='bbox 557 1277 600 1309; x_wconf 87' lang='lat' dir='ltr'>et</span> <span class='ocrx_word' id='word_1_126' title='bbox 622 1272 790 1323; x_wconf 88' lang='lat' dir='ltr'>uiginti,</span> <span class='ocrx_word' id='word_1_127' title='bbox 822 1274 893 1311; x_wconf 80' lang='lat' dir='ltr'>uix</span> <span class='ocrx_word' id='word_1_128' title='bbox 924 1288 1110 1326; x_wconf 88' lang='lat' dir='ltr'>unquam</span> <span class='ocrx_word' id='word_1_129' title='bbox 1143 1277 1281 1315; x_wconf 89' lang='lat' dir='ltr'>minus</span> <span class='ocrx_word' id='word_1_130' title='bbox 1312 1279 1624 1332; x_wconf 84' lang='lat' dir='ltr'>quinquaginta</span> <span class='ocrx_word' id='word_1_131' title='bbox 1659 1285 1836 1334; x_wconf 88' lang='lat' dir='ltr'>operarij</span> 
     </span>
    </p>
   </div>
   <div class='ocr_carea' id='block_1_9' title="bbox 223 1339 1897 1404">
    <p class='ocr_par' dir='ltr' id='par_1_9' title="bbox 223 1339 1897 1404">
     <span class='ocr_line' id='line_1_16' title="bbox 223 1339 1897 1404; baseline 0.011 -27"><span class='ocrx_word' id='word_1_132' title='bbox 223 1339 397 1379; x_wconf 89' lang='lat' dir='ltr'>fuerint.</span> <span class='ocrx_word' id='word_1_133' title='bbox 440 1341 597 1393; x_wconf 91' lang='lat' dir='ltr'>Neque</span> <span class='ocrx_word' id='word_1_134' title='bbox 618 1344 700 1382; x_wconf 89' lang='lat' dir='ltr'>iam</span> <span class='ocrx_word' id='word_1_135' title='bbox 723 1346 776 1383; x_wconf 89' lang='lat' dir='ltr'>ab</span> <span class='ocrx_word' id='word_1_136' title='bbox 801 1345 1065 1385; x_wconf 82' lang='lat' dir='ltr'>effodiendis</span> <span class='ocrx_word' id='word_1_137' title='bbox 1087 1348 1301 1399; x_wconf 70' lang='lat' dir='ltr'>lapidibus</span> <span class='ocrx_word' id='word_1_138' title='bbox 1325 1357 1535 1400; x_wconf 85' lang='lat' dir='ltr'>cessatur,</span> <span class='ocrx_word' id='word_1_139' title='bbox 1559 1355 1660 1404; x_wconf 89' lang='lat' dir='ltr'>quin</span> <span class='ocrx_word' id='word_1_140' title='bbox 1681 1355 1721 1392; x_wconf 91' lang='lat' dir='ltr'>in</span> <span class='ocrx_word' id='word_1_141' title='bbox 1743 1355 1837 1394; x_wconf 87' lang='lat' dir='ltr'>dua-</span> <span class='ocrx_word' id='word_1_142' title='bbox 1895 1387 1897 1391; x_wconf 20' lang='grc' dir='ltr'><em>Α</em></span> 
     </span>
    </p>
   </div>
   <div class='ocr_carea' id='block_1_10' title="bbox 207 1411 1835 2611">
    <p class='ocr_par' dir='ltr' id='par_1_10' title="bbox 218 1411 1835 1832">
     <span class='ocr_line' id='line_1_17' title="bbox 222 1411 1835 1475; baseline 0.011 -27"><span class='ocrx_word' id='word_1_143' title='bbox 222 1411 300 1449; x_wconf 90' lang='lat' dir='ltr'>bus</span> <span class='ocrx_word' id='word_1_144' title='bbox 322 1412 562 1463; x_wconf 89' lang='lat' dir='ltr'>lapidicinis</span> <span class='ocrx_word' id='word_1_145' title='bbox 592 1415 634 1453; x_wconf 93' lang='lat' dir='ltr'>in</span> <span class='ocrx_word' id='word_1_146' title='bbox 668 1417 909 1466; x_wconf 85' lang='lat' dir='ltr'>proximam</span> <span class='ocrx_word' id='word_1_147' title='bbox 932 1424 1146 1458; x_wconf 90' lang='lat' dir='ltr'>aestatem</span> <span class='ocrx_word' id='word_1_148' title='bbox 1179 1434 1266 1459; x_wconf 91' lang='lat' dir='ltr'>non</span> <span class='ocrx_word' id='word_1_149' title='bbox 1296 1424 1422 1472; x_wconf 90' lang='lat' dir='ltr'>pauci</span> <span class='ocrx_word' id='word_1_150' title='bbox 1451 1425 1615 1475; x_wconf 89' lang='lat' dir='ltr'>lapides</span> <span class='ocrx_word' id='word_1_151' title='bbox 1639 1426 1835 1466; x_wconf 82' lang='lat' dir='ltr'>excidun-</span> 
     </span>
     <span class='ocr_line' id='line_1_18' title="bbox 221 1486 1834 1548; baseline 0.011 -28"><span class='ocrx_word' id='word_1_152' title='bbox 221 1488 305 1530; x_wconf 81' lang='lat' dir='ltr'>tur3</span> <span class='ocrx_word' id='word_1_153' title='bbox 342 1489 386 1521; x_wconf 89' lang='lat' dir='ltr'>ut</span> <span class='ocrx_word' id='word_1_154' title='bbox 417 1486 553 1535; x_wconf 91' lang='lat' dir='ltr'>(quod</span> <span class='ocrx_word' id='word_1_155' title='bbox 584 1487 665 1525; x_wconf 90' lang='lat' dir='ltr'>Dei</span> <span class='ocrx_word' id='word_1_156' title='bbox 697 1489 887 1527; x_wconf 88' lang='lat' dir='ltr'>confisus</span> <span class='ocrx_word' id='word_1_157' title='bbox 920 1502 1002 1541; x_wconf 90' lang='lat' dir='ltr'>ope</span> <span class='ocrx_word' id='word_1_158' title='bbox 1041 1492 1086 1529; x_wconf 91' lang='lat' dir='ltr'>P.</span> <span class='ocrx_word' id='word_1_159' title='bbox 1126 1492 1325 1543; x_wconf 85' lang='lat' dir='ltr'>Baptista</span> <span class='ocrx_word' id='word_1_160' title='bbox 1358 1496 1609 1547; x_wconf 89' lang='lat' dir='ltr'>pollicetur)</span> <span class='ocrx_word' id='word_1_161' title='bbox 1643 1499 1834 1548; x_wconf 86' lang='lat' dir='ltr'>proximo</span> 
     </span>
     <span class='ocr_line' id='line_1_19' title="bbox 219 1557 1833 1622; baseline 0.011 -30"><span class='ocrx_word' id='word_1_162' title='bbox 219 1566 332 1593; x_wconf 86' lang='lat' dir='ltr'>anno</span> <span class='ocrx_word' id='word_1_163' title='bbox 355 1557 587 1596; x_wconf 91' lang='lat' dir='ltr'>ecclesiam</span> <span class='ocrx_word' id='word_1_164' title='bbox 611 1571 707 1597; x_wconf 90' lang='lat' dir='ltr'>cum</span> <span class='ocrx_word' id='word_1_165' title='bbox 739 1560 877 1598; x_wconf 87' lang='lat' dir='ltr'>altera</span> <span class='ocrx_word' id='word_1_166' title='bbox 907 1567 1029 1612; x_wconf 88' lang='lat' dir='ltr'>parte</span> <span class='ocrx_word' id='word_1_167' title='bbox 1052 1564 1159 1601; x_wconf 89' lang='lat' dir='ltr'>tanti</span> <span class='ocrx_word' id='word_1_168' title='bbox 1193 1565 1368 1616; x_wconf 89' lang='lat' dir='ltr'>collegij</span> <span class='ocrx_word' id='word_1_169' title='bbox 1395 1573 1639 1607; x_wconf 87' lang='lat' dir='ltr'>extructam</span> <span class='ocrx_word' id='word_1_170' title='bbox 1674 1572 1833 1622; x_wconf 87' lang='lat' dir='ltr'>conspi-</span> 
     </span>
     <span class='ocr_line' id='line_1_20' title="bbox 220 1626 1830 1689; baseline 0.011 -26"><span class='ocrx_word' id='word_1_171' title='bbox 220 1626 397 1666; x_wconf 87' lang='lat' dir='ltr'>ciamus.</span> <span class='ocrx_word' id='word_1_172' title='bbox 437 1627 536 1676; x_wconf 77' lang='lat' dir='ltr'>Quo</span> <span class='ocrx_word' id='word_1_173' title='bbox 572 1635 589 1654; x_wconf 87' lang='lat' dir='ltr'>c</span> <span class='ocrx_word' id='word_1_174' title='bbox 618 1630 664 1668; x_wconf 84' lang='lat' dir='ltr'>R.</span> <span class='ocrx_word' id='word_1_175' title='bbox 689 1631 919 1682; x_wconf 91' lang='lat' dir='ltr'>episcopus</span> <span class='ocrx_word' id='word_1_176' title='bbox 950 1639 1102 1671; x_wconf 86' lang='lat' dir='ltr'>noster</span> <span class='ocrx_word' id='word_1_177' title='bbox 1127 1640 1135 1659; x_wconf 97' lang='lat'>¹</span> <span class='ocrx_word' id='word_1_178' title='bbox 1168 1635 1271 1673; x_wconf 90' lang='lat' dir='ltr'>nihil</span> <span class='ocrx_word' id='word_1_179' title='bbox 1303 1638 1442 1688; x_wconf 89' lang='lat' dir='ltr'>magis</span> <span class='ocrx_word' id='word_1_180' title='bbox 1472 1639 1513 1676; x_wconf 89' lang='lat' dir='ltr'>in</span> <span class='ocrx_word' id='word_1_181' title='bbox 1547 1640 1661 1678; x_wconf 87' lang='lat' dir='ltr'>uotis</span> <span class='ocrx_word' id='word_1_182' title='bbox 1691 1641 1830 1689; x_wconf 87' lang='lat' dir='ltr'>habet,</span> 
     </span>
     <span class='ocr_line' id='line_1_21' title="bbox 218 1698 1832 1763; baseline 0.011 -29"><span class='ocrx_word' id='word_1_183' title='bbox 218 1698 289 1746; x_wconf 90' lang='lat' dir='ltr'>qui</span> <span class='ocrx_word' id='word_1_184' title='bbox 310 1698 540 1738; x_wconf 83' lang='lat' dir='ltr'>Biliomum</span> <span class='ocrx_word' id='word_1_185' title='bbox 572 1713 619 1738; x_wconf 88' lang='lat' dir='ltr'>se</span> <span class='ocrx_word' id='word_1_186' title='bbox 651 1707 882 1741; x_wconf 88' lang='lat' dir='ltr'>uenturum</span> <span class='ocrx_word' id='word_1_187' title='bbox 914 1704 1110 1755; x_wconf 83' lang='lat' dir='ltr'>negauit,</span> <span class='ocrx_word' id='word_1_188' title='bbox 1134 1707 1237 1756; x_wconf 86' lang='lat' dir='ltr'>quin</span> <span class='ocrx_word' id='word_1_189' title='bbox 1257 1708 1375 1758; x_wconf 90' lang='lat' dir='ltr'>prius</span> <span class='ocrx_word' id='word_1_190' title='bbox 1397 1715 1538 1748; x_wconf 87' lang='lat' dir='ltr'>totum</span> <span class='ocrx_word' id='word_1_191' title='bbox 1563 1724 1670 1761; x_wconf 90' lang='lat' dir='ltr'>opus</span> <span class='ocrx_word' id='word_1_192' title='bbox 1692 1725 1832 1763; x_wconf 79' lang='lat' dir='ltr'>perac-</span> 
     </span>
     <span class='ocr_line' id='line_1_22' title="bbox 218 1769 1699 1832; baseline 0.01 -26"><span class='ocrx_word' id='word_1_193' title='bbox 218 1773 307 1807; x_wconf 87' lang='lat' dir='ltr'>tum</span> <span class='ocrx_word' id='word_1_194' title='bbox 330 1770 397 1808; x_wconf 91' lang='lat' dir='ltr'>sit.</span> <span class='ocrx_word' id='word_1_195' title='bbox 420 1769 551 1819; x_wconf 80' lang='lat' dir='ltr'>Quod</span> <span class='ocrx_word' id='word_1_196' title='bbox 574 1777 619 1809; x_wconf 88' lang='lat' dir='ltr'>ut</span> <span class='ocrx_word' id='word_1_197' title='bbox 642 1784 695 1811; x_wconf 93' lang='lat' dir='ltr'>eo</span> <span class='ocrx_word' id='word_1_198' title='bbox 719 1775 955 1824; x_wconf 86' lang='lat' dir='ltr'>superstite</span> <span class='ocrx_word' id='word_1_199' title='bbox 977 1777 1065 1824; x_wconf 79' lang='lat' dir='ltr'>fiat,</span> <span class='ocrx_word' id='word_1_200' title='bbox 1098 1779 1225 1817; x_wconf 90' lang='lat' dir='ltr'>nullis</span> <span class='ocrx_word' id='word_1_201' title='bbox 1248 1780 1470 1818; x_wconf 87' lang='lat' dir='ltr'>laboribus</span> <span class='ocrx_word' id='word_1_202' title='bbox 1493 1782 1699 1832; x_wconf 87' lang='lat' dir='ltr'>parcitur.</span> 
     </span>
    </p>

    <p class='ocr_par' dir='ltr' id='par_1_11' title="bbox 207 1840 1830 2611">
     <span class='ocr_line' id='line_1_23' title="bbox 270 1840 1830 1900; baseline 0.01 -23"><span class='ocrx_word' id='word_1_203' title='bbox 270 1849 306 1888; x_wconf 88' lang='lat'>5.</span> <span class='ocrx_word' id='word_1_204' title='bbox 367 1840 533 1880; x_wconf 87' lang='lat' dir='ltr'>Solitae</span> <span class='ocrx_word' id='word_1_205' title='bbox 556 1844 793 1883; x_wconf 83' lang='lat' dir='ltr'>conciones</span> <span class='ocrx_word' id='word_1_206' title='bbox 816 1845 1131 1900; x_wconf 88' lang='lat' dir='ltr'>doctrinaeque</span> <span class='ocrx_word' id='word_1_207' title='bbox 1155 1851 1416 1889; x_wconf 87' lang='lat' dir='ltr'>christianae</span> <span class='ocrx_word' id='word_1_208' title='bbox 1439 1852 1572 1891; x_wconf 88' lang='lat' dir='ltr'>lectio</span> <span class='ocrx_word' id='word_1_209' title='bbox 1601 1867 1687 1892; x_wconf 87' lang='lat' dir='ltr'>non</span> <span class='ocrx_word' id='word_1_210' title='bbox 1716 1855 1830 1893; x_wconf 85' lang='lat' dir='ltr'>omit-</span> 
     </span>
     <span class='ocr_line' id='line_1_24' title="bbox 216 1913 1830 1971; baseline 0.011 -23"><span class='ocrx_word' id='word_1_211' title='bbox 216 1916 378 1950; x_wconf 89' lang='lat' dir='ltr'>tuntur.</span> <span class='ocrx_word' id='word_1_212' title='bbox 404 1913 516 1951; x_wconf 91' lang='lat' dir='ltr'>Hinc</span> <span class='ocrx_word' id='word_1_213' title='bbox 545 1913 591 1951; x_wconf 90' lang='lat' dir='ltr'>fit</span> <span class='ocrx_word' id='word_1_214' title='bbox 614 1920 673 1961; x_wconf 85' lang='lat' dir='ltr'>ut,</span> <span class='ocrx_word' id='word_1_215' title='bbox 697 1915 873 1966; x_wconf 64' lang='lat' dir='ltr'>aliquos</span> <span class='ocrx_word' id='word_1_216' title='bbox 899 1918 991 1969; x_wconf 73' lang='lat' dir='ltr'>pzjs</span> <span class='ocrx_word' id='word_1_217' title='bbox 1023 1920 1252 1959; x_wconf 68' lang='lat' dir='ltr'>matronis</span> <span class='ocrx_word' id='word_1_218' title='bbox 1277 1923 1693 1971; x_wconf 71' lang='lat' dir='ltr'>perseuerautibus,</span> <span class='ocrx_word' id='word_1_219' title='bbox 1729 1939 1830 1964; x_wconf 67' lang='lat' dir='ltr'>‘non-</span> 
     </span>
     <span class='ocr_line' id='line_1_25' title="bbox 214 1982 1828 2041; baseline 0.009 -21"><span class='ocrx_word' id='word_1_220' title='bbox 214 1982 333 2021; x_wconf 75' lang='lat' dir='ltr'>nulli</span> <span class='ocrx_word' id='word_1_221' title='bbox 351 1982 490 2022; x_wconf 74' lang='lat' dir='ltr'>etiam</span> <span class='ocrx_word' id='word_1_222' title='bbox 511 1985 777 2025; x_wconf 67' lang='lat' dir='ltr'>scholastici</span> <span class='ocrx_word' id='word_1_223' title='bbox 797 1987 817 2012; x_wconf 76' lang='lat'>‘¹</span> <span class='ocrx_word' id='word_1_224' title='bbox 839 1988 1019 2039; x_wconf 87' lang='lat' dir='ltr'>singulis</span> <span class='ocrx_word' id='word_1_225' title='bbox 1050 2003 1164 2041; x_wconf 90' lang='lat' dir='ltr'>pene</span> <span class='ocrx_word' id='word_1_226' title='bbox 1195 1992 1486 2032; x_wconf 90' lang='lat' dir='ltr'>hebdomadis</span> <span class='ocrx_word' id='word_1_227' title='bbox 1517 1996 1741 2034; x_wconf 87' lang='lat' dir='ltr'>nobiscum</span> <span class='ocrx_word' id='word_1_228' title='bbox 1771 2009 1828 2035; x_wconf 82' lang='lat' dir='ltr'>sa-</span> 
     </span>
     <span class='ocr_line' id='line_1_26' title="bbox 213 2055 1823 2111; baseline 0.009 -20"><span class='ocrx_word' id='word_1_229' title='bbox 213 2066 332 2092; x_wconf 85' lang='lat' dir='ltr'>crum</span> <span class='ocrx_word' id='word_1_230' title='bbox 354 2055 516 2093; x_wconf 91' lang='lat' dir='ltr'>Christi</span> <span class='ocrx_word' id='word_1_231' title='bbox 538 2063 707 2095; x_wconf 88' lang='lat' dir='ltr'>sumant</span> <span class='ocrx_word' id='word_1_232' title='bbox 726 2070 883 2109; x_wconf 88' lang='lat' dir='ltr'>corpus</span> <span class='ocrx_word' id='word_1_233' title='bbox 899 2067 934 2107; x_wconf 73' lang='lat' dir='ltr'>e3</span> <span class='ocrx_word' id='word_1_234' title='bbox 957 2061 1128 2111; x_wconf 87' lang='lat' dir='ltr'>plurimi</span> <span class='ocrx_word' id='word_1_235' title='bbox 1149 2069 1296 2102; x_wconf 90' lang='lat' dir='ltr'>autem</span> <span class='ocrx_word' id='word_1_236' title='bbox 1327 2065 1665 2105; x_wconf 86' lang='lat' dir='ltr'>solemnioribus</span> <span class='ocrx_word' id='word_1_237' title='bbox 1694 2068 1823 2107; x_wconf 85' lang='lat' dir='ltr'>festis.</span> 
     </span>
     <span class='ocr_line' id='line_1_27' title="bbox 213 2125 1825 2190; baseline 0.009 -28"><span class='ocrx_word' id='word_1_238' title='bbox 213 2125 258 2163; x_wconf 85' lang='lat' dir='ltr'>Si</span> <span class='ocrx_word' id='word_1_239' title='bbox 274 2125 446 2176; x_wconf 90' lang='lat' dir='ltr'>quando</span> <span class='ocrx_word' id='word_1_240' title='bbox 463 2126 598 2176; x_wconf 90' lang='lat' dir='ltr'>(quod</span> <span class='ocrx_word' id='word_1_241' title='bbox 615 2141 701 2166; x_wconf 91' lang='lat' dir='ltr'>non</span> <span class='ocrx_word' id='word_1_242' title='bbox 720 2130 853 2168; x_wconf 88' lang='lat' dir='ltr'>toties</span> <span class='ocrx_word' id='word_1_243' title='bbox 870 2131 932 2178; x_wconf 88' lang='lat' dir='ltr'>fit,</span> <span class='ocrx_word' id='word_1_244' title='bbox 950 2137 1130 2183; x_wconf 88' lang='lat' dir='ltr'>propter</span> <span class='ocrx_word' id='word_1_245' title='bbox 1145 2136 1474 2186; x_wconf 85' lang='lat' dir='ltr'>occupationes,</span> <span class='ocrx_word' id='word_1_246' title='bbox 1490 2139 1663 2187; x_wconf 89' lang='lat' dir='ltr'>quoties</span> <span class='ocrx_word' id='word_1_247' title='bbox 1681 2152 1825 2190; x_wconf 86' lang='lat' dir='ltr'>rogan-</span> 
     </span>
     <span class='ocr_line' id='line_1_28' title="bbox 212 2198 1824 2263; baseline 0.01 -30"><span class='ocrx_word' id='word_1_248' title='bbox 212 2200 298 2246; x_wconf 89' lang='lat' dir='ltr'>tur)</span> <span class='ocrx_word' id='word_1_249' title='bbox 322 2198 366 2235; x_wconf 87' lang='lat' dir='ltr'>P.</span> <span class='ocrx_word' id='word_1_250' title='bbox 392 2198 530 2236; x_wconf 91' lang='lat' dir='ltr'>nostri</span> <span class='ocrx_word' id='word_1_251' title='bbox 556 2199 610 2237; x_wconf 88' lang='lat' dir='ltr'>ad</span> <span class='ocrx_word' id='word_1_252' title='bbox 642 2200 805 2240; x_wconf 87' lang='lat' dir='ltr'>uicinas</span> <span class='ocrx_word' id='word_1_253' title='bbox 837 2203 966 2241; x_wconf 89' lang='lat' dir='ltr'>urbes</span> <span class='ocrx_word' id='word_1_254' title='bbox 988 2216 1039 2242; x_wconf 90' lang='lat' dir='ltr'>ac</span> <span class='ocrx_word' id='word_1_255' title='bbox 1061 2218 1199 2256; x_wconf 83' lang='lat' dir='ltr'>pagos</span> <span class='ocrx_word' id='word_1_256' title='bbox 1222 2212 1338 2254; x_wconf 89' lang='lat' dir='ltr'>eant,</span> <span class='ocrx_word' id='word_1_257' title='bbox 1371 2221 1457 2246; x_wconf 89' lang='lat' dir='ltr'>non</span> <span class='ocrx_word' id='word_1_258' title='bbox 1488 2209 1535 2246; x_wconf 89' lang='lat' dir='ltr'>fit</span> <span class='ocrx_word' id='word_1_259' title='bbox 1563 2210 1654 2248; x_wconf 92' lang='lat' dir='ltr'>sine</span> <span class='ocrx_word' id='word_1_260' title='bbox 1677 2211 1824 2263; x_wconf 82' lang='lat' dir='ltr'>anima-</span> 
     </span>
     <span class='ocr_line' id='line_1_29' title="bbox 212 2271 1823 2330; baseline 0.009 -24"><span class='ocrx_word' id='word_1_261' title='bbox 212 2281 304 2307; x_wconf 87' lang='lat' dir='ltr'>rum</span> <span class='ocrx_word' id='word_1_262' title='bbox 328 2271 632 2309; x_wconf 87' lang='lat' dir='ltr'>consolatione</span> <span class='ocrx_word' id='word_1_263' title='bbox 659 2284 710 2309; x_wconf 90' lang='lat' dir='ltr'>ac</span> <span class='ocrx_word' id='word_1_264' title='bbox 746 2273 888 2312; x_wconf 90' lang='lat' dir='ltr'>fructu</span> <span class='ocrx_word' id='word_1_265' title='bbox 933 2274 956 2312; x_wconf 79' lang='lat' dir='ltr'>f.</span> <span class='ocrx_word' id='word_1_266' title='bbox 995 2276 1149 2327; x_wconf 89' lang='lat' dir='ltr'>Neque</span> <span class='ocrx_word' id='word_1_267' title='bbox 1171 2278 1242 2316; x_wconf 92' lang='lat' dir='ltr'>hic</span> <span class='ocrx_word' id='word_1_268' title='bbox 1270 2279 1443 2317; x_wconf 88' lang='lat' dir='ltr'>silentio</span> <span class='ocrx_word' id='word_1_269' title='bbox 1466 2281 1823 2330; x_wconf 86' lang='lat' dir='ltr'>praetereundum</span> 
     </span>
     <span class='ocr_line' id='line_1_30' title="bbox 212 2342 1822 2402; baseline 0.007 -24"><span class='ocrx_word' id='word_1_270' title='bbox 212 2346 293 2388; x_wconf 89' lang='lat' dir='ltr'>est,</span> <span class='ocrx_word' id='word_1_271' title='bbox 331 2342 448 2392; x_wconf 92' lang='lat' dir='ltr'>quod</span> <span class='ocrx_word' id='word_1_272' title='bbox 483 2343 621 2393; x_wconf 89' lang='lat' dir='ltr'>primo</span> <span class='ocrx_word' id='word_1_273' title='bbox 658 2345 757 2384; x_wconf 91' lang='lat' dir='ltr'>loco</span> <span class='ocrx_word' id='word_1_274' title='bbox 796 2346 958 2385; x_wconf 91' lang='lat' dir='ltr'>dictum</span> <span class='ocrx_word' id='word_1_275' title='bbox 997 2350 1205 2398; x_wconf 84' lang='lat' dir='ltr'>oportuit.</span> <span class='ocrx_word' id='word_1_276' title='bbox 1245 2351 1602 2402; x_wconf 90' lang='lat' dir='ltr'>Lugdunensium</span> <span class='ocrx_word' id='word_1_277' title='bbox 1639 2365 1822 2392; x_wconf 86' lang='lat' dir='ltr'>summae</span> 
     </span>
     <span class='ocr_line' id='line_1_31' title="bbox 209 2411 1821 2475; baseline 0.01 -27"><span class='ocrx_word' id='word_1_278' title='bbox 209 2411 331 2450; x_wconf 87' lang='lat' dir='ltr'>aedis</span> <span class='ocrx_word' id='word_1_279' title='bbox 354 2413 565 2460; x_wconf 87' lang='lat' dir='ltr'>canonici,</span> <span class='ocrx_word' id='word_1_280' title='bbox 594 2415 788 2454; x_wconf 83' lang='lat' dir='ltr'>Domino</span> <span class='ocrx_word' id='word_1_281' title='bbox 823 2418 1095 2458; x_wconf 72' lang='lat' dir='ltr'>Montrotier</span> <span class='ocrx_word' id='word_1_282' title='bbox 1118 2426 1130 2444; x_wconf 84' lang='lat'><strong>²</strong></span> <span class='ocrx_word' id='word_1_283' title='bbox 1171 2421 1349 2471; x_wconf 74' lang='lat' dir='ltr'>partim</span> <span class='ocrx_word' id='word_1_284' title='bbox 1379 2422 1669 2471; x_wconf 68' lang='lat' dir='ltr'>sollicitante,</span> <span class='ocrx_word' id='word_1_285' title='bbox 1698 2437 1821 2475; x_wconf 88' lang='lat' dir='ltr'>quen-</span> 
     </span>
     <span class='ocr_line' id='line_1_32' title="bbox 208 2482 1819 2547; baseline 0.01 -28"><span class='ocrx_word' id='word_1_286' title='bbox 208 2482 305 2521; x_wconf 90' lang='lat' dir='ltr'>dam</span> <span class='ocrx_word' id='word_1_287' title='bbox 329 2496 426 2522; x_wconf 91' lang='lat' dir='ltr'>cum</span> <span class='ocrx_word' id='word_1_288' title='bbox 448 2484 584 2523; x_wconf 90' lang='lat' dir='ltr'>literis</span> <span class='ocrx_word' id='word_1_289' title='bbox 605 2486 659 2524; x_wconf 87' lang='lat' dir='ltr'>ad</span> <span class='ocrx_word' id='word_1_290' title='bbox 680 2499 760 2525; x_wconf 90' lang='lat' dir='ltr'>nos</span> <span class='ocrx_word' id='word_1_291' title='bbox 782 2489 1007 2537; x_wconf 87' lang='lat' dir='ltr'>miserunt,</span> <span class='ocrx_word' id='word_1_292' title='bbox 1031 2492 1187 2541; x_wconf 84' lang='lat' dir='ltr'>quibus</span> <span class='ocrx_word' id='word_1_293' title='bbox 1208 2492 1510 2543; x_wconf 86' lang='lat' dir='ltr'>significabant</span> <span class='ocrx_word' id='word_1_294' title='bbox 1534 2496 1762 2547; x_wconf 87' lang='lat' dir='ltr'>collegium</span> <span class='ocrx_word' id='word_1_295' title='bbox 1783 2496 1819 2534; x_wconf 93' lang='lat' dir='ltr'>in</span> 
     </span>
     <span class='ocr_line' id='line_1_33' title="bbox 207 2557 1820 2611; baseline 0.009 -19"><span class='ocrx_word' id='word_1_296' title='bbox 207 2567 293 2605; x_wconf 89' lang='lat' dir='ltr'>quo</span> <span class='ocrx_word' id='word_1_297' title='bbox 329 2557 529 2605; x_wconf 71' lang='lat' dir='ltr'>quatuor</span> <span class='ocrx_word' id='word_1_298' title='bbox 563 2558 828 2608; x_wconf 68' lang='lat' dir='ltr'>profitentur</span> <span class='ocrx_word' id='word_1_299' title='bbox 856 2568 878 2593; x_wconf 67' lang='lat' dir='ltr'>g</span> <span class='ocrx_word' id='word_1_300' title='bbox 912 2562 1075 2610; x_wconf 76' lang='lat' dir='ltr'>literas,</span> <span class='ocrx_word' id='word_1_301' title='bbox 1113 2563 1326 2602; x_wconf 85' lang='lat' dir='ltr'>Societati</span> <span class='ocrx_word' id='word_1_302' title='bbox 1361 2566 1476 2603; x_wconf 89' lang='lat' dir='ltr'>uelle</span> <span class='ocrx_word' id='word_1_303' title='bbox 1512 2567 1530 2591; x_wconf 80' lang='lat'>¹¹</span> <span class='ocrx_word' id='word_1_304' title='bbox 1567 2567 1739 2611; x_wconf 82' lang='lat' dir='ltr'>donare,</span> <span class='ocrx_word' id='word_1_305' title='bbox 1774 2579 1820 2606; x_wconf 84' lang='lat' dir='ltr'>ac</span> 
     </span>
    </p>
   </div>
   <div class='ocr_carea' id='block_1_11' title="bbox 207 2655 441 2665">
    <p class='ocr_par' dir='ltr' id='par_1_12' title="bbox 207 2655 441 2665">
     <span class='ocr_line' id='line_1_34' title="bbox 207 2655 441 2665; baseline 0 0"><span class='ocrx_word' id='word_1_306' title='bbox 207 2655 441 2665; x_wconf 95' lang='lat' dir='ltr'> </span> 
     </span>
    </p>
   </div>
   <div class='ocr_carea' id='block_1_12' title="bbox 205 2717 1814 2829">
    <p class='ocr_par' dir='ltr' id='par_1_13' title="bbox 205 2717 1814 2829">
     <span class='ocr_line' id='line_1_35' title="bbox 253 2717 1814 2773; baseline 0.006 -21"><span class='ocrx_word' id='word_1_307' title='bbox 253 2723 271 2741; x_wconf 72' lang='lat' dir='ltr'>a</span> <span class='ocrx_word' id='word_1_308' title='bbox 304 2717 514 2754; x_wconf 80' lang='lat' dir='ltr'>foeliciter.</span> <span class='ocrx_word' id='word_1_309' title='bbox 569 2719 634 2743; x_wconf 80' lang='lat' dir='ltr'>—b</span> <span class='ocrx_word' id='word_1_310' title='bbox 651 2723 875 2765; x_wconf 85' lang='lat' dir='ltr'>paternam.</span> <span class='ocrx_word' id='word_1_311' title='bbox 931 2742 973 2746; x_wconf 95' lang='lat'>-—</span> <span class='ocrx_word' id='word_1_312' title='bbox 992 2729 1008 2747; x_wconf 75' lang='lat'><em>0</em></span> <span class='ocrx_word' id='word_1_313' title='bbox 1045 2722 1231 2760; x_wconf 80' lang='lat' dir='ltr'>Emend.</span> <span class='ocrx_word' id='word_1_314' title='bbox 1262 2735 1311 2761; x_wconf 82' lang='lat' dir='ltr'>ex</span> <span class='ocrx_word' id='word_1_315' title='bbox 1337 2725 1454 2771; x_wconf 90' lang='lat' dir='ltr'>quod.</span> <span class='ocrx_word' id='word_1_316' title='bbox 1495 2726 1561 2751; x_wconf 78' lang='lat' dir='ltr'>—d</span> <span class='ocrx_word' id='word_1_317' title='bbox 1591 2739 1666 2763; x_wconf 88' lang='lat' dir='ltr'>non</span> <span class='ocrx_word' id='word_1_318' title='bbox 1693 2726 1814 2773; x_wconf 83' lang='lat' dir='ltr'>pauci.</span> 
     </span>
     <span class='ocr_line' id='line_1_36' title="bbox 205 2777 1813 2829; baseline 0.007 -18"><span class='ocrx_word' id='word_1_319' title='bbox 205 2784 269 2801; x_wconf 68' lang='lat' dir='ltr'>—e</span> <span class='ocrx_word' id='word_1_320' title='bbox 290 2787 433 2823; x_wconf 90' lang='lat' dir='ltr'>corpus</span> <span class='ocrx_word' id='word_1_321' title='bbox 446 2777 489 2814; x_wconf 79' lang='lat' dir='ltr'>in</span> <span class='ocrx_word' id='word_1_322' title='bbox 518 2789 654 2824; x_wconf 77' lang='lat' dir='ltr'>marg.</span> <span class='ocrx_word' id='word_1_323' title='bbox 708 2779 764 2803; x_wconf 77' lang='lat' dir='ltr'>——f</span> <span class='ocrx_word' id='word_1_324' title='bbox 794 2779 928 2817; x_wconf 76' lang='lat' dir='ltr'>Prius</span> <span class='ocrx_word' id='word_1_325' title='bbox 946 2782 1089 2818; x_wconf 76' lang='lat' dir='ltr'>salute.</span> <span class='ocrx_word' id='word_1_326' title='bbox 1145 2791 1211 2816; x_wconf 69' lang='lat' dir='ltr'>-g</span> <span class='ocrx_word' id='word_1_327' title='bbox 1244 2784 1540 2829; x_wconf 78' lang='lat' dir='ltr'>profiterentur.</span> <span class='ocrx_word' id='word_1_328' title='bbox 1668 2786 1731 2810; x_wconf 80' lang='lat' dir='ltr'>—h</span> <span class='ocrx_word' id='word_1_329' title='bbox 1761 2798 1813 2822; x_wconf 85' lang='lat' dir='ltr'>se.</span> 
     </span>
    </p>
   </div>
   <div class='ocr_carea' id='block_1_13' title="bbox 248 2931 1810 3043">
    <p class='ocr_par' dir='ltr' id='par_1_14' title="bbox 248 2931 1810 3043">
     <span class='ocr_line' id='line_1_37' title="bbox 252 2931 1763 2986; baseline 0.007 -19"><span class='ocrx_word' id='word_1_330' title='bbox 252 2934 259 2952; x_wconf 92' lang='lat'>¹</span> <span class='ocrx_word' id='word_1_331' title='bbox 312 2931 543 2969; x_wconf 89' lang='lat' dir='ltr'>Guilelmus</span> <span class='ocrx_word' id='word_1_332' title='bbox 562 2945 585 2969; x_wconf 88' lang='lat' dir='ltr'>a</span> <span class='ocrx_word' id='word_1_333' title='bbox 604 2932 728 2970; x_wconf 87' lang='lat' dir='ltr'>Prato</span> <span class='ocrx_word' id='word_1_334' title='bbox 748 2934 816 2977; x_wconf 92' lang='lat' dir='ltr'>(du</span> <span class='ocrx_word' id='word_1_335' title='bbox 842 2934 968 2981; x_wconf 82' lang='lat' dir='ltr'>Prat).</span> <span class='ocrx_word' id='word_1_336' title='bbox 1761 2984 1763 2986; x_wconf 23' lang='lat'>¹</span> 
     </span>
     <span class='ocr_line' id='line_1_38' title="bbox 248 2991 1810 3043; baseline 0.005 -17"><span class='ocrx_word' id='word_1_337' title='bbox 248 2992 260 3011; x_wconf 76' lang='lat'>‘²</span> <span class='ocrx_word' id='word_1_338' title='bbox 317 2991 487 3035; x_wconf 80' lang='lat' dir='ltr'>loannes</span> <span class='ocrx_word' id='word_1_339' title='bbox 506 2991 555 3028; x_wconf 90' lang='lat' dir='ltr'>de</span> <span class='ocrx_word' id='word_1_340' title='bbox 579 2991 808 3029; x_wconf 79' lang='lat' dir='ltr'>vaurelles.</span> <span class='ocrx_word' id='word_1_341' title='bbox 829 2993 1173 3043; x_wconf 73' lang='lat' dir='ltr'>CfFouqueray,</span> <span class='ocrx_word' id='word_1_342' title='bbox 1195 2996 1223 3039; x_wconf 77' lang='grc' dir='ltr'>Ι,</span> <span class='ocrx_word' id='word_1_343' title='bbox 1246 2998 1416 3035; x_wconf 72' lang='grc'>457-458.</span> <span class='ocrx_word' id='word_1_344' title='bbox 1442 2998 1545 3035; x_wconf 86' lang='lat' dir='ltr'>Vide</span> <span class='ocrx_word' id='word_1_345' title='bbox 1579 2998 1696 3036; x_wconf 81' lang='lat' dir='ltr'>etiam</span> <span class='ocrx_word' id='word_1_346' title='bbox 1717 2998 1810 3036; x_wconf 83' lang='lat' dir='ltr'>Lai-</span> 
     </span>
    </p>
   </div>
   <div class='ocr_carea' id='block_1_14' title="bbox 202 3050 697 3095">
    <p class='ocr_par' dir='ltr' id='par_1_15' title="bbox 202 3050 697 3095">
     <span class='ocr_line' id='line_1_39' title="bbox 202 3050 697 3095; baseline 0 -7"><span class='ocrx_word' id='word_1_347' title='bbox 202 3052 268 3088; x_wconf 86' lang='lat' dir='ltr'>m&#39;i</span> <span class='ocrx_word' id='word_1_348' title='bbox 286 3050 492 3091; x_wconf 58' lang='lat' dir='ltr'>Monuni,</span> <span class='ocrx_word' id='word_1_349' title='bbox 517 3050 590 3095; x_wconf 80' lang='lat' dir='ltr'>IV,</span> <span class='ocrx_word' id='word_1_350' title='bbox 620 3051 697 3089; x_wconf 89' lang='lat'>171.</span> 
     </span>
    </p>
   </div>
  </div>
 </body>
</html>
