2095 3623
690 699 1201 795 PRAEFATIO

211 1038 275 1075 De
303 1037 546 1074 litterarum
570 1035 966 1086 Quadrimestrium
996 1042 1165 1082 natura,
1198 1036 1380 1074 materia
1410 1042 1453 1074 et
1484 1036 1586 1083 fine,
1620 1036 1764 1087 deque

130 1121 281 1147 earum
301 1108 504 1154 utilitate,
524 1108 712 1146 diximus
732 1108 774 1145 in
796 1108 1069 1159 praefatione
1091 1107 1145 1145 ad
1164 1109 1250 1145 vol.
1271 1109 1308 1146 V
1329 1108 1482 1146 harum
1503 1109 1762 1156 litterarum,

132 1193 276 1230 neque
301 1193 410 1230 opus
433 1180 514 1217 erit
537 1191 590 1217 ea
609 1179 679 1217 hic
702 1179 846 1217 denuo
870 1184 1092 1229 repetere.
1113 1181 1177 1218 De
1201 1180 1405 1217 editionis
1422 1193 1530 1217 vero
1553 1179 1765 1217 methodo

131 1263 271 1301 pauca
300 1250 528 1297 addemus,
560 1256 737 1301 praeter
769 1263 820 1288 ea
850 1263 961 1301 quae
989 1250 1151 1288 ibidem
1173 1264 1271 1301 pag.
1295 1252 1374 1288 XX
1396 1264 1487 1301 sqq.
1512 1250 1627 1289 dicta
1651 1258 1764 1290 sunt.

96 1315 100 1320 ’
212 1323 269 1360 Ut
299 1321 506 1360 brevitati
534 1323 880 1369 consuleremus,
916 1322 1139 1360 omisimus
1168 1334 1300 1372 saepe
1328 1322 1449 1360 initio
1484 1323 1766 1373 epistolarum

131 1394 364 1432 exordium
385 1395 438 1432 ab
460 1394 713 1431 auctoribus
736 1394 961 1444 scriptum3
985 1398 1029 1431 et
1051 1394 1092 1431 in
1114 1394 1208 1444 ipso
1230 1398 1357 1431 textu
1380 1393 1534 1444 aliqua,
1559 1408 1670 1445 quae
1694 1396 1768 1432 mi-

132 1479 214 1503 nus
236 1465 357 1503 utilia
386 1466 480 1503 visa
511 1471 624 1512 sunt,
659 1477 956 1515 summamque
988 1477 1133 1502 rerum
1166 1465 1423 1503 omissarum
1453 1466 1625 1513 litteris,
1656 1480 1767 1516 quae

133 1535 305 1574 italicae
327 1535 544 1583 dicuntur,
568 1536 681 1574 inter
702 1537 992 1587 parentheses
1014 1537 1250 1587 quadratos
1273 1538 1520 1576 clausimus,

214 1609 322 1647 Cum
345 1620 499 1646 omnes
520 1607 612 1646 fere
637 1607 851 1658 epistolae
874 1609 920 1646 P.
946 1607 1111 1655 Lainio,
1130 1609 1382 1659 praeposito
1401 1610 1597 1659 generali
1619 1609 1769 1647 Socie-

134 1681 250 1727 tatis,
284 1679 519 1730 inscriptae
551 1678 649 1726 sint,
682 1680 759 1717 has
789 1680 1098 1730 inscriptiones
1128 1679 1170 1717 in
1200 1680 1285 1718 fine
1315 1681 1599 1731 epistolarum
1628 1681 1770 1719 omisi-

135 1765 246 1799 mus,
273 1764 434 1802 easque
458 1753 596 1789 solum
620 1752 945 1801 exscripsimus,
969 1752 1143 1802 quando
1166 1753 1293 1790 alicui
1320 1752 1404 1799 alii,
1430 1767 1470 1790 v.
1497 1766 1534 1791 c.
1559 1754 1768 1800 Polauco,

134 1824 311 1861 litterae
350 1824 659 1861 inscribuntur.
697 1824 848 1873 ltaque
885 1821 1058 1872 quando
1098 1824 1140 1862 in
1175 1824 1260 1861 fine
1298 1823 1579 1873 epistolarum
1614 1824 1772 1862 nullius

136 1895 432 1945 inscriptionis
454 1894 618 1933 mentio
640 1894 703 1941 fit,
728 1906 901 1944 semper
922 1893 1107 1945 intelligi
1125 1894 1259 1932 debet
1278 1893 1507 1945 epistolam
1530 1896 1577 1933 P.
1601 1895 1769 1942 Lainio‚

136 1971 212 2004 aut
232 1967 484 2017 praeposito
508 1964 704 2016 generali
725 1965 973 2015 inscriptam
998 1978 1111 2003 esse.

218 2038 274 2076 Ut
293 2037 381 2086 jam
403 2038 444 2074 in
466 2037 554 2075 vol.
578 2036 865 2087 praecedenti
884 2036 1082 2084 fecimus,
1118 2037 1364 2075 curavimus
1394 2037 1447 2074 ad
1484 2039 1648 2075 calcem
1686 2037 1773 2088 epi-

137 2109 346 2147 stolarum
369 2109 511 2158 aliqua
528 2108 582 2145 de
606 2121 754 2146 earum
777 2108 1030 2146 auctoribus
1053 2120 1292 2159 apponere,
1316 2121 1400 2146 non
1421 2121 1474 2146 eo
1492 2108 1667 2159 quidem
1687 2109 1773 2146 ani-

136 2194 224 2227 mo,
249 2186 295 2217 ut
317 2180 452 2217 totius
474 2180 592 2217 vitae
615 2180 876 2218 curriculum
899 2179 1091 2217 auctoris
1112 2179 1419 2227 indicaremus,
1450 2180 1529 2218 sed
1558 2186 1605 2218 ut
1635 2193 1775 2231 pauca

138 2257 322 2297 tantum,
356 2251 449 2288 sive
482 2264 536 2288 ex
568 2251 884 2301 antiquioribus
916 2251 1143 2302 catalogis,
1178 2252 1271 2289 sive
1302 2264 1355 2289 ex
1378 2252 1665 2302 scriptoribus
1687 2252 1774 2289 col-

140 2323 392 2374 ligeremus,
418 2322 533 2360 unde
561 2323 754 2359 auctoris
783 2326 919 2369 aetaS,
953 2322 1191 2361 Societatis
1222 2328 1409 2374 tempus,
1441 2323 1612 2361 indoles
1644 2325 1775 2362 etiam

143 2395 286 2444 aliquo
319 2380 455 2431 modo
481 2394 799 2441 innotesceret,
830 2394 1073 2444 pleniorem
1102 2396 1293 2433 auctoris
1320 2396 1519 2433 notitiam
1541 2396 1775 2447 bibliogra-

140 2466 283 2516 phiam
307 2466 531 2516 scripturis
553 2466 867 2516 relinquentes.
893 2467 955 2504 Ea
975 2472 1120 2504 tamen
1147 2479 1257 2517 quae
1291 2468 1562 2518 apponimus,
1597 2467 1775 2506 confidi-

144 2550 239 2574 mus
268 2537 378 2583 fore,
412 2542 458 2574 ut
488 2550 576 2574 non
606 2538 777 2588 ingrata
806 2538 891 2575 sint
911 2538 1167 2585 lectoribus,
1190 2551 1335 2589 neque
1356 2540 1613 2589 plerumque
1635 2540 1686 2577 iis
1703 2539 1777 2589 qui

144 2608 508 2659 bibliographiam
532 2609 734 2659 scripturi
756 2614 869 2655 sunt,
894 2609 1075 2647 inutilia.

222 2681 371 2730 Usque
393 2679 447 2717 ad
469 2679 659 2717 medium
682 2692 839 2717 annum
866 2680 983 2728 1560,
1008 2681 1182 2730 quando
1206 2681 1393 2728 Lainius,
1428 2682 1619 2720 Polanco
1644 2682 1776 2719 comi-

145 2755 190 2788 te
209 2750 252 2788 in
273 2750 473 2797 Galliam,
497 2755 596 2800 post
618 2750 875 2788 Tridentum
897 2751 1034 2798 venit,
1058 2751 1232 2789 litterae
1254 2751 1599 2802 quadrimestres
1617 2765 1671 2790 ex
1693 2753 1776 2790 sin-

146 2821 258 2871 gulis
280 2820 510 2859 domiciliis
532 2822 767 2859 Societatis
790 2823 969 2860 Romam
993 2821 1293 2870 mittebantur,
1318 2826 1364 2860 ut
1385 2822 1486 2860 inde
1508 2824 1774 2874 apographa,

143 2893 240 2942 plus
260 2893 400 2930 minus
423 2893 672 2940 emendata,
695 2894 737 2930 in
758 2893 1006 2944 provincias
1036 2895 1381 2932 remitterentur.
1417 2894 1541 2943 Quae
1574 2895 1776 2933 emenda-

141 2964 287 3002 tiones
316 2964 573 3014 plerumque
603 2978 628 3002 a
656 2965 846 3003 Polanco
875 2966 1054 3012 fiebant,
1079 2970 1168 3003 tum
1192 2972 1236 3003 ut
1259 2967 1381 3004 stilus
1405 2967 1651 3017 elegantior
1675 2979 1775 3005 eva-

145 3033 289 3081 deret,
322 3040 411 3072 tum
447 3039 494 3071 ut
524 3034 665 3085 aliqua
695 3035 876 3084 inutilia,
908 3038 980 3075 vel
1010 3036 1125 3075 forte
1158 3038 1297 3075 minus
1328 3037 1568 3088 prudenter
1599 3039 1775 3088 scripta,

144 3111 466 3144 resecarentur.
491 3105 811 3158 Nonnunquam
835 3108 965 3146 etiam
986 3109 1300 3147 omittebantur
1321 3111 1361 3147 in
1385 3110 1572 3147 romanis
1595 3121 1776 3160 apogra-

1284 3259 1293 3278 ἱ
