2095 3623
574 297 902 336 224.—-C0L0N1A
926 297 949 335 6
971 294 1066 344 JAN.
1101 297 1189 334 1559
1612 297 1654 335 17

70 400 250 445 questus
281 400 362 443 est,
395 396 624 446 plurimum
647 395 727 433 sibi
744 394 888 433 damni
914 407 993 444 por
1014 394 1100 433 hoc
1122 394 1358 444 collegium
1380 394 1548 440 inferri,
1583 406 1702 432 cura-

69 472 212 505 turum
248 480 294 505 se
331 472 491 514 tamen,
526 472 572 505 vt
600 472 767 505 tantum
798 466 1124 513 detrimentum,
1157 465 1274 516 quod
1304 466 1518 503 hactenus
1550 478 1702 514 passus

71 542 151 583 est,
176 537 298 576 docti
326 544 655 588 praeceptores,
680 552 790 588 quos
812 537 1104 588 vndequaque
1132 537 1428 575 aduocaturus
1452 541 1571 573 esset
1602 535 1702 573 doc-

67 609 274 648 tissimos.
312 616 592 659 recuperent;
626 610 837 659 juuenum
876 610 1002 660 leges
1042 612 1312 646 renouentur
1349 613 1392 645 et
1429 607 1548 654 nihil,
1585 606 1702 656 quod

68 679 209 717 studia
244 680 619 719 commendatiora
655 679 825 728 reddat,
863 681 1041 718 scholae
1077 692 1180 718 suae
1218 679 1345 717 desit.
1384 677 1531 716 Faciat
1570 690 1700 727 porro

66 750 273 801 quidquid
312 752 448 799 lubet,
486 753 624 790 nostri
656 765 709 791 eo
747 751 1050 803 diligentiores
1087 752 1344 790 efficientur.
1384 750 1620 800 Diligentia
1650 750 1701 787 si-

67 821 241 871 quidem
283 822 376 860 eius
416 822 686 873 diligentiam
724 829 975 861 nostrorum
1016 823 1240 861 excitabit.
1285 821 1373 861 Sed
1414 826 1458 858 et
1496 825 1702 870 parentes

67 892 270 930 catholici
290 893 403 930 filios
425 906 528 931 suos
549 892 650 931 inde
678 894 731 932 ad
766 907 847 932 nos
869 899 1070 940 auocant,
1110 894 1182 931 vbi
1220 891 1470 943 intelligunt
1506 892 1699 936 scholam

65 964 179 1001 illam
219 964 443 1002 haeretica
477 966 693 1016 prauitate
718 972 967 1017 corruptam
991 979 1104 1005 esse.
1128 966 1291 1004 Verum
1313 964 1367 1003 ad
1388 963 1471 1002 alia
1493 963 1702 1013 deinceps

65 1035 342 1074 accedamus.

117 1107 155 1144 8.
216 1107 392 1158 Regens
430 1108 449 1125 ἃ
487 1113 639 1146 noster
678 1109 801 1147 initio
843 1109 1116 1159 Septembris
1156 1122 1179 1147 a
1213 1109 1423 1147 facultate
1464 1097 1620 1146 artium
1658 1107 1700 1145 in

65 1175 431 1226 quodlibetarium
453 1179 517 1228 (vt
539 1179 610 1217 hic
630 1180 810 1229 vocant)
835 1186 901 1218 est
925 1181 1108 1227 electus,
1133 1180 1250 1230 quod
1273 1193 1428 1218 munus
1449 1180 1492 1217 in
1516 1181 1701 1217 Decem-

65 1248 129 1285 bri
162 1248 445 1287 foelicissime
486 1249 668 1298 submit,
710 1251 753 1288 in
789 1263 928 1302 eaque
970 1252 1146 1289 actione
1182 1265 1280 1290 cum
1317 1251 1491 1289 externi
1528 1250 1700 1301 plurimi

67 1319 249 1357 aliorum
285 1321 610 1370 gymnasiorum
644 1328 959 1372 praeceptores
992 1328 1035 1360 et
1066 1322 1276 1373 religiosi,
1309 1335 1387 1372 pro
1420 1326 1601 1372 recepta
1630 1320 1700 1357 hic

67 1391 403 1439 consuetudine,
424 1398 514 1430 tum
534 1405 589 1430 ex
605 1393 766 1431 nostris
784 1399 874 1431 tres
888 1393 1175 1432 disertissime
1188 1393 1501 1432 declamarunt.
1519 1393 1574 1431 M.
1589 1393 1699 1431 Gre-

67 1462 216 1511 gorius
247 1463 404 1501 Fabius
434 1464 646 1514 pietatem
683 1477 780 1503 cum
809 1465 946 1503 literis
983 1466 1335 1517 coniungendam
1368 1478 1484 1513 esse3
1515 1466 1569 1503 M.
1604 1466 1702 1502 Bal-

65 1531 219 1570 duinus
241 1533 297 1571 de
318 1534 575 1584 antiquitate
599 1536 844 1574 catholicae
866 1536 1109 1587 religionis3
1133 1537 1187 1575 M.
1214 1538 1432 1575 Henricus
1463 1536 1699 1585 Dionysius

65 1604 361 1644 conditionem
392 1605 699 1657 miseriamque
730 1608 849 1646 vitae
880 1609 1096 1647 humanae
1126 1621 1204 1659 per
1235 1609 1383 1659 sesqui
1417 1610 1569 1647 horam
1603 1608 1698 1646 fere

64 1676 253 1713 carmine
284 1676 546 1727 deplorauit;
578 1678 709 1730 idque
739 1684 828 1718 tam
859 1679 1068 1730 grauiter,
1101 1680 1238 1731 polite
1273 1686 1405 1731 atque
1437 1680 1617 1728 diserte,
1652 1686 1698 1719 vt

62 1747 310 1787 auditorum
333 1750 523 1788 omnium
546 1751 714 1789 animos
735 1752 778 1789 in
800 1750 1133 1791 admirationem
1156 1757 1345 1803 raperet.
1371 1752 1589 1790 Henricus
1607 1752 1697 1790 dio-

60 1819 284 1857 nantensis
306 1826 315 1845 ¹
338 1820 474 1871 parui,
495 1826 542 1860 vt
558 1828 735 1870 vocant,
755 1823 1065 1873 quodlibetarii
1086 1836 1268 1862 munere
1284 1823 1475 1871 functus,
1498 1824 1696 1862 oratione

62 1888 314 1929 doctissima
345 1891 538 1931 ostendit
567 1906 802 1944 prauorum
839 1907 937 1933 esse
974 1896 1197 1933 consortia
1224 1894 1448 1946 fugienda.
1486 1894 1697 1934 Facetiae

62 1960 239 2009 quidem
259 1975 385 2002 more
404 1963 539 2003 solito
571 1964 740 2004 mixtae
762 1965 963 2017 fuerunt
997 1965 1185 2013 actioni,
1219 1967 1295 2005 sed
1324 1965 1420 2005 sine
1455 1968 1581 2006 dente
1617 1969 1696 2004 ant

60 2031 197 2070 vllius
217 2033 419 2073 conuitio
440 2035 474 2073 b.
499 2036 781 2075 Declaratum
804 2042 870 2075 est
892 2036 1012 2076 enim
1033 2037 1206 2075 abunde
1228 2036 1357 2084 satis,
1391 2037 1615 2087 quomodo
1647 2050 1695 2075 se

61 2102 380 2154 subsequentes
401 2106 711 2156 quodlibetarii
726 2108 769 2146 in
785 2107 1004 2159 pu[b]licis
1021 2109 1086 2146 his
1104 2109 1272 2146 actibus
1301 2121 1459 2160 gerere
1483 2108 1692 2148 debeant.

111 2184 150 2222 9.
209 2175 446 2226 Diligentia
477 2176 774 2229 sedulitasque
810 2185 1063 2218 nostrorum
1099 2181 1335 2218 multorum
1371 2179 1538 2218 animos
1567 2181 1695 2219 nobis

62 2243 268 2284 deuincit.
292 2247 427 2286 Dnus.
454 2247 674 2300 Philippus
695 2250 809 2298 Gaii,
830 2251 998 2299 consul,
1022 2256 1174 2289 noster
1207 2257 1273 2289 est
1303 2256 1438 2299 totus,
1472 2257 1518 2290 vt
1550 2257 1595 2290 et
1625 2253 1696 2290 alii

59 2315 203 2365 plures
224 2317 266 2356 in
297 2323 466 2378 senatu.
491 2320 639 2360 Abbas
670 2335 845 2373 quoque
881 2324 932 2361 D.
972 2324 1161 2362 Huberti
1196 2329 1223 2371 ²,
1263 2329 1307 2361 et
1333 2328 1484 2375 pastor
1519 2323 1692 2375 quidam

61 2390 302 2439 campensis
323 2396 350 2438 ⁸,
374 2379 533 2443 aliique
555 2393 734 2442 similes,
758 2394 981 2446 quomodo
1004 2395 1133 2433 nobis
1155 2394 1320 2434 addicti
1348 2396 1448 2443 sint,
1474 2408 1626 2434 eorum
1648 2396 1694 2433 li-

60 2463 197 2508 terae,
221 2474 327 2512 quas
348 2463 402 2501 ad
431 2469 607 2503 nostros
640 2466 863 2506 interdum
901 2469 1093 2516 mittunt,
1118 2473 1271 2519 aperte
1294 2467 1533 2506 declarant.
1557 2469 1692 2507 Reue-

61 2533 228 2570 rendus
243 2539 260 2558 0
280 2535 638 2587 archiepiscopus
659 2543 674 2563 4
696 2537 716 2562 d
752 2551 891 2578 vnum
908 2539 1065 2579 bouem
1080 2542 1225 2591 nuper
1240 2539 1380 2587 misit,
1400 2539 1479 2590 qni
1495 2540 1693 2579 decimus

105 2696 125 2716 ³·
172 2697 376 2745 Magister
388 2701 578 2748 Joannes.
636 2706 696 2730 —b
719 2704 914 2742 Demum.
969 2713 1033 2731 —0
1080 2706 1206 2743 Rmus
1259 2706 1327 2732 —d
1348 2706 1495 2743 bonum
1515 2719 1631 2744 suum
1651 2707 1691 2744 in

59 2767 130 2793 nos
147 2758 326 2796 animum
346 2760 476 2798 missis
495 2763 618 2799 etiam
638 2764 874 2802 muneribus
890 2770 1077 2802 testatur.

168 2919 372 2960 Henricus
390 2922 609 2964 Somalius.

107 2919 117 2938 1

105 2984 118 3004 ²
170 2984 232 3023 De
250 2987 397 3025 abbate
415 2987 491 3026 Sti.
512 2989 688 3028 Huberti
706 2991 746 3028 in
765 2991 987 3030 Ardennes
1005 2994 1074 3040 agi
1093 2999 1207 3041 putat
1226 2994 1418 3040 HANSEN,
1441 2996 1466 3032 l.
1488 3008 1538 3038 e.,
1559 2995 1640 3032 318.

104 3044 117 3063 ⁸
166 3044 218 3082 D.
241 3046 416 3093 Aggeus
434 3048 604 3087 Etheus.
625 3049 689 3088 Cf.
711 3050 904 3097 HANSEN,
925 3053 1018 3090 ibid.

104 3102 118 3123 ⁴
161 3103 341 3151 joannes
355 3105 614 3154 Gebhardus.
634 3122 770 3148 comes
787 3111 837 3148 de
858 3111 1076 3151 Mansfeld.

198 3187 362 3216 ἱππ-ιω
381 3189 741 3223 Ωσᾼυιικιετυε.-Τ.
760 3193 815 3222 VI.
1532 3204 1548 3225 2
