1908 3446
247 300 316 337 200
716 302 934 339 LITTERAE
969 304 1062 348 QUA
1071 313 1328 340 DmMEsTREs

202 415 328 441 ceres
350 404 560 454 amplecti
578 403 791 443 videntur
812 411 844 442 ἃ.
871 405 937 442 Im
954 406 1171 455 promptu
1192 406 1255 443 est
1275 404 1393 443 enim
1423 407 1555 455 qaod,
1584 406 1655 444 vbi
1672 404 1818 456 fuerit

201 477 381 524 corpus,
401 476 479 513 etc.
507 482 532 521 ¹3
550 473 666 512 vnde
688 476 778 522 fiet,
803 480 850 513 vt
871 475 906 513 si
926 476 945 499 b
967 479 1223 525 suggestum
1245 476 1360 514 hunc
1376 477 1531 515 crebro
1555 481 1816 527 repetemuS,

201 558 478 583 numerosam
495 546 607 584 hanc
624 546 792 594 vrbem,
816 547 928 597 Xpo.
953 547 1144 596 auspice,
1169 545 1309 585 eidem
1334 546 1621 596 piscabimur
1642 547 1768 587 breui
1787 560 1816 591 ο,
1839 599 1841 602 ⁴
1886 548 1888 554 '

203 618 328 666 Quae
351 629 447 654 cum
469 617 614 655 multis
636 622 753 655 retro
777 618 897 655 annis
920 618 1152 668 magistros
1172 616 1419 668 prurientes
1436 618 1611 656 auribus
1637 619 1818 660 libenter

202 687 388 725 audierit
409 693 438 734 2;
468 687 710 726 doctrinam
739 694 948 736 nostram,
981 701 1093 739 quae
1124 689 1263 726 carnis
1295 689 1629 740 castigationem
1658 693 1818 741 procla-

203 763 305 806 mat,
338 758 591 809 rigidiorem
621 772 749 810 quam
779 772 853 810 par
886 765 993 806 erat,
1026 759 1246 798 iudicabat
1273 760 1307 798 d.
1338 761 1436 798 Dux
1457 764 1609 799 noster
1630 762 1714 800 lhs.
1739 763 1818 802 cle-

202 830 399 868 mentiss.
425 831 595 881 coeptis
617 831 780 878 faueat,
805 833 849 869 vt
870 830 1113 883 negocium
1134 831 1231 877 hoc,
1264 833 1411 881 vtpote
1440 845 1588 879 saum,
1617 833 1820 884 gloriam
1883 823 1886 870 s

202 903 241 939 et
264 901 483 940 honorem
500 901 660 951 pariat
682 900 756 940 illi
777 904 962 952 semper.
988 900 1157 951 Reliqui
1172 906 1262 940 tres
1281 903 1448 950 Patres,
1467 916 1625 953 nempe
1648 905 1716 942 Pr.
1740 905 1820 943 Du-

203 972 360 1010 randus
390 976 418 1019 ³,
442 972 665 1010 Gonzalez
695 973 708 992 ⁴
740 978 783 1011 et
816 972 1004 1012 Didacus
1034 973 1182 1023 Lopez
1211 973 1389 1011 alternis
1424 974 1723 1022 concionibus,
1755 976 1822 1016 his

205 1056 293 1081 non
330 1042 515 1081 omnino
553 1042 876 1096 infragiferis,
909 1043 1136 1094 paroecias
1172 1044 1379 1082 addeunt.
1414 1044 1613 1093 Quantus
1644 1044 1697 1083 sit
1718 1046 1820 1086 inde

1904 1116 1908 1121 .
1898 981 1908 1097 ...A-t.-
1903 893 1908 950 ..--

200 1119 457 1164 prouentUS,
494 1113 618 1152 nouit
652 1114 739 1161 ille,
772 1115 845 1164 qui
878 1118 1160 1165 peccatorum
1199 1115 1366 1153 animos
1398 1116 1558 1166 vbique
1588 1117 1743 1166 pulsat.
1776 1119 1820 1157 Id
1881 1145 1882 1152 1

202 1186 356 1223 saltem
380 1186 683 1236 experimento
703 1185 909 1224 discimus
929 1187 972 1224 in
989 1186 1098 1234 dies,
1121 1199 1338 1237 nunquam
1360 1192 1448 1225 tam
1465 1186 1644 1236 variam,
1669 1201 1723 1227 ex
1740 1202 1820 1240 quo
1880 1182 1881 1221 Ᾰ

201 1256 272 1295 hic
292 1257 512 1308 aggimus,
532 1256 791 1307 spromisczii
811 1264 828 1282 θ
850 1270 982 1295 sexus
1003 1247 1324 1295 multitudinem
1352 1258 1437 1295 huc
1468 1259 1757 1308 concurrisse,
1780 1265 1822 1299 vt

202 1332 476 1366 sacramenta
495 1329 751 1379 percipiant,
776 1341 903 1379 quam
925 1328 1074 1376 modo3
1097 1342 1280 1379 quorum
1302 1329 1393 1367 vita
1415 1334 1459 1367 et
1481 1343 1628 1369 mores
1656 1332 1821 1370 obtree-
1878 1319 1899 1373 ,

201 1404 369 1438 tatores
405 1400 646 1448 confundit,
686 1412 779 1448 eos,
811 1400 999 1450 inquam,
1033 1399 1104 1450 qui
1135 1406 1507 1439 sacramentorum
1538 1401 1819 1453 frequentiam
1878 1391 1894 1412 'V

203 1471 309 1509 vitio
332 1476 513 1509 vertere
534 1484 621 1509 non
644 1470 856 1509 dubitant.
880 1471 1010 1509 Domi
1039 1472 1169 1510 etiam
1192 1470 1391 1510 doctrina
1410 1472 1422 1497 f
1449 1472 1629 1524 singulis
1650 1473 1822 1513 domini·
1877 1474 1880 1503 2

203 1542 264 1581 cis
295 1541 449 1580 diebus
479 1555 567 1580 non
599 1541 827 1589 omittitur,
860 1540 1216 1592 audientiumque
1238 1543 1452 1581 accrescit
1473 1557 1695 1583 numerus.
1719 1545 1823 1583 Mer·
1878 1529 1879 1539 η

203 1619 377 1652 catores
400 1613 530 1652 etiam
552 1612 760 1661 nonnulli,
785 1613 857 1663 qui
877 1612 1036 1664 primas
1059 1615 1180 1664 apud
1200 1615 1357 1653 vrbem
1377 1621 1400 1648 g
1419 1619 1589 1663 tenent,
1613 1616 1699 1654 huc
1728 1616 1820 1665 iarn,
1836 1649 1847 1654 -
1876 1646 1878 1651 .

203 1687 248 1724 vt
277 1698 359 1724 nos
389 1684 719 1737 assuefaciant,
752 1685 936 1723 veniunt
962 1685 1194 1724 interdum.
1218 1686 1266 1723 In
1287 1686 1442 1736 quibus
1464 1700 1609 1726 mores
1631 1688 1700 1737 alij
1722 1687 1824 1726 vita·
1892 1671 1897 1683 ⁴

203 1769 287 1807 que
309 1768 426 1795 noua
448 1755 630 1808 egregie
648 1756 935 1808 dignoscitur.
959 1756 1023 1795 Sit
1045 1761 1253 1795 aeternae
1274 1757 1461 1796 bonitati
1490 1759 1584 1797 laus
1607 1763 1651 1797 et
1671 1759 1823 1807 honor3
1883 1796 1888 1802 ,

197 1830 280 1878 per
301 1840 440 1877 quam
456 1828 582 1877 patet
604 1826 803 1874 additas,
827 1829 885 1874 vt,
920 1826 1172 1866 deturbatis
1203 1828 1510 1876 amorrhaeis,
1543 1828 1645 1869 iure
1673 1831 1823 1870 nostro
1876 1828 1891 1859 ·‘

204 1898 441 1951 regionem
463 1899 582 1937 lianc
606 1898 788 1938 Christo
810 1897 1106 1938 vendicemus.
1133 1898 1308 1950 [Preces
1324 1901 1544 1951 postulat,
1568 1903 1664 1951 eta]

286 1970 467 2022 Hispali,
491 1970 630 2009 Nonis
652 1971 768 2020 Maij.
794 1971 1074 2010 paternitatis
1095 1976 1197 2010 tuae
1218 1971 1420 2023 indignus
1441 1973 1554 2011 filius
1574 1973 1617 2012 in
1633 1973 1761 2021 Dn0.,

1412 2110 1561 2148 DURAN
1589 2109 1617 2148 ⁵.

282 2196 390 2234 Alia
422 2209 578 2235 manu.
616 2206 766 2246 1559...
804 2196 1060 2235 Emendata.
1099 2198 1225 2236 Fatta
1258 2210 1335 2248 per
1369 2198 1492 2236 Italia
1525 2209 1565 2245 23
1602 2198 1757 2250 Napoli
1791 2208 1824 2246 13
1869 2185 1897 2203 ¹

202 2263 445 2314 Alemagna
470 2274 505 2311 13
529 2262 714 2301 Fiandra
739 2273 773 2311 13
796 2263 979 2302 Francia
1002 2273 1036 2302 Ι.

248 2394 268 2414 a
317 2395 633 2442 amplectuntur.
687 2395 753 2420 —b
774 2395 870 2432 Del.
891 2394 1042 2432 subiec.
1105 2401 1168 2419 —0
1199 2406 1279 2430 non
1309 2406 1452 2441 parum
1483 2393 1690 2431 deuincire
1719 2392 1826 2431 nobis
1867 2382 1896 2450 ⁴³'3'

202 2454 399 2501 possimus
429 2455 480 2491 ad
510 2454 591 2492 Dei
622 2455 874 2503 obsequium.
927 2474 947 2479 --
975 2454 995 2480 ‘¹
1028 2454 1165 2491 Prius
1199 2453 1463 2491 iudicabatur.
1515 2461 1580 2480 -θ
1612 2453 1824 2501 vtriusque.
1868 2446 1885 2501 ,ᾖ

202 2515 261 2540 —s
286 2514 519 2551 christiana.
573 2522 642 2548 ——g
663 2515 702 2551 in
722 2514 834 2552 vrbe.
1871 2509 1875 2519 ’

251 2642 260 2661 ¹
314 2640 378 2678 Cf.
401 2640 590 2684 MATTH„
611 2640 771 2684 XXIV.
792 2640 851 2678 28.

251 2700 264 2721 ²
316 2700 379 2738 Cf.
401 2700 437 2738 II
456 2700 506 2737 ad
525 2700 721 2746 TIMOTH.,
743 2700 818 2746 IV,
838 2701 861 2738 3
878 2713 964 2748 sqq.

251 2760 264 2780 ⁸
313 2759 523 2806 Epistolae
542 2766 695 2798 auctor.

249 2819 263 2839 ⁴
305 2819 349 2856 P.
371 2818 651 2857 Gundisalvus
671 2819 893 2857 Gonzalez.
1875 2859 1878 2873 ἴ

250 2879 263 2899 ⁸
315 2878 379 2915 De
398 2880 472 2916 hoc
491 2879 682 2916 videntur
699 2879 936 2927 accipienda
954 2891 1060 2926 quae
1079 2878 1281 2916 habentur
1298 2878 1340 2915 in
1358 2878 1545 2925 catalogo
1562 2878 1724 2925 collegii
1753 2887 1824 2915 me·

202 2939 441 2976 thimnensis
467 2939 562 2976 anni
591 2939 694 2976 1553.
723 2939 805 2984 (Cf.
835 2939 1047 2984 POLANCO,
1079 2939 1246 2983 Chron.,
1275 2937 1350 2983 IV,
1370 2937 1471 2983 388):
1495 2936 1567 2974 «El
1585 2936 1655 2975 P.e
1675 2937 1824 2990 Durani,
1850 2946 1876 2986 n}-

202 2999 367 3035 natural
384 2999 434 3036 de
454 2998 625 3043 Merida,
647 2999 696 3036 de
715 2999 816 3036 edad
836 2999 884 3036 de
902 3011 1021 3036 cerea
1039 2997 1086 3035 35
1103 3003 1215 3044 afios;
1236 2998 1288 3034 ha
1302 2997 1405 3045 oydo
1423 2997 1463 3033 el
1481 3009 1600 3034 curso
1617 2997 1666 3034 de
1684 2995 1828 3034 theold-

203 3061 287 3105 gsa;
308 3058 359 3095 ha
378 3063 461 3095 tres
480 3070 613 3095 meses
631 3070 710 3106 que
729 3062 847 3096 entro
866 3071 916 3096 en
934 3059 974 3095 la
995 3057 1258 3106 Compafisa.›
1277 3055 1373 3094 Vid.
1390 3055 1493 3094 Litt.
1510 3056 1759 3104 Quadrim„
1772 3047 1825 3103 V,
1848 3048 1865 3088 l

202 3116 374 3157 828-830.
1861 3111 1867 3125 ’
