1908 3446
485 202 873 243 257s-V1Nnossom
903 205 917 240 1
949 202 1056 251 ΜΑ]1
1087 203 1177 240 1559
1533 203 1598 240 179

1 304 4 327 ‘³
29 325 156 352 unum
185 310 309 350 nobis
338 309 594 360 discipulum
622 309 760 348 daret.
788 308 914 357 Quae
933 317 952 334 a
971 309 1173 348 comedia
1195 321 1296 348 cnm
1318 307 1501 360 primum
1526 306 1647 344 exhi-

28 386 218 429 beretur,
239 382 593 431 archiepiscopus
615 380 918 432 strigoniensis
941 386 984 418 et
1009 381 1258 419 viennensis
1287 380 1519 431 episcopus
1551 390 1646 416 cum

0 458 8 507 ’ζ
29 456 121 505 alijs
143 453 356 504 episcopis
377 453 566 503 quinque
588 452 893 500 interfuerunt,
918 465 1001 491 nec
1022 452 1103 490 illis
1125 452 1245 490 tedio
1268 451 1349 490 fuit
1370 450 1530 502 agendi
1552 462 1652 500 pro-

30 527 183 567 lixitas.
216 525 324 562 Nam
359 537 382 562 a
413 523 675 562 duodecima
704 524 842 562 ferme
873 525 982 562 hora
1012 524 1065 562 ad
1087 527 1283 574 quintam
1307 535 1443 573 usque
1467 521 1652 559 durabat

31 598 157 644 actio,
180 595 291 634 adeo
315 596 482 633 cunctis
505 595 777 646 uoluptatem
799 596 957 643 attulit,
984 601 1027 633 et
1059 596 1311 646 applausum
1345 593 1554 633 excitauit
1587 591 1656 631 rei

31 675 309 716 actorumque
331 667 509 705 solertia
531 672 575 704 et
596 667 657 704 rei
681 666 854 705 diuinae
890 667 1236 718 magnificencia.
1272 668 1511 704 Praetereo
1548 670 1656 715 quot

31 741 114 779 illic
135 739 212 777 uisi
236 738 319 775 sint
340 737 582 787 lachrymas
603 738 885 788 profundere,
909 751 964 776 ne
986 739 1005 763 b
1029 738 1169 777 dicam
1193 738 1248 776 de
1270 736 1530 776 densissima
1551 736 1656 773 mul-

31 818 171 850 torum
192 809 353 847 milium
376 820 554 855 corona,
578 821 689 858 quae
712 810 837 847 nobis
869 822 1044 848 scamna
1076 809 1303 860 perfregit,
1341 821 1424 846 nec
1458 807 1653 858 plebeio-

34 892 121 920 rum
143 885 324 926 tantum,
348 878 427 916 sed
445 884 488 917 et
506 878 738 917 doctorum
762 886 805 917 et
823 880 1131 931 magistrorum
1150 886 1194 918 et
1214 879 1477 919 nobiliorum
1496 879 1655 916 ciuium

32 953 184 1004 ingens
206 956 298 989 erat
320 963 572 997 concursus,
598 957 643 989 ut
664 952 761 990 loca
783 951 1056 1003 magnatibus
1074 952 1291 991 destinata
1309 958 1353 990 et
1374 964 1478 989 area
1498 949 1657 1002 passim

36 1028 365 1074 occuparentur,
391 1027 434 1059 et
455 1023 637 1060 arbores
660 1023 1066 1061 conscenderentur
1091 1029 1134 1062 et
1166 1024 1332 1074 reliqua
1369 1021 1661 1061 eminentiora

35 1095 130 1133 loca
146 1093 271 1132 sicuti
293 1098 426 1140 tecta,
447 1094 629 1131 cancelli
650 1094 806 1144 pinnae
826 1100 869 1132 et
892 1107 1048 1146 saepes
1073 1095 1407 1146 obtegerentur.
1432 1095 1496 1132 Ex
1519 1094 1661 1143 inspe-

36 1171 128 1204 rato
159 1170 305 1203 autem
335 1165 608 1215 importunus
639 1166 777 1203 imber
808 1167 1060 1214 interuenit,
1095 1166 1173 1204 sed
1204 1165 1276 1218 qui
1305 1166 1543 1217 prohibere
1574 1178 1661 1203 non

36 1235 173 1288 potuit
194 1236 294 1286 quin
316 1234 447 1273 domo
470 1234 707 1275 redeuntes
729 1236 782 1274 ad
805 1237 1013 1288 reliquam
1036 1238 1264 1276 comediae
1286 1244 1455 1288 partem
1479 1248 1661 1275 concur-

38 1313 196 1355 rerent,
219 1308 436 1358 finemque
453 1307 588 1346 totius
605 1308 790 1346 actionis
807 1310 1073 1359 acciperent.
1098 1311 1294 1360 Sequuta
1312 1316 1379 1348 est
1394 1322 1527 1360 porro
1546 1308 1661 1347 actio

39 1381 182 1426 altera,
205 1391 288 1417 nec
309 1379 448 1417 minor
470 1378 606 1417 adfuit
628 1386 645 1404 0
667 1385 756 1418 tum
778 1393 953 1431 quoque
976 1381 1103 1419 turba
1123 1385 1423 1432 spectatorum
1459 1395 1555 1419 cum
1592 1381 1664 1418 tri-

19 1443 21 1458 ¹
40 1451 118 1490 bus
140 1450 371 1502 episcopis:
394 1463 473 1489 nec
494 1450 627 1489 defuit
650 1450 745 1490 illic
766 1451 786 1476 d
808 1453 976 1500 consul,
1000 1453 1150 1501 iudex,
1174 1459 1369 1501 senatus,
1394 1458 1545 1491 rector
1576 1453 1666 1490 uni-

20 1521 258 1560 ¹uersitatis
281 1526 324 1558 et
346 1521 433 1570 alij‚
458 1521 512 1559 ad
539 1522 621 1560 tria
649 1524 743 1560 iere
774 1523 996 1562 hominum
1028 1523 1158 1563 milia.
1192 1524 1404 1563 Videmus
1432 1525 1666 1563 multorum

43 1592 204 1632 animos
234 1592 334 1630 inde
365 1591 419 1630 ad
439 1592 650 1643 pietatem
674 1601 921 1633 commotos
952 1596 1101 1643 fuisse,
1128 1602 1172 1634 et
1192 1596 1235 1634 in
1256 1597 1321 1634 his
1344 1603 1439 1635 erat
1460 1595 1668 1647 magister

43 1665 226 1717 quidam,
250 1664 322 1715 qui
343 1665 414 1702 uel
436 1670 577 1703 totum
600 1665 715 1704 diem
736 1667 779 1704 in
798 1667 1037 1717 spectando
1062 1680 1324 1706 consumere
1348 1667 1429 1706 sibi
1450 1668 1549 1706 leue
1571 1667 1668 1706 sore

45 1736 244 1784 ducebat,
278 1748 413 1786 seque
443 1750 661 1788 nunquam
692 1744 822 1777 antea
852 1738 1016 1777 rectius
1043 1739 1098 1778 ad
1121 1741 1423 1791 euangelicam
1444 1740 1669 1778 historiam

45 1809 247 1847 affectum
269 1808 428 1855 aiebat,
452 1821 578 1859 quam
607 1814 754 1847 tamen
785 1813 958 1861 saepius
988 1812 1131 1850 animo
1162 1812 1443 1850 reuoluisset.
1477 1811 1542 1850 Ac
1570 1823 1672 1862 pos-

44 1885 139 1919 tero
167 1880 335 1919 iterum
356 1887 373 1905 e
409 1879 480 1918 die
510 1893 626 1919 noua
659 1882 883 1920 hominum
923 1883 1156 1921 multitudo
1197 1883 1252 1922 ad
1285 1884 1406 1922 fores
1442 1883 1672 1930 confluxit,

46 1952 161 2004 quod
189 1956 392 2004 putarent
422 1952 506 1990 iarn
536 1953 669 1992 tertio
701 1954 945 1993 comediam
976 1961 1121 1994 actum
1152 1955 1216 1995 iri.
1251 1957 1437 1994 Demum
1474 1956 1672 2006 episcopi

49 2024 267 2075 hungarici
289 2037 369 2062 nos
390 2025 680 2063 uehementer
701 2032 846 2063 amant
869 2031 912 2064 et
933 2026 1139 2074 inuisunt,
1172 2027 1244 2077 qui
1275 2040 1374 2065 suas
1408 2027 1539 2064 etiam
1571 2038 1676 2077 ope-

49 2108 116 2134 ras
145 2095 198 2134 ad
226 2108 363 2134 nouas
394 2095 529 2134 aedes
558 2109 797 2147 pauperum
829 2097 1018 2148 collegio
1053 2098 1261 2137 emendas
1292 2099 1572 2149 pollicentur.
1613 2096 1677 2136 Sit

53 2169 144 2206 Deo
166 2166 266 2218 Opt.
292 2168 481 2206 Maximo
503 2168 657 2219 gloria,
681 2169 754 2218 qui
784 2183 893 2207 unus
925 2169 1139 2208 bonorum
1172 2170 1330 2208 author
1366 2174 1432 2208 est
1464 2169 1673 2208 omnium.

52 2238 152 2276 Tuis
172 2242 317 2278 autem
338 2239 541 2289 precibus
563 2252 614 2277 ac
635 2240 874 2289 sacrificijs,
901 2241 947 2278 R.
970 2242 1033 2287 R,
1053 2254 1134 2279 nos
1151 2242 1278 2279 unice
1297 2240 1673 2279 commendamus.

56 2307 246 2348 Viennae
269 2310 471 2349 Austriae
492 2306 701 2348 Kalendis
724 2311 822 2360 Maij
852 2320 950 2360 1559
974 2314 998 2350 ¹.

102 2548 122 2569 a
170 2548 273 2587 Cum
291 2549 477 2596 superius
496 2549 614 2586 dicta.
668 2551 734 2576 ——b
767 2549 947 2588 Videtur
963 2552 1132 2590 emend.
1154 2564 1205 2590 ex
1231 2566 1324 2590 non.
1392 2562 1454 2579 -c
1477 2553 1568 2599 Seq.
1599 2552 1683 2589 del.

57 2608 186 2646 turba.
235 2609 302 2634 —d
340 2608 467 2646 adfuit
486 2615 537 2646 et.
590 2617 654 2635 -θ
674 2621 828 2647 rursus.

57 2867 59 2871 ,
107 2832 118 2853 ¹
168 2832 223 2870 Hi
251 2835 410 2872 nume-ri
442 2835 657 2882 (siquidem
691 2836 849 2873 numeri
884 2840 991 2882 sunt)
1028 2837 1146 2874 valde
1181 2838 1351 2875 obscure
1387 2839 1543 2875 exarati
1579 2844 1686 2875 sunt.

64 2890 281 2939 Propterea
304 2893 406 2931 haec
433 2895 604 2942 epistola
630 2895 837 2933 invenitur
864 2896 970 2933 inter
995 2897 1189 2943 epistolas
1216 2898 1311 2934 anni
1341 2898 1448 2935 1558.
1484 2897 1566 2936 Sed
1593 2904 1688 2935 tunc

63 2962 135 2988 nec
152 2950 197 2988 P.
219 2952 400 2991 Victoria
420 2959 553 2991 rector
570 2955 736 3002 collegii
762 2956 1008 3002 viennensis,
1029 2969 1103 2994 nec
1131 2957 1171 2994 in
1198 2957 1458 3005 Hungariam
1485 2957 1689 3006 profectus

64 3015 164 3047 erat.
185 3010 248 3049 Cf.
270 3012 438 3050 Lainni
454 3013 665 3060 Manum„
685 3014 756 3060 ΙΙΙ,
777 3015 861 3060 444,
881 3014 962 3053 685.

62 3130 68 3223 l
