1908 3446
176 283 246 322 526
639 285 858 324 LITTERAE
884 286 1241 333 QUADRIMESTRES

129 391 306 425 nostrae
330 388 565 438 spiritalem
588 390 891 428 oeconomiam
923 389 1094 437 attinet,
1128 391 1380 428 vniuersum
1415 391 1593 429 fratrum
1625 391 1755 429 colle·

130 458 247 508 gium
266 458 486 496 charitatis
509 464 553 497 et
580 460 699 509 pacis
722 461 912 507 vinculo,
932 463 971 499 et
993 460 1226 500 amicitiae
1250 460 1492 499 indiuiduo
1521 461 1753 508 sodalitio,

130 528 171 565 in
194 542 324 566 vnum
353 542 510 579 corpus
541 530 782 578 redactum,
808 532 968 570 Christi
992 532 1144 582 spiritu
1165 531 1330 570 maiora
1351 545 1524 583 semper
1546 533 1755 570 virtutum

129 599 400 638 incrementa
421 600 474 638 ad
497 601 706 652 cuiusque
735 603 916 641 membri
947 604 1279 653 vegetationem
1301 603 1473 653 accipit.
1499 603 1593 642 Nec
1624 603 1754 641 modo

130 671 391 719 hominibus,
417 672 494 710 sed
525 678 569 710 et
591 674 757 724 angelis
780 681 798 698 a
829 674 1043 711 maximae
1076 678 1143 712 est
1173 673 1390 725 voluptati
1418 674 1757 724 pulcherrimum

129 741 170 779 in
194 743 408 780 obeundis
443 744 694 781 muneribus
717 743 929 791 ordinem,
955 756 1187 794 rerumque
1212 745 1402 782 omnium
1423 744 1757 782 administratio-

130 826 229 851 nem
252 826 450 860 cernere,
475 813 576 851 dum
597 814 780 865 quisque
801 828 878 865 pro
903 815 1055 852 virium
1088 828 1261 853 suarum
1292 815 1487 862 modulo,
1521 815 1562 852 in
1594 828 1672 853 suo
1704 815 1758 853 ad

130 883 451 934 perfectionem
494 885 722 923 contendit
764 886 925 923 officio.
968 885 1134 924 Omnes
1170 886 1250 924 Dei
1290 887 1430 937 gratia
1468 899 1680 937 prospera
1718 886 1759 924 in

132 956 306 994 Christo
328 955 528 994 fruuntur
550 956 818 1004 valetudine,
844 957 946 995 licet
967 957 1160 1006 nonnullj
1185 956 1278 995 eius
1300 957 1611 995 detrimentum
1641 957 1758 995 labo-

128 1025 185 1064 ris
206 1026 479 1074 assiduitate,
504 1032 549 1065 et
582 1027 695 1066 aeris
729 1027 1004 1078 intemperie,
1034 1028 1252 1066 interdum
1284 1027 1488 1076 sentiant3
1518 1041 1702 1079 quorum
1734 1041 1757 1066 e

129 1110 312 1135 numero
336 1097 481 1136 extitit
513 1099 560 1136 P.
589 1098 810 1149 Johannes
840 1098 1047 1146 Arnoulz,
1071 1098 1143 1149 qui
1164 1098 1360 1149 Apamijs
1390 1098 1444 1136 ad
1472 1111 1553 1136 nos
1584 1097 1759 1137 commi-

130 1170 288 1220 grauit,
312 1170 383 1220 qui
404 1170 487 1207 iam
510 1170 591 1208 Dei
613 1170 752 1221 gratia
775 1171 1012 1208 conualuit.

184 1252 221 1279 2.
283 1240 503 1290 Quantum
533 1240 588 1279 ad
618 1241 836 1292 euangelij
869 1241 1155 1279 ministerium
1187 1241 1359 1288 attinet,
1394 1241 1440 1279 P.
1473 1246 1620 1279 rector
1644 1240 1651 1258 ¹
1676 1239 1760 1278 Bil-

129 1311 247 1350 homi
269 1310 485 1350 aduentus
520 1311 654 1349 sacris
689 1311 844 1350 diebus
879 1312 1166 1350 concionatus
1203 1317 1285 1359 est;
1323 1323 1408 1362 ego
1441 1323 1548 1349 vero
1579 1310 1622 1348 in
1651 1310 1758 1349 vrbe

131 1383 425 1434 Manergiensi
446 1383 669 1430 continue,
701 1383 755 1421 ad
776 1396 904 1434 quam
926 1384 960 1421 R
977 1383 1046 1408 ‘³³⁵³
1070 1383 1303 1434 episcopus
1324 1395 1394 1420 me
1416 1382 1655 1432 delegauit,
1687 1394 1760 1420 ex-

129 1455 356 1505 tirpandae
377 1455 618 1492 haereseos
640 1467 785 1501 causa,
809 1467 919 1506 quae
942 1455 983 1493 in
1015 1468 1068 1493 ea
1087 1455 1195 1493 vrbe
1218 1455 1461 1505 pullularat.
1485 1454 1638 1492 Eidem
1666 1453 1759 1491 vrbi

130 1527 172 1565 in
192 1527 434 1577 proximam
460 1525 839 1577 quadragesimam
868 1527 1026 1565 ciuium
1048 1532 1157 1565 voto
1182 1531 1226 1565 et
1248 1528 1299 1565 D.
1331 1526 1526 1577 episcopi
1549 1525 1757 1576 suffragio

130 1596 372 1636 destinatus
395 1611 504 1636 sum.
530 1596 653 1635 Faxit
685 1598 884 1637 Christus
901 1599 1043 1649 Jesus,
1081 1602 1128 1636 vt
1148 1603 1300 1636 nostro
1324 1597 1563 1635 ministerio
1585 1596 1761 1634 insitum

130 1670 313 1708 verbum
345 1683 442 1708 cum
464 1669 799 1708 mansuetudine
821 1670 1057 1721 suscipiant
1079 1670 1408 1721 manergienses
1429 1669 1483 1707 ad
1505 1681 1625 1707 suam
1646 1668 1761 1719 ipso-

130 1754 223 1779 rum
246 1742 445 1780 salutem.
470 1741 709 1779 Dominicis
740 1746 784 1779 et
814 1741 1067 1780 solennibus
1090 1741 1245 1780 diebus
1276 1747 1367 1779 tres
1388 1739 1430 1778 in
1460 1741 1543 1779 hac
1564 1739 1761 1778 dioecesi

132 1813 456 1857 concionamur,
480 1825 665 1864 quorum
696 1813 851 1851 tertius
882 1817 949 1851 est
981 1814 1027 1851 P.
1052 1813 1260 1851 Nicolaus
1290 1812 1520 1851 Bellefille.
1544 1812 1687 1851 Vrbes
1717 1816 1763 1850 et

132 1885 312 1923 castella
331 1885 448 1923 bono
471 1885 632 1923 Christi
655 1884 793 1922 odore
814 1885 980 1922 imbuta
1001 1884 1255 1923 suauissime
1273 1885 1432 1934 passim
1453 1884 1660 1934 fragrant.
1685 1883 1762 1922 So-

133 1955 269 1994 cietas
302 1956 345 1994 in
379 1956 665 2006 praeteritum
700 1955 937 1994 aduentum
974 1961 1019 1993 et
1051 1956 1294 2006 proximam
1333 1954 1709 2006 quadragesimam
1740 1966 1764 1991 a

133 2026 428 2078 compluribus
450 2026 643 2073 vrbibus,
669 2032 713 2065 et
740 2024 915 2076 quidem
937 2026 1198 2077 praecipuis,
1224 2026 1475 2064 desiderata
1503 2025 1598 2063 fuit.
1630 2024 1764 2075 Atqui

134 2098 389 2136 domesticis
423 2098 600 2136 infinitis
633 2098 827 2149 negotijs
850 2099 896 2136 P.
921 2103 1068 2136 rector
1105 2103 1360 2148 occupatus,
1398 2098 1637 2149 legitimam
1673 2110 1762 2134 mu-

132 2171 250 2208 neris
280 2169 524 2220 euangelicj
566 2170 899 2208 excusationem
932 2169 1200 2220 praetexuit3
1237 2181 1322 2220 ego
1350 2182 1458 2208 vero
1494 2167 1568 2206 vni
1603 2167 1762 2219 oppido

184 2339 202 2357 a
239 2336 281 2368 vt
299 2336 409 2378 puto.

135 2490 261 2537 plum,
293 2488 514 2525 secundum
542 2485 859 2528 emendationes,
889 2490 1019 2522 exstat
1046 2485 1086 2522 in
1113 2485 1280 2523 archivo
1306 2484 1542 2522 coloniensi.
1564 2483 1627 2521 Cf.
1649 2484 1761 2521 HAN-

135 2560 223 2593 sEN,
243 2547 499 2588 Rheim‘sche
518 2546 715 2591 Aktetz...,
736 2545 818 2582 767.
839 2544 955 2591 Quod
975 2545 1119 2582 attinet
1138 2546 1187 2582 ad
1203 2546 1309 2582 diem
1328 2545 1368 2581 in
1387 2557 1465 2591 quo
1485 2544 1654 2592 epistola
1669 2545 1763 2581 data

136 2609 294 2652 dicitur,
315 2611 450 2654 posset
468 2606 556 2654 quis
575 2605 761 2643 dubitare
779 2618 876 2641 num
895 2605 945 2641 sit
964 2605 1049 2641 dies
1073 2604 1113 2641 18
1134 2604 1332 2652 januarii.
1367 2604 1513 2641 festum
1544 2604 1764 2641 cathedrae

135 2667 210 2706 Sti.
233 2667 346 2705 Petri
365 2668 534 2711 Romae,
551 2666 656 2712 quod
675 2677 780 2702 anno
802 2664 892 2702 1558
908 2677 976 2710 pro
995 2669 1079 2702 tota
1099 2665 1272 2702 ecclesia
1291 2678 1314 2701 a
1334 2664 1461 2701 Paulo
1480 2663 1555 2708 IV,
1577 2663 1764 2710 pontifice

135 2727 324 2772 maximo,
352 2732 548 2763 statutum
568 2730 642 2771 est3
663 2737 713 2761 an
733 2724 818 2761 dies
836 2723 883 2761 22
901 2723 1130 2765 Februarii,
1152 2723 1298 2760 festum
1317 2724 1536 2760 cathedrae
1557 2722 1631 2760 Sti.
1653 2722 1765 2759 Petri

137 2787 395 2824 Antiochiae.
419 2785 524 2822 Cum
553 2797 648 2821 vero
678 2789 818 2821 auctor
848 2783 962 2820 initio
992 2783 1098 2820 dieat
1130 2788 1315 2820 exactam
1345 2784 1427 2831 jam
1458 2782 1765 2830 quadrimestris

135 2846 254 2894 spatii
280 2845 504 2893 periodum,
533 2844 676 2880 ultima
703 2849 841 2880 autem
860 2842 1168 2889 quadrimestris
1187 2843 1357 2889 epistola
1376 2841 1582 2879 billiomea
1602 2842 1695 2878 data
1714 2842 1764 2878 sit

134 2905 181 2943 20
199 2905 385 2944 Octobris
406 2903 507 2948 1559;
528 2915 619 2940 cum
637 2908 853 2949 praeterea
872 2903 926 2943 (n.
948 2903 985 2947 4)
1004 2901 1402 2948 quadragesimalem
1422 2901 1764 2948 praedicationem

136 2966 354 3003 instantem
373 2963 580 3010 depingat;
613 2962 861 3008 probabilius
878 2961 992 2998 nobis
1015 2961 1172 2998 videtur
1190 2960 1359 2997 indicari
1378 2960 1525 2997 festum
1545 2960 1764 2998 cathedrae

137 3025 213 3063 Sti.
233 3024 346 3061 Petri
369 3022 625 3063 Antiochiae,
661 3033 734 3058 seu
753 3021 838 3058 dies
857 3020 902 3057 22
920 3019 1149 3058 Februarii.

186 3086 195 3106 ¹
248 3084 292 3122 P.
313 3083 589 3129 Hieronymus
607 3080 774 3118 Bassius
793 3080 870 3125 (Le
889 3079 1003 3125 Bas).
