1908 3446
189 295 259 334 546
654 294 872 331 ermnAE
907 294 1265 338 QUADmMEsrREs

147 398 286 449 gratia
305 398 451 448 plures
473 396 619 443 solito,
643 402 733 434 turn
754 395 1016 446 paedagogi,
1041 400 1131 433 tum
1155 396 1285 433 etiam
1307 393 1505 441 studiosi,
1539 394 1581 431 in
1615 392 1768 443 quibus

147 469 374 506 audiendis
409 469 479 506 hic
498 480 611 519 pene
632 468 798 506 fructus
821 467 1054 517 colligitur,
1078 466 1195 517 quod
1215 465 1464 517 paedagogi
1484 464 1647 503 rectius
1668 476 1770 502 suos

146 539 374 578 instituunt
397 539 646 589 discipulos,
672 552 749 577 eos
770 538 823 576 ad
846 538 1169 576 confessionem
1190 538 1283 575 tere
1319 537 1499 587 singulis
1521 535 1675 574 diebus
1696 534 1771 572 do-

149 612 316 650 minicis
351 611 586 658 adducunt,
626 616 670 648 et
700 623 746 647 se
779 615 822 649 et
852 611 949 648 illos
969 621 1047 660 per
1070 609 1150 646 Dei
1172 610 1355 660 gratiam
1377 609 1428 646 ab
1449 606 1637 654 haeresi,
1661 618 1773 657 quae

148 697 235 722 non
256 696 419 733 paucos
440 682 591 729 inficit,
629 683 841 720 immunes
873 688 916 719 et
950 682 1227 732 incorruptos
1263 686 1541 719 conseruant.
1578 679 1775 729 Affulget

151 756 281 793 etiam
304 767 403 805 spes
425 754 592 805 aliquos
613 754 666 791 ad
687 754 959 792 Societatem
980 757 1173 791 nostram
1195 751 1475 803 adiungendi,
1505 764 1616 802 quae
1640 751 1772 791 Chro.

150 827 302 877 gratia,
328 827 540 864 hactenus
562 838 737 875 prorsus
758 838 839 863 nos
861 825 1035 862 minime
1056 824 1226 863 fefellit.
1251 824 1361 861 Nam
1383 837 1407 861 a
1427 823 1597 861 duobus
1619 823 1776 861 abhinc

151 898 372 936 mensibus
407 902 593 948 quatuor
622 897 664 934 in
694 896 964 935 Societatem
995 896 1168 934 admisit
1198 895 1314 934 R.d¹¹S
1344 896 1472 932 Pater
1499 894 1777 945 prouincialis

153 970 425 1016 Paschasius3
449 981 632 1018 quorum
655 974 744 1006 tres
765 969 987 1006 literarum
1009 967 1193 1006 studiosi
1216 972 1329 1015 sunt,
1361 966 1519 1005 indolis
1552 980 1640 1005 non
1674 979 1778 1017 poe-

151 1041 372 1087 nitendae,
406 1040 468 1078 vti
495 1038 548 1077 ad
571 1041 617 1078 P.
642 1041 690 1078 T.
715 1040 757 1077 in
779 1041 982 1090 catalogo
1004 1039 1184 1077 fratrum
1205 1039 1413 1089 scriptum
1437 1050 1534 1076 esse
1556 1042 1773 1088 putamus.

155 1114 345 1163 Quartus
368 1119 434 1150 est
464 1112 528 1149 rei
558 1111 829 1150 domesticae
861 1110 1158 1149 subiuuandae
1193 1110 1566 1161 pernecessarius,
1600 1108 1780 1148 Confes-

154 1186 323 1224 sionum
345 1183 657 1222 audiendarum
680 1184 792 1222 fama
814 1182 907 1222 iam
925 1196 972 1222 eo
994 1196 1133 1234 ‘usque
1152 1184 1172 1202 a
1191 1182 1458 1234 percrebuit,
1481 1183 1526 1220 vt
1555 1180 1781 1232 primarius

155 1257 330 1308 collegij
355 1261 531 1294 sanctae
555 1256 787 1302 Barbarae,
811 1256 943 1293 homo
968 1268 1073 1314 erga
1093 1255 1364 1294 Societatem
1385 1254 1527 1292 animo
1551 1254 1664 1291 bene
1685 1264 1782 1303 pro-

153 1341 330 1380 pensus,
369 1333 413 1365 et
447 1326 500 1364 ad
522 1327 731 1377 pietatem
754 1327 858 1364 satis
879 1326 1032 1374 facilis,
1056 1331 1307 1364 nostrorum
1329 1325 1609 1363 sacerdotum
1633 1335 1781 1374 opera,

154 1398 273 1438 feriis
311 1399 539 1445 nataliciis,
579 1404 623 1436 et
657 1398 779 1436 initio
815 1398 1176 1450 quadragesimae
1211 1397 1253 1435 in
1287 1396 1515 1436 audiendis
1548 1408 1784 1447 puerorum

156 1470 508 1510 confessionibus
528 1471 611 1508 iam
632 1471 697 1509 bis
718 1470 777 1509 sit
798 1484 901 1509 vsus
922 1471 956 1518 b,
982 1482 1249 1521 vsurumque
1280 1470 1322 1508 in
1343 1474 1570 1520 posterum
1592 1468 1784 1519 quoties-

158 1555 343 1593 cumque
363 1556 470 1593 opus
491 1543 636 1590 fuerit,
657 1554 897 1592 speramus3
921 1546 1051 1592 atque
1070 1555 1124 1580 eo
1141 1547 1271 1592 pacto
1294 1541 1348 1579 ad
1364 1541 1613 1592 profectum
1633 1540 1785 1588 juuen-

158 1615 262 1653 tutis
286 1614 329 1652 et
351 1615 588 1652 animarum
609 1615 775 1652 lucrum
793 1614 876 1652 iam
898 1613 1226 1664 quodammodo
1248 1613 1319 1651 hic
1338 1613 1465 1651 nobis
1487 1616 1787 1650 constructum

158 1686 283 1724 vides
306 1686 557 1737 collegium,
591 1686 637 1723 P.
677 1685 856 1736 optime.
896 1683 1011 1735 Quid
1042 1685 1155 1722 enirn
1186 1684 1302 1723 aliud
1331 1683 1564 1722 aedificato
1597 1682 1786 1733 collegio

160 1769 336 1808 sperare
357 1763 532 1807 praeter
551 1757 796 1806 juuentutis
817 1756 859 1793 in
889 1755 1056 1807 pietate
1088 1761 1132 1793 et
1163 1755 1299 1794 literis
1334 1754 1655 1793 institutionem
1689 1766 1788 1804 pos-

159 1830 327 1868 sumus?
343 1830 411 1880 Jlli
428 1829 671 1868 doctrinam
688 1829 911 1866 literarum
927 1827 1135 1866 instillant
1157 1828 1328 1875 sedulo,
1347 1840 1428 1866 nos
1443 1826 1620 1878 pietatis
1641 1837 1789 1864 ansam

160 1902 552 1947 subministramus3
575 1901 634 1938 illi
656 1912 802 1938 curam
825 1900 1023 1949 corporis
1044 1905 1195 1950 agunt,
1214 1912 1295 1937 nos
1316 1899 1574 1937 animorum.

213 1985 251 2022 3.
311 1973 399 2013 Sed
428 1985 573 2023 neque
605 1972 659 2010 de
696 1971 886 2022 collegio
921 1970 1132 2022 erigendo
1165 1970 1309 2008 leuem
1345 1955 1788 2021 spem'concipimus.

163 2046 291 2083 Pater
323 2044 436 2083 enim
465 2057 537 2083 nr.
573 2043 755 2082 Pontius
778 2045 785 2063 ¹
808 2043 1058 2094 praeteritis
1079 2042 1200 2080 hisce
1223 2042 1379 2080 diebus
1400 2041 1442 2080 in
1463 2042 1604 2080 aulam
1626 2041 1791 2092 regiam

163 2115 439 2168 apamiensis
473 2103 658 2166 colleg&
685 2122 701 2139 ⁰
726 2114 954 2165 negotium
975 2118 1287 2164 procuraturus
1308 2125 1394 2151 vna
1423 2126 1521 2151 cum
1551 2110 1738 2151 R.di⁵SimJ'
1773 2117 1793 2142 d

164 2188 359 2239 episcopi
379 2187 540 2225 famulo
562 2186 696 2235 nobilj
720 2186 961 2237 profectUS‚
992 2185 1115 2224 simul
1144 2185 1335 2236 diploma
1364 2184 1496 2235 regiis
1526 2183 1660 2234 signis
1691 2195 1792 2221 con-

162 2260 379 2297 firmatum
414 2258 678 2309 impetrauit,
716 2263 762 2295 vt
797 2257 839 2295 in
875 2262 1028 2295 senatu
1063 2257 1290 2308 parisiensi
1310 2261 1462 2294 nostra
1490 2255 1706 2301 Societas,
1744 2266 1795 2292 ac

166 2330 295 2368 etiam
316 2330 358 2367 in
379 2330 584 2367 vniuersa
603 2329 746 2367 Gallia
765 2329 1015 2379 recipiatur.
1040 2329 1205 2367 Harum
1240 2331 1385 2366 autern
1420 2327 1538 2378 regis
1571 2327 1794 2365 literarum

165 2406 252 2438 tam
269 2400 369 2438 viua
387 2406 454 2438 est
476 2405 519 2438 et
536 2406 624 2439 tam
647 2399 803 2438 efficax
821 2401 1054 2448 sententia,
1076 2405 1122 2438 vt
1143 2400 1185 2438 in
1204 2399 1266 2438 eis
1283 2399 1406 2450 regia
1423 2399 1628 2437 maiestas
1646 2397 1795 2437 Socie-

165 2477 302 2510 tatem
322 2477 515 2510 nostram
537 2485 583 2510 se
606 2477 653 2510 vt
675 2477 869 2510 sanctam
892 2477 937 2510 et
956 2472 1119 2522 populo
1142 2485 1221 2510 suo
1243 2470 1513 2510 instituendo
1537 2469 1796 2508 commodis-

166 2542 316 2582 simam
338 2543 552 2594 recipere,
577 2541 960 2594 recipiendamque
989 2542 1159 2592 senatuj
1183 2541 1390 2581 mandare
1411 2541 1570 2579 tertiae
1593 2540 1797 2579 iussionis

167 2616 266 2654 loco
306 2618 592 2665 protestetur.
635 2613 818 2653 Literas
858 2614 1008 2652 adhuc
1050 2614 1232 2665 senatus·
1281 2612 1550 2664 offerendas
1598 2611 1797 2663 differre

168 2685 315 2724 visum
335 2686 398 2724 est
419 2684 684 2724 consultius.
719 2684 1021 2736 Expectamns
1053 2684 1172 2724 enim
1207 2683 1604 2724 commendatitias
1639 2685 1698 2722 ad
1732 2695 1796 2722 re-

166 2756 301 2808 gium
330 2758 683 2806 procuratorem
717 2758 757 2796 et
792 2758 852 2795 ad
887 2755 1005 2795 alios
1043 2756 1291 2795 nonnullos
1325 2757 1510 2795 senatus
1544 2753 1800 2805 primarios

217 2930 237 2950 a
286 2943 364 2967 non
381 2942 538 2977 parum.
593 2931 658 2955 —b
680 2934 752 2967 est.
807 2937 871 2956 ——0
890 2928 1121 2967 societatis.
1176 2930 1243 2955 ---d
1263 2928 1522 2976 apamiensis.

222 3106 230 3126 ¹
282 3104 328 3143 P.
348 3104 516 3142 Pontius
535 3103 816 3151 Cogordanus.
