1908 3446
576 171 890 210 393.—PAmsns
918 172 932 208 l
957 168 1070 218 JuLn
1098 170 1188 208 1560
1574 169 1640 207 691

69 274 201 313 docet
224 274 513 325 experientia3
537 274 615 311 sed
636 276 720 312 hoc
744 277 811 313 uel
836 276 1020 314 maxime
1050 276 1091 313 in
1123 276 1175 324 ijs
1196 287 1308 326 quae
1340 273 1393 312 ad
1416 272 1691 312 christianam

67 346 278 396 pietatem
308 345 543 396 pertinent,
578 352 850 396 compertum
881 346 1025 394 fuerit,
1051 347 1085 384 si
1117 359 1169 384 ea
1195 358 1308 397 quae
1339 345 1462 382 breui
1494 349 1693 394 tempore

69 421 195 466 gesta
212 420 310 453 sunt
333 422 378 454 et
399 422 610 466 geruntur
632 417 684 454 ad
708 417 788 455 Dei
809 419 989 468 gloriam
1013 419 1055 455 in
1076 418 1141 455 his
1163 417 1373 468 partibus,
1397 415 1524 466 paulo
1556 420 1695 452 atten-

67 487 152 525 tius
169 487 502 538 perpendamus.
521 488 658 526 Nouit
677 489 838 539 optime
862 490 908 527 R.
935 490 982 527 P.
1007 490 1056 527 T.
1077 492 1237 539 quanta
1253 488 1383 525 fuerit
1403 500 1511 538 opus
1532 486 1695 536 patien-

68 559 139 605 tia,
164 559 326 596 uirtute
349 563 393 596 et
416 559 661 597 constantia
684 560 882 598 omnibus
905 560 1001 606 illis,
1026 560 1097 610 qui
1119 560 1345 608 hucusque
1367 570 1444 608 pro
1469 557 1695 596 Societate

68 633 218 667 nostra
241 628 598 680 obgannientium
620 631 819 677 uocibus,
852 631 1127 677 elamoribus,
1162 629 1408 668 maledictis
1441 632 1483 665 et
1514 626 1697 665 assiduis

69 701 290 739 laboribus
324 702 366 738 in
402 701 487 739 hoc
522 701 620 739 loco
659 702 890 740 exercitati
924 703 1063 740 fuere.
1102 700 1190 739 Sed
1227 701 1388 738 factum
1426 705 1492 736 est
1522 697 1696 735 tandem

69 785 236 811 summo
260 772 341 810 Dei
361 772 499 809 nostri
530 773 747 810 beneficio
770 774 858 823 (qui
883 773 1066 824 suspiria
1088 778 1132 810 et
1154 783 1311 823 preces
1341 771 1359 789 ²³⁴
1390 770 1592 808 minimae
1623 769 1698 805 hu-

68 844 133 880 ius
163 843 398 882 Societatis
431 855 535 881 suae
565 856 644 893 pro
677 856 812 894 regno
846 844 1015 883 Galliae
1046 857 1133 881 non
1165 848 1232 881 est
1259 842 1550 893 aspernatus),
1576 846 1621 877 ut
1644 852 1697 877 ex

69 915 200 964 uarijs
222 914 426 953 fluctibus
451 915 712 953 emerserint
733 916 768 962 b,
793 920 836 952 et
870 916 911 952 in
948 929 1046 954 eum
1083 916 1227 953 locum
1263 913 1482 952 adductae
1513 913 1598 950 sint
1628 923 1698 949 res

69 986 320 1033 Societatis,
358 985 474 1024 unde
509 987 679 1024 nonnisi
717 988 879 1037 optime
910 999 1088 1038 sperare
1124 987 1208 1024 iam
1245 987 1390 1024 liceat.
1425 987 1534 1024 Sunt
1568 984 1699 1035 igitur

68 1058 262 1095 nonnulli
293 1057 363 1095 uel
396 1057 527 1096 etiam
548 1058 718 1108 plurimi
749 1057 816 1107 (ut
846 1061 962 1098 certe
991 1059 1111 1105 sunt,
1137 1063 1181 1096 et
1205 1070 1259 1095 ex
1290 1057 1488 1108 ipsismet
1509 1055 1697 1093 fortasse

67 1129 137 1179 qui
161 1129 244 1166 dici
266 1129 419 1166 uolunt
440 1127 567 1167 amici
588 1128 758 1178 nostri),
784 1128 856 1179 qui
876 1130 1003 1168 nobis
1027 1130 1219 1175 obstent,
1257 1132 1519 1179 repugnent,
1558 1139 1609 1164 ac
1635 1137 1700 1163 re-

70 1200 307 1247 luctentur3
330 1200 390 1237 ita
412 1205 557 1238 tamen
578 1199 698 1237 fauet
722 1213 798 1238 rex
817 1201 988 1238 chr—mus
1010 1204 1018 1223 ¹
1045 1206 1089 1238 et
1110 1200 1264 1238 iubere
1280 1199 1441 1250 pergit,
1464 1198 1525 1236 ita
1541 1198 1700 1235 acriter

68 1271 356 1322 lotharingius
388 1271 616 1309 cardinalis
638 1271 664 1318 2,
689 1272 991 1310 benemeritus
1017 1276 1246 1322 protector
1276 1275 1444 1317 noster,
1467 1282 1545 1321 pro
1570 1280 1701 1306 causa

69 1349 219 1381 nostra
239 1348 420 1394 pugnat3
452 1344 690 1394 reginaque
723 1350 862 1382 mater
897 1350 910 1368 ³
946 1356 996 1382 ac
1027 1342 1193 1382 caeteri
1222 1342 1441 1394 principes
1463 1340 1700 1380 Societatis

69 1415 182 1453 fama
213 1415 422 1452 commoti
454 1415 771 1463 obsecundant,
805 1417 925 1465 qnod
955 1422 971 1441 c
998 1416 1126 1454 facile
1159 1414 1331 1453 creditu
1360 1427 1448 1451 non
1480 1413 1533 1451 sit
1565 1411 1701 1451 uicto-

74 1488 178 1525 riam
210 1487 291 1525 sibi
323 1499 345 1524 e
382 1487 578 1524 manibus
614 1493 688 1525 aut
725 1493 920 1537 ereptam
955 1488 1005 1525 iri
1036 1493 1111 1525 aut
1140 1488 1275 1538 longo
1305 1491 1506 1535 tempore
1537 1483 1703 1522 differri

71 1571 217 1609 posse.
251 1559 350 1596 Hoc
379 1558 510 1608 igitur
541 1558 676 1596 innixi
706 1558 858 1597 fauore
896 1564 939 1596 et
974 1557 1195 1609 praesidio
1227 1557 1364 1608 (quod
1394 1557 1520 1594 nobis
1550 1555 1701 1606 procul

71 1629 202 1668 dubio
227 1630 410 1667 emerita
432 1635 498 1667 est
520 1629 666 1667 diuina
686 1630 859 1680 pietas),
885 1630 1033 1667 foelici
1058 1630 1179 1668 exitu
1201 1641 1294 1667 rem
1313 1627 1516 1666 concludi
1539 1626 1703 1664 breuis-

72 1701 179 1738 sime
202 1707 502 1751 expectamus.
530 1701 695 1750 Quarta
716 1700 848 1738 iussio
880 1701 1012 1751 regis,
1046 1713 1175 1751 quam
1211 1701 1259 1738 R.
1295 1701 1342 1737 P.
1378 1699 1573 1745 Pontius,
1604 1704 1704 1749 post

72 1771 288 1809 secundas
311 1778 354 1809 et
386 1772 553 1818 tertias,
589 1772 775 1809 obtinuit
806 1784 963 1823 magna
994 1785 1091 1810 cum
1126 1771 1386 1809 difficultate
1418 1783 1469 1808 ac
1498 1770 1702 1807 itinerum

70 1843 329 1894 fatigatione
353 1851 397 1881 et
418 1845 585 1890 labore,
606 1843 802 1881 exhibita
824 1849 891 1881 est
914 1849 958 1881 et
979 1842 1207 1894 producta.
1233 1843 1333 1881 Non
1355 1855 1533 1893 possum
1552 1841 1701 1879 dicere

72 1927 199 1965 quam
230 1916 285 1953 sit
315 1914 685 1966 uigilantissimus
706 1915 725 1939 d
748 1920 792 1953 et
822 1920 983 1964 quanto
1016 1916 1175 1965 flagret
1206 1914 1429 1952 desiderio
1461 1913 1602 1950 bonus
1632 1911 1704 1949 ille

73 1987 217 2033 Pater,
242 1991 288 2024 ut
309 1987 395 2023 fine
419 1999 496 2024 suo
520 1992 671 2024 nostra
693 1986 893 2024 Societas
915 1986 1107 2036 potiatur
1131 1986 1172 2023 in
1203 1986 1290 2023 hoc
1312 1997 1466 2036 regno.
1491 1984 1531 2022 Is
1561 1983 1705 2022 nouis-

74 2057 181 2094 sime
212 2069 309 2095 cum
332 2057 505 2095 uideret
535 2063 711 2108 quartas
741 2058 825 2095 iam
853 2057 992 2095 dictas
1023 2058 1175 2095 literas
1206 2070 1230 2095 a
1260 2062 1416 2095 senatu
1449 2054 1706 2094 oscitantius

74 2129 161 2179 legi
182 2134 225 2166 et
247 2127 521 2179 pertractari,
541 2129 947 2179 praesensissetque
965 2128 1135 2180 regium
1157 2134 1493 2179 procuratorem
1513 2133 1556 2165 et
1577 2140 1705 2177 quos-

74 2199 171 2237 dam
193 2199 418 2250 praesides
439 2201 540 2238 hinc
561 2212 585 2237 a
605 2212 711 2250 rege
734 2200 976 2238 accersitos
1000 2212 1116 2247 esse3
1139 2200 1255 2238 nulla
1277 2199 1538 2250 interposita
1568 2209 1703 2244 mora,

79 2276 122 2308 et
143 2271 235 2320 ipse
258 2271 300 2308 in
322 2272 485 2309 curiam
506 2272 588 2309 iter
610 2271 748 2321 pedes
769 2272 964 2322 arripuit3
990 2283 1042 2309 eo
1075 2271 1146 2310 uel
1183 2271 1366 2309 consilio
1399 2270 1571 2316 ductus,
1596 2275 1642 2307 ut
1673 2268 1706 2306 si

74 2341 175 2392 quid
196 2342 326 2389 forte,
347 2347 530 2392 accepta
552 2343 802 2389 occasione,
824 2347 976 2380 contra
997 2342 1271 2380 Societatem
1291 2342 1372 2393 ipsi
1395 2341 1544 2379 dicere
1567 2345 1706 2378 atten-

75 2417 233 2459 tarent,
253 2426 340 2451 non
359 2419 478 2451 esset
494 2413 553 2451 ibi
575 2414 666 2452 sine
684 2419 869 2463 patrono
894 2413 1131 2452 Societatis
1150 2426 1296 2460 causa,
1317 2413 1387 2450 uel
1407 2418 1544 2459 certe,
1565 2417 1611 2449 ut
1630 2423 1706 2449 ore

73 2485 248 2536 proprio
271 2497 349 2522 rex
367 2491 413 2523 et
427 2484 646 2535 principes
663 2485 723 2523 illi
743 2485 980 2523 Societatis
996 2484 1309 2523 admissionem
1328 2483 1704 2523 commendarent.

77 2556 202 2606 Quae
224 2556 368 2594 omnia
388 2537 555 2594 illi‘tam
574 2556 796 2595 foeliciter
814 2561 1059 2604 cesserunt,
1079 2561 1125 2594 ut
1141 2556 1246 2594 nihil
1264 2569 1408 2607 supra.
1429 2556 1539 2594 Nam
1556 2560 1603 2593 ut
1624 2554 1706 2605 pri-

121 2681 140 2701 a
191 2681 378 2719 Emend.
399 2693 450 2719 ex
467 2693 649 2729 praeces.
715 2682 781 2707 -b
812 2680 997 2718 Emend.
1031 2692 1081 2718 ex
1106 2693 1291 2718 emersae
1344 2689 1409 2707 ——0
1440 2686 1495 2718 vt.
1551 2682 1618 2707 —d
1650 2682 1708 2718 ui-

75 2740 223 2788 gilans.

125 2863 134 2883 ¹
187 2862 429 2900 Franciscus
447 2861 497 2899 Il.

125 2921 137 2941 ²
188 2921 364 2960 Carolus
382 2922 431 2959 de
451 2921 595 2959 Guisa.

125 2982 138 3001 ³
189 2981 414 3020 Catharina
433 2982 482 3020 de
502 2981 686 3019 Medicis.
