1908 3446
176 170 245 209 654
665 170 883 209 LITTERAE
910 172 1266 218 QUADRmsssTREs

881 397 993 449 379

504 542 553 586 P.
590 540 933 587 BAPTISTA
968 541 1060 587 DE
1094 540 1375 588 SEGURA

634 676 876 702 BELLIMARE
906 667 947 702 15
974 676 1068 712 MAJI
1098 666 1187 703 1560
1215 669 1238 703 ¹.

128 781 160 818 1.
199 780 394 831 Collegiz'
426 782 718 818 exstructum
749 793 797 819 eo
827 793 965 829 usqne
992 779 1209 829 Pervenit,
1243 782 1291 818 ut
1312 781 1417 830 jam
1446 778 1597 817 nostri
1626 779 1675 817 in
1703 792 1751 817 eo

205 848 433 884 commode
455 845 665 884 habitare
682 846 872 896 possint.
902 843 963 884 De
980 845 1147 895 primis
1172 845 1406 884 sodalibus
1435 845 1481 882 in
1512 857 1559 883 eo
1592 846 1749 895 degen-

207 910 437 949 tibus—2.
469 912 622 949 Labor
654 912 847 950 Patrztm
877 910 1174 962 acfratrzmz.
1197 936 1217 937 e
1235 910 1274 949 3.
1303 911 1426 949 Ordo
1452 910 1497 948 in
1519 923 1752 960 exsequen-

205 976 274 1014 dis
290 976 380 1026 piis
401 977 611 1027 operibns
632 990 660 1015 α
682 977 730 1015 P.
759 976 977 1016 Generum·
999 977 1231 1028 injunctis.

186 1108 218 1133 1.
279 1099 307 1146 †
329 1095 413 1133 1115.
440 1097 540 1146 Muy
563 1095 660 1133 R.d0
692 1097 762 1133 Ρ.θ
785 1096 872 1144 mjo
898 1107 951 1132 en
973 1095 1105 1133 Chro.
1134 1096 1191 1132 La
1213 1095 1359 1145 gracia
1381 1109 1406 1145 y
1429 1108 1548 1132 amor
1567 1094 1637 1132 del
1661 1094 1753 1143 Spi-

123 1168 207 1206 ritu
238 1168 401 1206 Sancto
437 1180 511 1205 sea
542 1168 728 1218 siempre
762 1179 844 1205 con
875 1168 926 1206 V.
964 1169 1006 1204 P.
1042 1167 1091 1204 El
1123 1169 1211 1206 S.0¹
1246 1167 1464 1205 Benedito
1502 1165 1749 1217 Vguchonj,

123 1238 337 1276 fundador
360 1238 486 1276 desta
508 1251 607 1276 6656
629 1238 683 1276 (16
707 1239 927 1281 Velh'mar,
952 1238 1079 1276 aldea
1101 1239 1155 1276 de
1178 1239 1365 1289 Burgos,
1400 1250 1527 1275 como
1549 1250 1604 1287 ya
1625 1238 1676 1275 V.
1704 1238 1747 1273 P.

124 1311 243 1356 sabe,
269 1322 351 1347 con
375 1310 413 1348 el
432 1310 568 1347 (16560
591 1315 662 1347 tan
685 1310 849 1360 grande
872 1322 955 1359 que
988 1311 1106 1347 tenia
1136 1309 1190 1347 de
1221 1322 1300 1347 ver
1322 1322 1375 1359 ya
1398 1321 1451 1346 en
1483 1313 1577 1347 esta
1608 1320 1708 1346 casa
1728 1321 1752 1345 a

123 1381 188 1418 105
208 1386 413 1419 66651105
436 1394 482 1418 se
500 1394 524 1418 6
545 1381 658 1418 dado
682 1394 788 1431 gran
811 1381 952 1431 priesa
969 1394 993 1418 a
1014 1382 1155 1419 labrar
1178 1381 1257 1420 dos
1274 1386 1469 1431 quartos,
1493 1369 1577 1430 que
1600 1380 1749 1417 tienen

122 1465 265 1490 116666
290 1453 452 1499 celdas,
477 1452 636 1500 debajo
660 1453 715 1490 de
739 1453 798 1490 165
820 1453 971 1503 quales
993 1466 1048 1503 ay
1069 1466 1154 1491 vna
1173 1454 1317 1490 1366116
1340 1454 1537 1490 sacristia
1558 1466 1584 1502 y
1606 1466 1661 1490 vn
1684 1464 1748 1489 16-

121 1524 267 1561 fitorio
291 1525 391 1562 bien
414 1536 560 1574 capaz,
585 1538 611 1574 y
634 1525 788 1562 cozina
817 1538 843 1574 y
865 1524 1084 1575 despensa
1112 1538 1214 1574 muy
1236 1526 1520 1571 anchurosos,
1545 1537 1571 1573 y
1595 1536 1651 1561 vn
1682 1535 1748 1560 ca-

122 1595 274 1645 pitulo,
301 1596 339 1632 el
361 1597 458 1645 qual
480 1596 536 1633 ha
556 1596 700 1633 1166110
724 1597 879 1646 iglesia
912 1601 1162 1633 enti-etanto
1195 1608 1279 1645 que
1312 1608 1357 1633 56
1381 1595 1517 1632 666136
1537 1595 1577 1632 16
1598 1594 1750 1645 princi-

122 1667 205 1716 pal.
230 1667 368 1704 Tiene
391 1680 439 1704 56
460 1673 616 1717 puerta
636 1669 717 1705 6116
738 1668 861 1706 fuera
883 1668 937 1705 de
961 1680 1060 1706 6656
1079 1680 1159 1718 por
1181 1680 1299 1713 6016,
1323 1679 1426 1717 para
1447 1679 1530 1715 que
1555 1671 1680 1704 entre
1712 1666 1751 1702 16

122 1743 271 1788 gente.
297 1739 346 1776 El
369 1739 558 1776 claustro
592 1741 685 1777 esta
707 1752 761 1789 ya
781 1739 976 1777 acabado
1001 1751 1084 1777 con
1106 1753 1155 1777 56
1172 1739 1428 1777 huertezico
1462 1750 1515 1775 en
1537 1737 1699 1784 medio,
1723 1751 1748 1786 y

121 1811 187 1848 105
211 1817 331 1848 otros
353 1810 434 1848 dos
458 1811 720 1849 corredores
742 1825 824 1862 que
848 1812 1053 1858 fastanan,
1081 1812 1119 1848 el
1142 1811 1211 1848 (161
1236 1817 1380 1849 tercer
1403 1816 1557 1861 quarto
1575 1823 1601 1859 y
1625 1810 1663 1847 61
1694 1809 1748 1847 (16

122 1883 161 1919 16
177 1887 298 1932 parte
322 1881 375 1920 (16
399 1883 438 1919 16
458 1883 641 1932 yglesia,
662 1897 707 1921 56
727 1884 941 1920 6661361611
965 1888 1061 1920 este
1080 1894 1244 1920 verano
1269 1894 1351 1920 con
1371 1882 1409 1918 61
1430 1881 1556 1918 fauor
1584 1880 1745 1918 diuino.

122 1954 211 1991 Mas
233 1966 279 1991 56
304 1955 556 1992 1666166166
577 1955 640 1992 165
661 1955 848 2005 paredes
866 1954 919 1992 de
942 1954 1092 2005 piedra
1114 1954 1183 1991 del
1203 1960 1348 1991 tercer
1365 1958 1519 2003 quarto
1538 1966 1564 2002 y
1581 1951 1635 1990 de
1656 1965 1749 2002 par-

122 2031 165 2062 te
188 2024 240 2063 de
264 2026 303 2062 16
325 2026 495 2076 yglesia
516 2027 628 2064 vltra
645 2026 699 2064 de
722 2028 762 2064 10
787 2039 871 2077 que
895 2038 948 2076 ya
970 2031 1122 2064 estana
1143 2026 1286 2063 hecho
1312 2037 1365 2062 en
1389 2025 1491 2071 ella,
1518 2036 1602 2074 que
1626 2036 1672 2061 65
1695 2024 1747 2061 (16

122 2096 248 2134 (0(165
269 2102 416 2146 partes
434 2097 514 2135 dos
537 2098 707 2136 13661105
730 2097 909 2135 estados
933 2111 986 2135 en
1008 2098 1113 2144 alto,
1138 2097 1192 2136 de
1214 2096 1402 2147 paredes
1424 2109 1528 2145 muy
1549 2107 1746 2146 gruesas.

122 2168 171 2205 El
192 2167 396 2206 cardenal
418 2168 471 2206 de
495 2169 668 2219 Burgos
689 2174 701 2192 ²
722 2168 915 2206 bendixo
938 2182 993 2218 ya
1013 2169 1054 2206 16
1074 2169 1230 2219 iglesia
1251 2182 1277 2218 y
1300 2169 1339 2206 el
1372 2168 1471 2205 sitio
1504 2166 1611 2204 todo
1634 2165 1689 2203 (16
1712 2166 1749 2203 16

122 2251 234 2277 6656..
260 2239 365 2286 Mas,
389 2253 468 2277 nos
490 2239 587 2278 hizo
611 2254 695 2278 vna
715 2241 872 2279 huerta
892 2254 993 2290 rnuy
1015 2240 1226 2290 apacible,
1247 2253 1273 2289 y
1297 2241 1423 2277 66110
1448 2238 1502 2276 (16
1521 2239 1579 2276 tal
1601 2250 1746 2276 1116116-

119 2322 166 2348 16
187 2311 227 2348 16
249 2322 363 2356 6656,
386 2311 615 2348 hechando
639 2310 744 2349 toda
765 2311 804 2348 16
826 2312 932 2349 obra
952 2311 1076 2348 fuera
1098 2311 1150 2349 de
1172 2311 1267 2356 ella,
1289 2309 1343 2348 de
1362 2321 1539 2347 manera
1556 2321 1639 2359 que
1663 2320 1745 2346 con

120 2382 277 2419 mucha
298 2382 497 2420 clausura
520 2396 545 2432 y
566 2382 762 2433 quieturi,
786 2383 907 2433 quasi
930 2395 1057 2421 corno
1090 2383 1123 2419 si
1154 2395 1210 2419 no
1250 2382 1403 2419 vuiese
1441 2380 1560 2426 ebra,
1598 2378 1747 2431 pudie-

120 2466 199 2491 Sen
220 2453 432 2490 habitarla
453 2454 518 2491 105
548 2460 769 2501 nuestros3
800 2467 826 2503 y
857 2456 949 2491 ansi
980 2453 1180 2491 instando
1204 2453 1363 2490 mucho
1387 2453 1425 2489 61
1446 2452 1465 2470 a
1487 2451 1625 2489 Padre
1647 2463 1744 2501 pro-

119 2524 275 2563 uincial
296 2528 323 2572 ³,
349 2524 551 2563 diciendo
570 2539 654 2575 que
677 2539 731 2576 ya
752 2526 790 2564 le
814 2525 926 2563 (1666
945 2526 983 2563 61
1002 2525 1206 2570 6611161161
1228 2537 1307 2575 por
1329 2536 1466 2575 agora
1489 2523 1585 2560 cien
1602 2523 1745 2560 reales

118 2610 145 2646 y
166 2608 251 2634 vna
273 2608 404 2647 carga
424 2595 479 2633 (16
501 2596 616 2647 trigo
640 2596 748 2635 cada
768 2609 861 2634 mes
882 2609 986 2648 para
1007 2596 1045 2634 16
1067 2595 1370 2634 sustentacic'm
1392 2594 1445 2632 de
1469 2599 1623 2644 quatro
1646 2605 1741 2643 per-

164 2733 184 2753 a
233 2732 370 2770 Prius
387 2745 411 2769 a
429 2744 514 2769 nro.
536 2732 661 2770 delet.
682 2744 768 2771 nro.

167 2867 176 2886 ¹
228 2863 291 2902 Ex
308 2863 562 2910 autographo
581 2863 620 2899 in
638 2862 775 2900 codice
794 2862 922 2909 Hisp.
946 2862 1013 2904 97,
1038 2863 1052 2898 1
1072 2862 1157 2903 fol.,
1177 2874 1220 2897 n.
1248 2860 1326 2907 1473
1346 2861 1458 2907 prius
1477 2860 1558 2896 244.

165 2925 178 2944 ²
227 2923 469 2963 Franciscus
487 2923 536 2959 de
555 2922 754 2959 Mendoza
775 2927 813 2959 et
833 2921 1058 2960 Bobadilla.

163 2985 176 3004 ⁸
230 2983 274 3021 P.
296 2983 501 3021 Antonius
520 2983 570 3020 de
588 2982 741 3019 Araoz.
