2095 3623
459 322 506 360 20
916 324 967 364 L1
977 337 1135 364 frama
1169 326 1525 373 QUAoffiMffisTREs

413 420 477 458 rio
508 422 840 461 sacratissimam
869 423 1107 474 suscipiunt
1138 423 1506 471 communionem3
1534 435 1677 473 neque
1700 421 1792 460 sine
1823 418 2040 460 lachrimis

414 491 647 541 interdum,
672 499 717 531 ut
748 495 840 545 ipse
872 495 1035 533 notaui.
1060 496 1228 534 Horum
1258 495 1481 533 hominum
1511 493 1641 544 (inter
1664 505 1773 544 quos
1797 497 1840 530 et
1873 491 2043 530 nobiles

416 569 514 600 sunt
548 565 760 614 nonnulli)
790 565 1088 616 integritatem
1119 566 1335 616 animique
1367 564 1602 604 candorem
1630 564 1665 602 si
1695 564 1865 614 aperire
1896 562 2041 608 velim,

415 647 502 672 non
531 636 626 686 plus
657 649 798 687 agam,
823 650 950 687 quam
973 638 1007 675 si
1038 651 1135 676 cum
1166 639 1336 676 ratione
1366 636 1591 675 insaniam.
1617 635 1783 673 Omitto
1815 634 2044 672 maximam

417 705 643 743 mulierum
666 707 987 746 multitudinem
1008 721 1033 746 a
1053 709 1213 746 nostris
1234 706 1539 746 sacerdotibus
1560 706 1603 744 in
1625 705 1735 743 aede
1767 706 1930 743 Beatae
1953 705 2045 743 Vir-

416 775 526 827 ginis
543 776 696 825 audiri,
717 784 761 815 et
778 778 949 816 ardenti
964 779 1007 817 in
1024 780 1242 818 Christum
1260 791 1409 817 amore
1426 776 1753 823 communicari,
1770 776 1924 826 quibus
1941 776 1976 813 si
1993 773 2045 813 ad

417 853 613 886 nostrum
636 850 843 887 sacellum
864 849 1006 888 aditus
1027 856 1214 901 pateret,
1239 864 1326 888 non
1344 849 1521 887 dubium
1543 848 1646 885 mihi
1669 852 1749 894 est,
1773 846 1874 897 quin
1894 846 2046 884 foemi-

416 932 493 957 nas
515 931 673 970 capere
694 933 781 958 non
810 926 977 971 posset,
1000 926 1168 960 tantum
1190 923 1314 960 abest
1336 926 1382 958 ut
1404 919 1485 958 viri
1508 924 1552 957 et
1572 919 1778 956 mulieres
1801 918 1926 955 simul
1948 929 2046 954 esse

416 995 610 1040 possent.
645 991 757 1030 Hinc
777 992 839 1040 fit,
878 997 923 1030 ut
953 993 1255 1044 quamplurimi
1290 1005 1419 1030 vnam
1453 992 1605 1029 horam
1639 990 1784 1040 potius
1819 988 2047 1027 nobiscum

415 1068 593 1112 ponant,
618 1076 746 1113 quam
775 1067 916 1102 totum
939 1064 1054 1103 diem
1077 1078 1174 1103 cum
1201 1065 1421 1115 plerisque
1453 1076 1605 1101 eorum
1627 1062 1885 1113 quibuscum
1916 1060 2047 1098 maxi-

417 1147 485 1171 ma
505 1134 587 1171 illis
607 1134 841 1173 intercedit
864 1136 1154 1174 consuetudo.
1179 1137 1331 1186 Itaque
1353 1135 1508 1173 diebus
1528 1133 1652 1172 festis
1672 1134 1848 1183 plenum
1872 1137 1938 1170 est
1972 1133 2047 1170 ho-

416 1205 602 1243 minibus
625 1207 848 1254 sacellum,
873 1207 945 1257 qui
966 1206 1143 1245 domum
1174 1211 1367 1245 nostram
1388 1206 1684 1256 frequentant,
1715 1216 1858 1254 neque
1890 1202 2049 1240 desunt

417 1275 591 1326 quidam
615 1289 668 1314 ex
689 1277 894 1315 fratribus
915 1279 1090 1326 nostris,
1115 1278 1187 1329 qui
1205 1291 1281 1317 eos
1305 1290 1477 1327 semper
1500 1276 1798 1322 consolentur,
1824 1280 1867 1312 et
1888 1274 1942 1312 ad
1963 1287 2048 1312 ma-

417 1347 533 1384 iores
555 1347 597 1385 in
620 1348 771 1398 spiritu
800 1361 1062 1399 progressus
1092 1348 1319 1387 faciendos
1349 1348 1596 1386 hortentur.
1622 1346 1745 1384 Multi
1773 1346 1909 1383 totius
1931 1345 2048 1383 vitae

418 1418 633 1456 rationem
665 1419 945 1457 confessione
975 1420 1172 1470 generali
1207 1419 1438 1470 detegunt3
1469 1418 1541 1456 alii
1571 1418 1642 1468 qui
1671 1417 1839 1467 pudore
1861 1415 2049 1467 quodam

419 1489 665 1527 subrustico
687 1490 888 1540 perfussi,
914 1491 1092 1528 crimina
1113 1490 1309 1540 quamuis
1344 1488 1495 1541 grauia
1520 1488 1714 1539 pluribus
1736 1488 1857 1525 annis
1880 1487 2050 1524 celaue-

418 1566 528 1608 rant,
561 1564 791 1611 postquam
812 1574 860 1599 se
882 1562 936 1599 ad
967 1562 1201 1612 collegium
1247 1565 1526 1611 receperunt,
1559 1563 1809 1598 nostrorum
1847 1559 2049 1608 exemplo

418 1632 622 1681 permoti,
654 1632 823 1683 pudore
854 1633 926 1670 illo
958 1633 1049 1683 (qui
1083 1633 1164 1670 hac
1198 1633 1240 1670 in
1275 1645 1322 1670 re
1354 1632 1490 1683 turpis
1520 1631 1794 1682 perhibetur)
1830 1629 2048 1680 deposito,

422 1703 615 1741 confessi
637 1707 750 1742 sunt.

472 1785 510 1813 2.
570 1775 735 1813 Diebus
762 1774 886 1813 festis
909 1776 976 1813 Pr.
1002 1779 1164 1822 rector,
1188 1775 1385 1825 quamuis
1406 1772 1526 1813 domi
1554 1777 1734 1811 nostrae
1767 1771 2050 1811 concionatus

420 1846 474 1883 sit
495 1859 636 1894 mane,
659 1845 960 1897 pomeridiano
982 1852 1130 1884 tamen
1151 1852 1352 1897 tempore
1381 1846 1668 1884 concionatur
1690 1845 1732 1882 in
1753 1843 1864 1882 aede
1886 1845 1938 1882 D.
1963 1843 2051 1881 Sal-

420 1917 599 1965 uatoris,
623 1931 710 1956 non
741 1918 834 1955 sine
865 1930 1022 1968 magna
1052 1916 1320 1955 audientium
1350 1917 1611 1968 frequentia,
1636 1914 1934 1967 spiritualique
1955 1927 2052 1965 pro-

419 1988 552 2026 fectu.
579 1989 875 2028 Concionatur
895 1993 1127 2038 praeterea
1148 1988 1255 2026 alius
1278 2000 1333 2026 ex
1355 1987 1515 2026 nostris
1536 1987 1580 2025 in
1614 1987 1779 2038 templo
1801 1987 1853 2025 D.
1879 1985 2053 2036 Magda-

421 2059 545 2096 lenae
566 2063 667 2109 post
688 2059 963 2110 vespertinas
983 2071 1154 2109 preces,
1179 2071 1337 2109 magno
1361 2071 1458 2097 cum
1487 2059 1696 2109 applausu
1717 2057 2052 2106 auditorumque

421 2143 519 2169 cum
549 2130 876 2178 beneuolentia‚
899 2133 991 2167 tum
1023 2130 1152 2167 etiarn
1174 2129 1411 2168 animarum
1441 2129 1598 2167 fructu.
1624 2128 1854 2166 Habentur
1878 2131 1921 2165 et
1953 2139 2052 2166 con-

422 2201 572 2239 ciones
602 2200 820 2238 interdum
849 2200 892 2238 in
920 2199 1104 2250 publicis
1135 2200 1362 2248 custodiis,
1395 2200 1543 2250 ibique
1567 2199 1738 2237 detenti
1768 2198 1959 2249 benigne
1982 2210 2053 2235 au-

422 2272 610 2320 diuntur,
647 2271 901 2322 praehabita
930 2271 1072 2322 aliqua
1107 2271 1431 2310 exhortatione.
1470 2271 1597 2309 Fiunt
1632 2270 1936 2308 restitutiones
1967 2281 2054 2306 non

421 2343 542 2394 parui
563 2343 790 2390 momenti,
814 2342 1024 2381 sedantur
1046 2341 1315 2381 inimicitiae.

475 2425 514 2462 3.
573 2415 638 2452 Ex
659 2414 731 2452 illa
759 2426 890 2465 porro
912 2414 1119 2453 iuuenum
1140 2415 1382 2462 Societate,
1407 2414 1480 2465 qui
1507 2411 1736 2451 dominicis
1758 2412 1914 2450 diebus
1946 2413 2054 2449 Bea-
2094 2431 2095 2434 =

423 2491 494 2524 tae
516 2485 704 2536 Virginis
724 2497 881 2536 preces
902 2486 944 2523 in
966 2486 1125 2524 nostris
1148 2485 1309 2524 scholis
1332 2485 1562 2523 salubriter
1583 2487 1800 2535 peragunt
1823 2490 1848 2531 ¹,
1872 2483 2056 2534 plurima

422 2556 465 2594 in
486 2556 673 2594 Domino
697 2568 899 2594 emanare
931 2556 1177 2604 commoda,
1201 2555 1306 2594 illud
1329 2559 1450 2594 certe
1473 2556 1544 2593 vel
1579 2554 1769 2593 maximo
1793 2558 2054 2605 argumento

425 2638 524 2664 esse
544 2625 723 2677 poterit,
743 2627 860 2677 quod
880 2640 968 2666 non
986 2627 1115 2677 pauci
1136 2625 1320 2678 Spiritus
1337 2626 1486 2664 Sancti
1506 2624 1643 2664 afflati
1664 2624 1818 2677 gratia,
1841 2624 2056 2675 huiusque

425 2698 563 2736 seculi
582 2699 848 2737 vanitatibus
881 2699 1019 2747 exosi,
1049 2698 1309 2749 religionem
1339 2697 1527 2748 ingressi
1559 2701 1673 2744 sunt,
1697 2695 1855 2747 aliique
1885 2694 2057 2746 ingredi

425 2771 716 2808 vehementer
747 2774 915 2818 curant,
946 2760 1019 2807 ubi
1048 2768 1208 2808 mortui
1237 2768 1414 2816 mundo,
1448 2769 1544 2806 Deo
1576 2769 1642 2818 (ut
1670 2780 1746 2819 par
1776 2767 1860 2817 est)
1889 2766 2053 2805 viuant.

425 2841 534 2879 Tres
563 2841 694 2892 igitur
715 2842 858 2880 bonae
881 2841 974 2892 spei
1004 2840 1314 2879 adolescentes
1343 2838 1621 2877 hebdomada
1649 2838 1889 2889 praeterita
1919 2836 2058 2875 sancti

425 2913 643 2951 Dominici
676 2911 988 2952 monasterium
1020 2911 1259 2962 petierunt;
1295 2910 1369 2948 ubi
1403 2909 1594 2957 admissi,
1631 2908 1764 2947 alacri
1783 2908 1927 2947 animo
1958 2908 2055 2945 Deo

428 2984 618 3022 omnium
645 2984 740 3035 regi
768 2982 985 3034 intrepide
1006 2981 1216 3021 seruiunt.
1240 2981 1396 3032 Neque
1417 2980 1461 3018 hi
1481 2981 1564 3019 soli
1584 2985 1697 3028 sunt,
1722 2979 1801 3019 sed
1830 2979 1903 3018 alii
1924 2978 2054 3017 etiam
2093 2981 2095 3015 l

476 3135 485 3155 ¹
539 3131 603 3174 Cf.
621 3133 722 3172 Lz‘tt.
742 3134 993 3181 Quadrim..
1019 3131 1070 3176 V,
1093 3131 1172 3177 127,
1191 3130 1274 3177 290,
1295 3129 1377 3175 499,
1398 3129 1483 3167 628.
