1908 3446
227 246 296 284 282
716 244 935 283 LirrssnAE
961 243 1318 290 QUADRIMESTRES

186 350 352 388 dorum
372 362 598 395 versuum,
626 347 883 387 rudimenta
903 360 1080 399 graeca
1103 346 1149 385 in
1163 346 1268 398 fine
1290 344 1416 392 anni,
1445 347 1489 384 vt
1509 342 1805 383 studiosiores

184 419 586 472 diligentioresque
609 418 656 456 in
675 418 882 469 primam
904 419 1090 458 clasis-em
1108 417 1283 468 possint
1300 415 1527 468 migrare·
1552 415 1598 453 in
1613 415 1673 453 2²¹
1694 415 1805 453 clas-

183 504 226 530 se
247 493 503 530 enarratur
529 498 613 529 2.¹¹*⁵
646 489 882 535 Aeneidos,
908 489 1061 528 oratio
1086 488 1176 527 Cic.
1198 490 1286 538 pro
1309 499 1417 539 rege
1447 486 1682 532 Deiotaro,
1702 488 1805 536 pro-

180 565 419 614 ponuntur
450 561 712 601 rudimenta
736 561 1000 608 rhetorices,
1028 559 1247 600 Clenardi
1264 557 1582 611 grammatica
1605 560 1644 597 et
1666 557 1807 596 dialo-

185 633 242 686 gi
264 633 461 673 Luciani
482 631 674 672 alternis
695 632 864 677 dietum
885 631 930 670 in
947 630 1103 682 prima
1127 632 1307 670 tandem
1328 631 1478 669 exacte
1501 628 1747 668 rhetorices
1769 631 1807 668 et

183 719 385 757 graecae
422 705 613 756 linguae
647 705 858 754 precepta
900 705 1170 748 traduntur,-
1206 714 1258 740 ac
1297 702 1338 739 in
1379 701 1592 748 omnibus,
1634 705 1808 751 praeter

186 790 313 828 quam
334 777 376 815 in
394 775 554 815 vltz'ma
575 782 609 822 a,
632 774 987 826 praescribuntur
1004 774 1212 812 idiomata
1230 773 1301 811 vel
1319 774 1514 810 themata
1528 784 1606 823 pro
1625 770 1808 822 discipu-

184 850 323 887 lorum
341 852 483 898 captu,
504 858 614 898 quae
633 846 765 885 latine
785 851 1064 897 componant.
1086 847 1325 883 Praeterea
1346 844 1525 895 singulis
1542 843 1698 882 diebus
1715 844 1807 881 sab-

183 920 272 958 bati
294 919 335 957 in
359 918 656 970 superioribus
679 918 888 956 classibus
909 918 1105 968 priuatae
1124 917 1347 956 orationes
1368 916 1583 954 habentur
1600 915 1655 954 de
1676 914 1806 954 laudi·

184 992 263 1029 bus
287 990 356 1028 vel
378 990 587 1028 virtutum
605 989 676 1027 vel
698 989 937 1035 literarum,
959 992 1002 1026 et
1019 989 1133 1026 solet
1149 992 1411 1039 praeceptor
1430 1000 1528 1026 eum
1546 987 1618 1037 qui
1636 988 1808 1039 elegan-

185 1062 268 1100 tius
291 1067 335 1099 et
358 1061 578 1112 copiosius
614 1061 750 1099 verba
771 1060 891 1107 fecit,
915 1060 1088 1111 publice
1110 1059 1301 1098 laudare.
1326 1058 1451 1097 Initio
1484 1059 1600 1097 veris
1634 1059 1807 1110 publice

184 1134 349 1184 aliquot
384 1133 402 1157 b
437 1131 633 1183 discipuli
651 1132 816 1182 primae
839 1131 989 1170 classis
1010 1131 1095 1169 bini
1120 1131 1255 1169 verba
1275 1131 1491 1178 fecerunt,
1516 1131 1624 1169 alter
1661 1131 1809 1169 carmi-

184 1217 253 1251 ne,
278 1204 387 1242 alter
410 1202 609 1242 oratione
631 1204 787 1241 soluta.

243 1285 302 1325 15.
365 1277 602 1314 Praeterea
623 1276 862 1313 constituta
882 1275 1007 1313 fuere
1028 1274 1197 1325 priuata
1218 1275 1410 1325 praemia
1431 1274 1471 1312 in
1504 1274 1684 1325 singulis
1706 1275 1810 1312 clas-

184 1348 305 1386 sibus
327 1346 550 1398 discipulis
572 1346 938 1398 diligentioribus,
962 1359 1073 1397 quae
1097 1346 1199 1384 licet
1220 1346 1349 1393 leuia,
1373 1346 1531 1397 quippe
1554 1358 1664 1396 quae
1688 1358 1811 1384 coro·

184 1432 267 1457 nae
285 1420 357 1458 vel
378 1419 555 1456 laureae
575 1418 645 1456 vel
668 1430 841 1464 roseae,
866 1416 1082 1456 reddebat
1103 1423 1250 1455 tamen
1271 1417 1454 1456 honoris
1473 1420 1516 1455 et
1537 1417 1704 1468 gloriae
1725 1422 1811 1455 stu-

185 1491 301 1529 dium
342 1491 493 1542 grauia
534 1495 576 1527 et
616 1490 826 1540 pretiosa3
870 1493 991 1527 erant
1033 1487 1145 1527 enim
1187 1489 1349 1526 classes
1391 1493 1571 1527 ornatae
1608 1494 1652 1527 et
1691 1489 1811 1527 locus

185 1563 538 1601 constituebatur
575 1560 776 1599 omnibus
811 1560 1088 1611 conspicuus,
1128 1558 1199 1597 vbi
1234 1559 1449 1598 sedebant
1483 1560 1631 1598 laurea
1665 1559 1812 1598 donati

184 1633 388 1685 quamdiu
420 1633 488 1671 alii
521 1631 812 1684 disputabant.
847 1631 1059 1670 Solebant
1089 1631 1247 1669 adesse
1279 1632 1324 1669 P.
1350 1631 1517 1670 Doctor
1539 1631 1701 1670 Torres
1737 1632 1812 1669 'et

186 1707 231 1743 P.
258 1710 404 1744 rector
425 1709 438 1728 ¹
461 1710 505 1743 et
527 1703 723 1743 nonnulli
744 1704 814 1742 alii
837 1705 990 1742 Patres
1013 1708 1056 1742 et
1077 1703 1249 1750 fratres,
1269 1715 1354 1754 quo
1377 1702 1506 1741 valde
1534 1703 1717 1742 iuuenes
1737 1703 1811 1741 ho-

184 1777 302 1816 noris
320 1776 557 1827 cupiditate
575 1774 946 1814 accendebantur.
972 1775 1061 1813 Iam
1078 1787 1185 1812 uero
1208 1775 1400 1825 praemia
1422 1775 1577 1813 victori
1594 1774 1809 1821 tradebat,

184 1848 416 1898 proferens
448 1846 624 1897 aliquod
661 1845 942 1898 epigramma,
965 1845 1173 1896 puerulus
1195 1844 1315 1883 cultu
1337 1845 1529 1896 eleganti
1552 1850 1595 1883 et
1618 1845 1812 1884 vestibus

186 1924 379 1957 ornatus.
406 1919 511 1956 Post
531 1918 642 1956 haec
663 1916 824 1955 deinde
845 1915 1015 1967 priuata
1043 1916 1251 1967 praemia,
1275 1915 1489 1967 quaedam
1519 1916 1692 1967 publica
1713 1928 1812 1954 con-

185 1992 336 2029 stituta
357 1995 472 2037 sunt3
497 1994 675 2028 ornatus
698 1989 778 2027 fuit
809 1989 944 2027 maior
977 1993 1021 2026 et
1052 2001 1292 2027 concursus
1322 1988 1427 2026 item
1458 1988 1731 2027 literatorum
1754 1989 1812 2026 vi-

185 2076 345 2101 rorum.
372 2061 495 2101 Inter
516 2073 625 2111 qnos
648 2059 798 2112 affuit
819 2060 875 2098 D.
900 2058 1134 2098 Martinus
1155 2059 1341 2106 Perera,
1366 2071 1634 2098 aeconomus
1650 2059 1706 2098 D.
1726 2059 1812 2097 An-

185 2133 302 2173 tonii
330 2132 570 2184 principis.
607 2132 718 2171 Cum
753 2130 884 2183 igitur
921 2143 1073 2170 omnes
1108 2129 1327 2169 silentium
1361 2130 1572 2178 facerent,
1593 2129 1767 2180 quidam
1790 2143 1812 2168 e

185 2210 398 2256 suggestu
434 2204 562 2242 solita
599 2203 800 2242 oratione
835 2201 984 2241 dicere
1020 2202 1183 2252 coepit.
1220 2202 1328 2240 Post
1364 2201 1608 2240 orationem
1641 2200 1812 2252 publice

187 2277 332 2315 vocati
368 2279 467 2314 sunt
504 2275 576 2326 qui
610 2274 778 2326 premia
817 2274 988 2312 solutae
1025 2272 1234 2311 orationis
1270 2273 1310 2311 in
1349 2273 1539 2324 quinque
1579 2272 1814 2324 gymnasiis

187 2347 331 2386 meriti
351 2347 491 2394 fuere,
518 2352 562 2384 et
584 2345 734 2384 donati
769 2350 868 2383 sunt
897 2344 1074 2395 premiis
1104 2357 1129 2382 a
1163 2343 1351 2394 quodam
1371 2356 1509 2394 puero
1532 2344 1634 2382 satis
1658 2344 1698 2381 et
1729 2343 1813 2381 ele-

187 2423 341 2470 ganter
373 2424 416 2457 et
446 2418 634 2456 honeste
668 2422 838 2464 ornato,
862 2417 931 2467 qui
964 2416 1144 2467 singulis
1174 2416 1344 2467 singula
1375 2416 1688 2467 epigrammata
1718 2428 1812 2453 cum

187 2492 276 2530 sale
294 2491 523 2529 recitabat.
544 2491 667 2528 Haec
686 2488 943 2539 subsequuti
964 2494 1063 2526 sunt
1080 2487 1254 2539 quidam
1272 2488 1409 2535 chori>
1429 2487 1501 2538 qui
1518 2487 1640 2526 suaui
1656 2500 1813 2525 vocum

187 2568 406 2602 concentu
437 2561 613 2613 saphica
633 2560 848 2612 quaedam
880 2559 1186 2615 concinebant.
1211 2559 1379 2598 Eodem
1411 2557 1542 2598 modo
1573 2563 1717 2597 actum
1749 2563 1815 2597 est

185 2635 227 2672 in
262 2634 465 2684 praemiis
488 2633 697 2672 orationis
727 2643 916 2683 graecae
939 2636 982 2669 et
1013 2630 1229 2669 carminis.
1253 2630 1363 2668 Tum
1385 2629 1550 2668 dimissi
1572 2635 1671 2668 sunt
1697 2627 1813 2668 audi-

186 2711 308 2743 tores
329 2701 517 2755 quodam
541 2703 871 2754 epigrammate.

233 2854 253 2874 ²¹
303 2866 365 2892 ea.
418 2854 485 2879 —b
507 2852 655 2899 Supra
674 2862 784 2890 vers.

236 3000 246 3020 ¹
298 2997 344 3036 P.
370 2997 547 3035 Michael
566 2996 730 3042 Torres,
750 2995 1022 3044 provincialis

235 3058 248 3078 ²
300 3057 408 3095 Vide
428 3055 611 3094 inferius.
