1908 3446
559 254 942 291 365smV1N00130NA
971 251 1018 288 30
1049 251 1223 287 Amris
1254 250 1342 286 1560
1649 247 1718 284 603

138 359 370 397 commodo
394 363 591 409 possunt,
618 361 866 394 conuocant
888 360 1019 404 atque
1042 357 1256 403 cognatos
1293 359 1317 389 ¹.
1356 352 1559 388 Fatemur
1594 350 1764 387 interim

136 444 221 468 non
257 429 416 467 deesse
450 428 521 479 qui
556 428 738 465 timeant
773 426 934 464 nostris
966 424 1182 470 confiteri,
1207 437 1259 461 ne
1284 422 1426 460 studia
1448 433 1525 459 sua
1546 421 1765 471 uitamque

135 508 382 539 anteactam
423 513 519 538 cum
561 499 815 536 melioribus
856 500 1140 539 commutare,
1180 500 1224 531 et
1264 494 1317 532 ad
1358 493 1538 531 consilia
1578 492 1765 542 aspirare

138 573 394 623 euangelica
415 576 645 622 cogantur.
670 570 881 608 Obtinent
903 568 1014 606 inter
1036 566 1116 604 alia
1138 566 1295 611 media,
1320 565 1475 615 quibus
1497 565 1537 602 in
1561 562 1767 614 colligen-

135 643 190 682 do
214 644 358 681 tritico
382 644 422 680 in
445 643 654 680 horreum
677 639 941 678 dominicum
965 639 1138 684 utimur,
1163 638 1306 675 locum
1329 636 1531 686 profecto
1554 648 1642 673 non
1677 634 1767 672 infi-

137 728 250 752 mum
277 713 535 764 euangelice
558 713 812 751 conciones.

189 796 226 824 2.
290 786 414 835 Quae
437 783 612 834 quidem
635 784 698 832 (ut
721 783 773 821 de
798 783 863 820 his
885 780 1043 832 aliquid
1065 780 1284 829 referam),
1307 778 1417 817 sicut
1449 783 1548 816 sunt
1582 778 1653 816 hic
1673 791 1768 828 per-

136 857 428 903 necessariae,
452 856 512 894 ita
528 867 703 906 quoque
726 855 832 892 fiunt
854 867 877 891 a
898 853 1057 892 nostris
1078 865 1166 890 non
1188 851 1502 901 infrequentes
1527 850 1593 888 Ac
1609 850 1769 888 crescit

136 929 176 967 in
199 928 293 967 dies
314 928 561 967 auditorum
597 940 819 964 numerus.
854 925 1153 964 Ecclesiasten
1188 924 1277 973 agit
1312 923 1354 961 in
1390 922 1579 973 collegio
1615 927 1768 960 nostro

139 1003 187 1039 1,).
228 1001 486 1039 Lambertus
520 998 549 1045 2;
585 999 657 1048 qui
693 999 727 1036 si
756 1002 924 1049 pergat,
958 1002 1004 1034 ut
1027 996 1189 1046 coepit,
1214 1008 1300 1033 non
1322 994 1570 1032 dubitamus
1591 995 1692 1045 quin
1715 995 1768 1032 tle

138 1074 371 1112 multorum
394 1072 447 1110 ad
470 1084 618 1109 ueram
644 1076 686 1107 et
708 1071 927 1120 antiquam
949 1068 1081 1107 fidem
1104 1066 1364 1105 reductione
1397 1072 1441 1104 et
1472 1078 1577 1104 uera
1611 1078 1635 1103 a
1668 1078 1768 1117 pec-

137 1146 244 1184 catis
266 1144 319 1183 ad
342 1144 483 1182 Deum
501 1143 792 1181 conuersione
813 1142 892 1179 sibi
910 1138 1283 1191 congratulabitur
1300 1138 1530 1189 aliquando
1554 1138 1767 1176 Ecclesia.

140 1217 347 1267 Spiritum
368 1217 503 1254 habet
526 1221 570 1253 et
593 1215 815 1265 energiam
838 1213 879 1251 in
901 1211 1088 1251 dicendo
1121 1211 1400 1262 singularem.
1434 1210 1640 1248 Emolliet
1674 1222 1771 1260 pro-

138 1290 205 1327 cul
228 1288 360 1327 dubio
398 1287 612 1326 obdurata
646 1286 773 1324 huius
803 1286 949 1336 populi
981 1283 1129 1331 corda,
1162 1282 1469 1322 ardentissima
1488 1282 1560 1320 illa
1580 1295 1707 1333 quam
1729 1282 1770 1320 in

138 1360 325 1398 dicendo
349 1372 453 1410 prae
476 1371 523 1397 se
545 1359 631 1396 fert
653 1357 882 1396 charitate.
907 1358 1017 1394 Nam
1055 1356 1136 1393 etsi
1173 1368 1251 1393 suo
1284 1361 1484 1406 tempore
1520 1360 1688 1405 arguat,
1728 1360 1772 1392 et

137 1431 313 1482 quidem
349 1431 557 1482 grauiter,
581 1429 843 1479 nimiamque
865 1427 1014 1478 populi
1036 1426 1373 1477 simplicitatem,
1398 1439 1476 1464 seu
1499 1426 1645 1463 uerius
1668 1424 1771 1463 leui-

137 1508 289 1550 tatem,
315 1502 491 1540 damnet
513 1499 798 1551 increpando,
822 1499 960 1549 magis
980 1502 1127 1536 tamen
1150 1498 1530 1536 obsecrationibus
1552 1497 1613 1535 uti
1641 1497 1770 1544 solet,

138 1580 183 1612 et
217 1573 380 1612 sedulis
415 1571 469 1611 ad
503 1573 715 1622 pietatem
753 1568 1148 1608 exhortationibus.
1188 1570 1329 1619 Quam
1364 1582 1456 1607 rem
1492 1580 1695 1619 magnum
1730 1567 1772 1606 in

141 1644 444 1684 conuertenda
466 1643 704 1683 Germania
725 1642 890 1680 habere
913 1647 1181 1679 momentum
1204 1640 1457 1691 quotidiana
1491 1645 1678 1678 testatur
1701 1652 1773 1677 ex-

138 1716 365 1768 perientia,
400 1722 445 1754 et
478 1727 531 1753 ex
556 1714 859 1754 confitentium
882 1718 1012 1764 atque
1037 1712 1449 1752 communicantium
1473 1712 1602 1750 solito
1624 1724 1773 1750 nume-

138 1789 294 1827 rosiori
317 1785 594 1826 multitudine
612 1786 760 1836 colligi
781 1798 868 1823 non
891 1786 1078 1823 obscure
1099 1788 1264 1835 potest.
1286 1784 1406 1822 Multi
1423 1789 1674 1822 nostrorum
1696 1784 1774 1821 Pa-

139 1867 251 1898 trum
273 1872 324 1898 ac
343 1859 525 1897 fratrum
546 1858 642 1906 alijs
663 1858 772 1895 locis
794 1856 1157 1907 quadragesimae
1179 1860 1394 1906 tempore,
1418 1867 1469 1892 ac
1491 1867 1623 1905 saepe
1643 1854 1774 1893 etiam

137 1938 308 1983 postea,
328 1943 486 1982 magno
505 1942 601 1967 cum
620 1941 837 1967 concursu
858 1940 911 1966 au
925 1928 1105 1965 ..itorum
1128 1940 1227 1965 suas
1249 1926 1489 1965 conciones
1509 1926 1771 1964 habuerunt.

140 2003 204 2040 Fit
228 2002 342 2041 enim
374 2002 630 2052 plerumque
663 2006 709 2038 ut
743 2000 785 2037 in
820 2000 902 2037 hac
937 1999 1118 2037 ciuitate
1152 1997 1438 2036 ecclesiarum
1474 2010 1684 2048 proceres
1719 1998 1773 2036 ad

139 2088 219 2113 nos
260 2073 448 2114 maxime
484 2073 717 2124 refugiant,
761 2071 972 2122 siquando
1014 2069 1401 2109 concionatoribus
1442 2083 1552 2120 opus
1591 2069 1770 2108 habent.

141 2147 447 2185 Destituuntur
466 2146 597 2191 enim,
617 2149 663 2182 ut
683 2144 929 2194 plurimum,
954 2142 1050 2180 fidis
1072 2140 1447 2193 dispensatoribus
1464 2142 1775 2191 mysteriorum

141 2218 237 2264 Dei,
262 2216 335 2268 qui
354 2216 517 2267 populo
541 2215 783 2254 catholicae
806 2214 909 2252 fidei
931 2213 1139 2264 dogmata
1171 2226 1250 2264 pro
1286 2213 1500 2264 dignitate
1537 2214 1773 2263 explicent.

141 2295 182 2326 et
243 2287 566 2339 quamplurimis
605 2286 809 2336 antiquae
849 2285 1026 2336 pietatis
1068 2284 1280 2335 exemplis
1319 2285 1653 2323 saluberrimum
1692 2285 1775 2323 iter

141 2362 407 2409 praeparent
427 2363 559 2408 atque
580 2363 840 2408 proponant.
866 2356 911 2393 In
934 2354 1175 2393 cathedrali
1197 2356 1401 2402 ecclesia,
1426 2355 1528 2393 dum
1549 2368 1637 2394 non
1671 2356 1775 2395 licet

140 2443 217 2480 per
254 2429 572 2480 occupationes
607 2430 679 2467 uel
709 2428 1007 2466 ualetudinem
1043 2427 1151 2465 R.¹1²0
1183 2427 1391 2478 episcopo
1422 2432 1450 2474 ³,
1483 2428 1623 2466 nostri
1644 2428 1776 2479 ipsius

142 2502 262 2540 uices
299 2501 341 2539 in
370 2499 661 2540 concionandi
683 2512 865 2538 munere
887 2511 1045 2551 gerere
1067 2504 1292 2550 rogantur,
1316 2498 1446 2549 idque
1468 2511 1775 2550 nonnunquam

142 2577 354 2624 prestant.

195 2656 232 2692 3.
297 2644 423 2682 Adeo
448 2657 501 2682 ea
521 2657 633 2695 quae
656 2649 754 2682 sunt
777 2643 972 2682 dicturus
993 2642 1035 2680 in
1065 2642 1402 2681 desuetudinem
1433 2642 1629 2680 abierant
1665 2642 1777 2693 apud

142 2716 424 2763 viennenses,
464 2721 510 2753 ut
544 2714 717 2766 quando
754 2714 808 2752 de
844 2715 896 2763 ijs
932 2714 1191 2764 cogitamUS,
1215 2714 1422 2752 miraculo
1447 2726 1546 2752 esse
1566 2712 1778 2765 pietatem

145 2788 367 2839 antiquam
389 2788 476 2833 huc
497 2792 751 2826 reuocatam
772 2791 992 2837 putemus.
1018 2786 1210 2824 Fuerunt
1231 2798 1540 2836 germanorum
1575 2786 1778 2836 permulti

192 2945 201 2966 ¹
255 2944 373 2988 an..
393 2942 491 2986 XV,
511 2942 534 2980 8
551 2955 637 2990 sqq.

196 3003 209 3023 ²
260 3002 307 3040 P.
327 3002 575 3040 Lambertus
593 3001 724 3039 Auer.

192 3063 205 3083 ³
260 3061 466 3100 Antonius
484 3060 590 3099 Brus
608 3061 658 3099 de
677 3060 864 3108 Muglitz‚
