1908 3446
221 220 290 258 1130
685 217 906 256 LITTERAE
931 217 1022 263 ΩυΛ
1032 225 1286 254 omunsraas

929 461 1037 512 322

901 603 960 649 N.
1008 603 1068 649 N.

710 746 888 774 COLONIA
916 746 1097 772 [NEUNTE
1123 733 1212 770 1560
1242 735 1264 771 ¹.

176 852 209 889 1.
244 850 487 889 Sociorum
516 861 747 887 numerus.
785 849 955 887 Eorum
991 848 1107 886 lans.
1145 844 1303 895 Aliqui
1332 844 1527 882 Romam
1557 841 1678 880 mitti?
1703 844 1796 892 pot-

255 918 401 955 erunt.
443 913 780 953 Coloniensimn
815 926 931 965 erga
967 912 1235 951 Societatem
1265 907 1533 949 sensus.-2.
1571 906 1797 946 Convicto-

256 994 327 1020 res
363 980 531 1030 aliique
562 979 776 1030 discipuli
804 979 851 1018 in
873 978 1040 1018 litteris
1060 979 1099 1017 et
1122 976 1249 1015 bonis
1270 975 1475 1015 moribus
1492 972 1797 1023 progrediun-

256 1049 345 1085 tur.
385 1046 560 1084 Eorum
595 1044 743 1095 aliqui
781 1046 840 1083 ad
878 1043 1112 1083 ecclesiam
1142 1043 1403 1094 juvandam
1444 1036 1798 1077 inclinantur.—

253 1111 293 1151 3.
321 1111 559 1150 Contiones
581 1110 628 1149 in
643 1123 819 1149 summo
843 1110 1002 1160 templo
1021 1109 1260 1148 habentur.
1287 1106 1396 1157 spes
1413 1107 1475 1145 est
1491 1116 1609 1142 nova
1629 1103 1799 1153 aliquot

255 1176 452 1228 collegia
467 1176 724 1228 fundatum
747 1175 823 1214 iri.

233 1315 265 1342 1.
327 1302 599 1352 Quamquam
632 1301 780 1352 paucis
815 1305 915 1338 ante
952 1298 1105 1337 diebus
1141 1299 1189 1336 R.
1228 1299 1274 1336 P.
1298 1297 1354 1335 de
1386 1301 1502 1335 statu
1539 1293 1799 1334 coloniensis

177 1375 351 1425 collegij
375 1374 583 1424 scriptum
607 1378 687 1418 est,
712 1377 858 1409 tamen
885 1370 985 1421 quia
1007 1376 1157 1408 sancta
1180 1367 1433 1406 obedientia
1467 1379 1547 1405 nos
1578 1366 1797 1413 admonet,

177 1453 223 1485 vt
244 1445 585 1497 quadrimestres
608 1444 755 1482 literas
779 1455 1109 1493 componamus,
1129 1441 1336 1479 nonnulla
1357 1444 1564 1490 repetere
1585 1438 1798 1485 volumus,

179 1519 219 1555 et
239 1516 409 1568 plenius
441 1515 610 1566 singula
643 1514 880 1565 explicare,
904 1526 989 1564 quo
1021 1525 1150 1563 quern
1183 1511 1370 1549 fructum
1404 1508 1672 1549 coloniensis
1700 1520 1802 1559 ager

177 1589 345 1628 adferat
366 1590 414 1626 R.
440 1589 484 1625 P.
508 1588 557 1626 T.
583 1587 815 1637 intelliget,
841 1590 884 1624 et
907 1585 1117 1623 maiorem
1140 1583 1180 1621 ei
1211 1596 1235 1621 a
1264 1583 1359 1620 Deo
1382 1582 1653 1620 fertilitatem
1684 1592 1801 1618 sanc-

178 1661 232 1698 tis
263 1661 347 1698 tuis
386 1659 590 1710 precibus
627 1664 670 1696 et
711 1656 935 1705 sacrificijs
974 1655 1199 1706 impetres.
1242 1653 1415 1692 Utinam
1456 1658 1603 1690 autem
1638 1651 1801 1689 fructus

179 1732 270 1783 agri
306 1730 444 1769 nostri
476 1735 563 1767 tam
598 1729 760 1767 vberes
796 1732 945 1766 essent
979 1732 1110 1777 atque
1147 1726 1328 1763 aliorum
1365 1723 1654 1774 collegiorum
1690 1725 1800 1760 sunt.

181 1801 411 1853 Praecipui
441 1802 511 1839 hic
527 1801 694 1839 fructus
715 1800 757 1838 in
776 1800 1012 1849 juuentute
1034 1802 1133 1835 sunt
1155 1796 1301 1848 positi,
1326 1795 1424 1846 quia
1443 1795 1463 1813 a
1484 1793 1672 1833 caeteris
1693 1797 1801 1831 trac-

177 1874 402 1912 tabiliores
435 1878 478 1911 et
509 1872 562 1911 ad
593 1871 853 1923 religionem
885 1875 929 1908 et
964 1869 1173 1907 virtutem
1208 1868 1521 1918 propensiores
1555 1870 1655 1903 sunt
1684 1864 1800 1902 iuue-

176 1958 271 1993 nes,
311 1944 353 1982 id
393 1942 511 1995 quod
549 1944 756 1994 frequens
792 1954 944 1980 eorum
980 1940 1034 1978 ad
1074 1939 1346 1978 Societatem
1375 1937 1599 1989 ingressus
1630 1934 1800 1974 abunde

177 2016 280 2055 satis
316 2017 524 2054 declarat.
562 2016 672 2053 Sunt
706 2026 895 2065 namque
931 2013 1001 2051 hic
1036 2012 1251 2050 Coloniae
1286 2011 1326 2048 in
1363 2009 1588 2048 Societate
1622 2019 1800 2046 numero

176 2087 503 2139 quinquaginta,
523 2099 632 2138 quos
655 2085 735 2124 sibi
757 2083 914 2135 selegit
938 2082 1166 2129 Dominus,
1190 2087 1238 2119 vt
1258 2081 1524 2119 Germaniae
1546 2079 1801 2129 Galliaeque

178 2172 305 2210 opem
328 2158 478 2197 debito
500 2162 701 2208 tempore
723 2156 909 2203 adferat3
932 2153 973 2193 in
990 2166 1117 2205 quam
1139 2166 1220 2191 nos
1242 2152 1558 2203 cogitationem
1582 2149 1801 2188 deducunt

176 2231 400 2282 praeclara
423 2242 574 2268 eorum
596 2228 787 2279 ingenia,
812 2226 994 2278 egregia
1014 2230 1197 2263 naturae
1219 2236 1415 2270 munera,
1438 2222 1662 2273 improbus
1684 2221 1802 2259 labor

179 2308 223 2340 et
244 2301 359 2340 haud
380 2300 676 2352 poenitendus
697 2299 739 2337 in
760 2299 898 2337 literis
921 2296 1183 2346 virtutisque
1211 2295 1301 2343 [sic]
1326 2294 1566 2345 profectus.
1592 2291 1801 2331 Sacerdo'-

181 2378 248 2411 tes
273 2379 371 2412 sunt
402 2378 588 2423 septem,
612 2370 766 2422 quibus
788 2369 912 2408 breui
935 2369 1021 2407 duo
1053 2367 1283 2412 accedent3
1308 2366 1483 2405 ordines
1506 2365 1619 2404 enim
1642 2364 1802 2414 aliquot

179 2447 233 2484 M.
258 2445 495 2484 Balduinus
517 2445 570 2482 ab
592 2443 762 2494 Angelo
788 2447 831 2480 et
854 2442 908 2480 M.
930 2441 1148 2479 Henricus
1165 2439 1380 2480 Somalius
1396 2439 1480 2476 iam
1500 2440 1800 2487 susceperunt3

177 2517 332 2556 artium
360 2516 556 2567 magistri
577 2514 750 2560 decem;
780 2513 1056 2552 baccalaurei
1086 2509 1423 2562 septemdecim3
1446 2508 1577 2560 logici
1598 2507 1800 2559 quinque3

223 2655 243 2675 a
292 2667 413 2702 quam
433 2654 480 2699 [Ρ]
502 2664 582 2690 ms.

226 2790 233 2808 ¹
286 2787 349 2825 Ex
367 2797 507 2833 apogr.
528 2783 625 2821 satis
653 2781 900 2829 imperfecto,
931 2781 969 2816 in
996 2779 1082 2817 cod.
1115 2779 1329 2816 Colom'en.
1361 2777 1398 2822 9,
1428 2775 1469 2814 ff.
1502 2774 1649 2813 35-36.
1682 2773 1800 2812 Edita

178 2853 238 2886 est
264 2847 370 2895 apud
396 2845 585 2886 HANSEN,
614 2842 877 2879 Rheim'sche
903 2839 1101 2882 Akten...,
1135 2838 1206 2874 340
1234 2850 1337 2886 sqq.,
1370 2837 1437 2874 ubi
1464 2836 1581 2884 plura
1612 2834 1661 2872 ad
1690 2834 1799 2870 illam

176 2906 459 2945 illustrandam
486 2903 682 2941 invenies.
716 2901 870 2939 Mensis
906 2907 945 2938 et
980 2900 1065 2937 dies
1091 2910 1170 2945 quo
1204 2897 1353 2944 scripta
1388 2900 1461 2941 est,
1494 2895 1620 2939 deest;
1653 2893 1722 2930 sed
1752 2903 1800 2928 ex

175 2966 475 3015 comparatione
489 2977 579 3001 cum
594 2962 927 3000 antecedentibus
943 2965 983 2998 et
997 2957 1332 3004 subsequentibus
1346 2960 1515 3004 apparet
1531 2967 1621 2992 eam
1638 2954 1799 2991 ineunte

178 3040 282 3065 anno
300 3026 491 3073 scriptam
508 3035 610 3061 esse.

1883 834 1908 880 U'

1895 888 1897 906 l

1858 1063 1902 1168 ,ᾗ

1858 1183 1860 1185 “
1899 1182 1902 1206 l

1866 2325 1871 2330 Η
1887 2302 1908 2322 (Ὦ

1866 2375 1871 2403 ι’
1887 2375 1908 2399 (Ἰ
