1908 3446
280 232 350 273 288
747 235 967 277 LITTERAE
994 238 1354 287 QUADmMEsTREs

233 326 332 365 mat,
354 328 401 359 ut
434 335 482 360 se
511 328 631 361 totos
662 322 834 362 diuinae
865 325 1019 375 pietati
1051 326 1341 374 committant,
1377 339 1428 365 ac
1464 326 1726 377 praesidium
1748 327 1859 366 illius

233 390 386 430 sedulo
409 393 657 443 implorent,
682 408 766 444 quo
790 397 1162 445 perseuerantiam
1186 396 1349 435 donare
1379 397 1599 448 dignetur.
1633 399 1750 436 Inter
1780 400 1860 437 hos

232 475 340 500 vnus
364 469 431 501 est
460 466 784 516 neomagiensis
827 467 991 514 rhetor,
1013 467 1274 506 adolescens
1306 468 1610 519 duodeuiginti
1632 482 1857 517 annorum,

230 541 405 583 praeter
446 537 669 587 egregiam
709 536 902 576 indolem
942 538 1066 576 diues
1106 551 1156 576 ac
1195 544 1377 577 naturae
1418 539 1594 578 dotibus
1633 539 1860 592 insigniter

229 606 470 654 praeditus,
517 607 626 645 alter
677 612 743 646 est
792 609 1044 656 leodiensis,
1079 609 1320 648 identidem
1369 611 1535 657 rhetor,
1587 610 1860 662 vndeuiginti

231 675 406 715 circiter
455 691 682 726 annorum,
737 686 781 717 et
829 681 917 718 suis
960 681 1162 731 profecto
1221 679 1399 719 dotibus
1455 683 1718 731 praeclarus.
1778 683 1861 720 Hic
1907 724 1908 736 ζ

227 754 458 799 postquam
481 751 654 801 saepius
686 751 967 790 sollicitasset
998 753 1179 804 supplex
1204 754 1249 790 P.
1288 753 1564 791 Leonardum
1596 759 1727 804 atque
1748 754 1858 792 alios
1907 742 1908 763 ³

228 819 444 868 dominos,
476 834 560 860 nec
589 827 740 872 posset
771 824 888 861 votis
917 823 1061 874 potiri,
1095 824 1253 862 multas
1276 824 1466 862 docebat
1497 829 1653 863 noctes
1684 825 1777 863 fere
1797 825 1857 863 in-

227 903 417 940 somnes,
455 893 610 942 quibus
642 899 909 945 conquestus
943 900 1008 932 est
1037 908 1084 933 se
1116 896 1271 933 multas
1304 908 1558 946 perpessum
1589 896 1856 934 tentationes

227 963 279 1000 ab
317 964 456 1001 omnis
491 965 664 1003 virtutis
699 964 873 1004 inimico
911 966 1115 1013 demone,
1147 967 1218 1015 qui
1254 967 1391 1005 seculi
1426 966 1721 1005 blandimenta
1741 967 1857 1005 falla-

226 1036 291 1073 cia
310 1047 361 1073 ac
395 1035 653 1087 praestigias
671 1037 969 1088 suggerebat,
1003 1042 1048 1074 ut
1070 1050 1093 1075 a
1114 1043 1201 1075 tam
1234 1044 1386 1076 sancto
1418 1039 1644 1088 proposito
1667 1038 1854 1077 animum

223 1112 446 1145 auocaret.
473 1108 638 1146 Contra
659 1120 766 1145 vero
801 1108 943 1146 bonus
974 1109 1156 1159 angelus
1187 1107 1335 1146 mundi
1371 1114 1670 1159 contemptum
1706 1122 1757 1148 ac
1791 1110 1856 1148 sui

222 1179 561 1230 abnegationem
598 1179 836 1217 efficaciter
870 1179 1178 1230 persuadebat.
1222 1181 1316 1229 Hijs
1351 1179 1706 1231 inspirationibus
1740 1180 1851 1220 adeo

221 1249 299 1287 fuit
320 1248 524 1288 delinitus
546 1251 727 1297 animus,
751 1255 797 1288 ut
819 1251 860 1288 in
881 1251 965 1300 hijs
987 1252 1325 1302 conquiesceret
1345 1264 1397 1290 ac
1418 1253 1496 1290 sibi
1520 1252 1746 1290 videretur
1768 1265 1854 1291 nec

221 1321 415 1370 quietem
444 1334 528 1360 nec
557 1334 712 1372 pacem
741 1334 892 1360 veram
926 1335 1057 1373 posse
1090 1323 1300 1372 consequi
1336 1336 1418 1361 nec
1449 1324 1582 1361 vitam
1612 1336 1851 1375 prorogare

220 1390 395 1439 diutius,
428 1393 509 1431 nisi
541 1394 716 1431 omnino
753 1405 979 1432 assensum
1007 1395 1257 1444 praeberet.
1289 1395 1400 1432 Dum
1430 1394 1561 1444 igitur
1594 1395 1749 1433 crebro
1781 1408 1851 1446 pa-

218 1469 387 1502 teretur
418 1465 650 1514 repulsam,
684 1467 902 1503 nescimus
933 1478 1017 1516 qua
1046 1467 1116 1516 pia
1147 1465 1381 1504 calliditate
1405 1471 1558 1504 nactus
1581 1473 1649 1505 est
1670 1467 1849 1505 alicuius

219 1535 273 1573 de
296 1536 522 1575 Societate
541 1542 708 1583 votum,
733 1549 784 1575 ac
804 1537 925 1575 iuxta
945 1537 1058 1575 illius
1079 1542 1281 1575 tenorem
1305 1550 1352 1575 se
1374 1538 1469 1575 Deo
1490 1537 1686 1585 deuouit,
1708 1542 1750 1576 et
1772 1539 1850 1577 So-

217 1608 388 1646 cietatis
424 1607 623 1647 instituto
661 1608 954 1648 consecrauit.
994 1609 1069 1646 Pia
1104 1615 1226 1647 certe
1260 1609 1392 1656 fraus,
1426 1610 1525 1659 quia
1554 1609 1614 1647 ita
1643 1610 1849 1661 improbis

216 1679 376 1718 diaboli
399 1681 628 1719 conatibus
649 1680 888 1728 insultauit,
913 1694 963 1719 ac
985 1681 1130 1719 varios
1155 1680 1295 1719 euasit
1318 1681 1513 1732 laqueos,

269 1761 306 1797 3.
366 1751 476 1789 Sunt
498 1752 567 1802 alij
590 1752 743 1802 nouitij
768 1752 823 1790 de
847 1753 1089 1799 Societate,
1114 1753 1186 1801 qui
1208 1765 1307 1790 sese
1339 1752 1499 1790 mutuis
1532 1751 1754 1791 charitatis
1787 1753 1847 1791 of-

214 1822 316 1871 fitijs
352 1835 561 1873 superare
598 1824 886 1871 contendunt,
921 1829 964 1862 et
995 1824 1190 1874 quotidie
1223 1824 1275 1862 ad
1299 1824 1553 1863 humilitatis
1576 1823 1846 1863 incrementa

215 1907 483 1946 magnopere
504 1895 800 1934 inardescunt.
826 1896 960 1934 Cuius
984 1902 1105 1934 certe
1128 1895 1192 1933 rei
1214 1896 1437 1946 specimen
1458 1909 1545 1934 non
1562 1896 1845 1946 penitendum

214 1967 512 2017 superioribus
534 1968 698 2018 aliquot
721 1967 875 2006 diebus
900 1968 1209 2006 exhibuerunt.
1233 1967 1330 2006 Nec
1351 1967 1628 2018 grauabimur
1650 1980 1842 2015 narrare,

213 2037 248 2075 si
270 2037 420 2075 audire
441 2051 528 2076 non
551 2039 605 2076 sit
626 2039 875 2077 molestum.
909 2039 986 2077 Est
1016 2037 1235 2090 quoddam
1269 2038 1474 2090 oppidum
1505 2038 1619 2076 fama
1650 2038 1843 2076 celeber-

213 2108 381 2156 rimum,
413 2110 590 2148 nomine
617 2110 955 2161 Aquisgranum.
986 2110 1069 2148 Hic
1091 2110 1277 2161 septimo
1300 2122 1475 2160 quoque
1499 2122 1610 2148 anno
1634 2109 1842 2161 reliquiae

213 2185 463 2217 sanctorum
486 2192 583 2230 cuin
606 2181 723 2219 omni
744 2182 1034 2219 veneratione
1057 2184 1368 2219 monstrantur.
1393 2181 1492 2218 Huc
1512 2181 1700 2219 maxima
1729 2181 1842 2220 solet

212 2252 357 2302 populi
387 2251 636 2301 frequentia
664 2252 840 2302 pietatis
871 2252 1015 2291 studio
1047 2253 1287 2299 confluere,
1322 2252 1432 2290 sicut
1465 2257 1507 2290 et
1538 2264 1653 2290 nunc
1678 2252 1840 2290 factum

211 2327 292 2368 est,
327 2321 497 2360 etiarnsi
530 2322 745 2360 haeretici
778 2322 1179 2374 peregrinationum
1216 2334 1370 2360 osores
1400 2323 1554 2361 mirum
1589 2323 1630 2361 in
1662 2323 1839 2362 modum

210 2393 447 2444 ringantur.
472 2394 567 2432 Nec
589 2407 725 2441 mora,
750 2394 851 2432 dum
872 2399 1045 2445 tempus
1066 2393 1271 2445 reliquias
1295 2392 1559 2432 ostendendi
1581 2394 1836 2445 appetisset,

208 2469 384 2503 nostrae
420 2465 655 2504 Societatis
690 2465 999 2505 adolescentes
1037 2464 1191 2514 nouitij
1232 2478 1346 2503 nunc
1382 2465 1436 2503 M.
1476 2465 1769 2504 Ffranciscum
1810 2469 1835 2513 ¹,

208 2549 323 2575 nunc
344 2537 390 2574 P.
415 2537 691 2576 Leonardum
714 2536 892 2585 adeunt,
916 2550 967 2576 ac
989 2538 1166 2576 summis
1187 2538 1304 2575 votis
1327 2541 1553 2587 exoptant,
1578 2542 1625 2574 ut
1655 2538 1697 2575 in
1727 2537 1837 2576 hanc

208 2609 608 2659 peregrinationem
632 2611 882 2648 consentire
904 2609 1026 2648 velit.
1050 2608 1230 2647 Addunt
1251 2621 1299 2646 se
1329 2612 1497 2646 tantum
1527 2609 1644 2647 velle
1674 2608 1835 2647 mendi-

208 2679 348 2718 cando
372 2679 563 2718 ostiatim
585 2681 811 2732 colligere,
835 2686 1042 2731 quantum
1063 2678 1117 2718 ad
1139 2681 1335 2730 corporis
1356 2678 1729 2718 alimentationem
1752 2679 1834 2718 suf-

206 2751 342 2789 ficere
361 2752 514 2802 possit.
540 2752 884 2791 Pulcherrimum
907 2757 999 2790 erat
1021 2753 1107 2790 huc
1128 2757 1259 2801 atque
1280 2752 1381 2790 illuc
1399 2751 1664 2789 currentium
1681 2750 1832 2789 videre

206 2821 518 2873 spectaculum,
542 2821 642 2860 dum
665 2834 838 2873 semper
867 2835 1005 2862 nouas
1038 2821 1250 2861 exorandi
1278 2822 1472 2860 rationes
1505 2822 1750 2872 explorant,
1782 2833 1832 2860 ac

207 2905 307 2932 sese
328 2892 488 2931 mustuis
509 2893 698 2931 animant
719 2906 771 2932 ac
791 2899 957 2932 armant
988 2893 1198 2943 consilijs,
1231 2893 1386 2944 quibus
1418 2893 1465 2931 P.
1498 2892 1717 2931 Leonardi
1746 2892 1830 2931 ani-

256 3050 264 3070 ¹
317 3047 559 3086 Franciscus
580 3048 787 3087 Costerus.
