1908 3446
209 298 279 336 532
699 300 919 338 LITTERAE
944 300 1300 346 QUADRIMESTRES

160 401 319 439 Ioniam
343 401 621 440 commodum
654 401 779 440 huius
813 403 877 440 rei
913 402 1145 440 obeundae
1180 403 1526 449 sollicitatorem,
1564 407 1784 452 pastorem

160 472 499 510 bobardiensem
523 479 549 520 ¹,
586 472 814 520 Societati,
852 478 897 510 ut
929 477 1110 511 coetera
1129 479 1420 524 praeteream,
1446 473 1786 524 obsequentissi-

160 556 290 591 mum,
315 548 361 580 ut
390 543 619 581 nobiscum
641 544 695 582 de
718 545 945 583 medendis
967 545 1050 594 hijs
1072 545 1194 582 malis
1216 546 1485 583 consultaret
1507 558 1558 583 ac
1577 549 1786 583 tractaret

160 620 205 651 et
226 614 489 652 sententiam
510 619 704 653 nostram
740 616 1023 667 intelligeret.
1058 617 1104 653 P.
1138 616 1394 654 Leonardus
1424 617 1436 636 2
1466 616 1536 666 qui
1559 621 1662 654 tunc
1694 622 1785 654 erat

158 686 402 724 infirmioris
434 684 711 734 valetudinis,
744 688 879 725 satius
908 687 1159 725 existimans
1181 699 1278 725 cum
1299 688 1393 738 ipso
1423 687 1616 738 principe
1639 699 1785 725 coram

158 758 271 795 ultro
304 757 503 808 citroque
533 769 683 808 agere,
719 759 764 796 P.
797 758 1000 797 Rhetium
1033 764 1077 796 et
1106 771 1176 796 me
1211 759 1531 798 Confluentiam
1563 759 1654 808 (ubi
1683 764 1786 796 tunc

157 828 368 879 temporis
403 828 613 879 degebat)
644 829 892 880 ablegabat,
926 841 1011 878 quo
1042 829 1254 880 praesulis
1285 835 1477 868 mentem
1509 829 1784 880 vndiquaque

158 900 402 938 luculenter
423 906 698 951 perspectam
721 901 1003 939 haberemus.
1033 903 1131 939 Huc
1152 901 1253 939 dum
1274 900 1486 952 postridie
1515 903 1785 952 septuagesi-

156 983 226 1008 me
241 971 260 989 η
280 971 611 1022 appulissemuS‚
636 971 690 1009 ad
707 971 920 1010 decanum
938 971 1051 1023 apud
1068 972 1111 1011 S.
1133 974 1362 1012 Castorem
1378 979 1390 999 ³
1411 973 1592 1024 principi
1607 973 1784 1012 familia-

155 1042 369 1080 rissimum
386 1041 705 1080 contendimus.
724 1043 764 1080 Is
782 1043 895 1081 enim
914 1048 1034 1081 tanta
1049 1043 1320 1082 humanitate
1336 1056 1387 1082 ac
1403 1044 1572 1083 honore
1589 1057 1668 1083 nos
1686 1046 1783 1082 hos-

154 1114 261 1164 pitio
284 1113 488 1164 dignatus
511 1119 592 1160 est,
616 1119 663 1150 ut
682 1126 797 1164 pene
818 1127 995 1152 narrare
1016 1114 1193 1165 pudeat.
1214 1116 1379 1153 Tamen
1396 1129 1481 1166 quo
1501 1117 1547 1154 R.
1574 1116 1619 1153 P.
1640 1116 1689 1154 T.
1711 1128 1782 1153 ex-

155 1185 373 1224 actissime
396 1185 610 1235 intelligat
637 1185 842 1223 antistitis
863 1198 914 1223 ac
941 1186 1353 1234 confluentinorum,
1376 1190 1463 1224 tam
1497 1185 1782 1225 saecularium

154 1270 282 1308 quam
306 1257 708 1295 ecclesiasticorum
730 1256 989 1307 stupendam
1010 1258 1051 1295 in
1075 1258 1297 1297 Societam
1318 1263 1511 1296 nostram
1528 1257 1782 1309 propensio-

152 1341 268 1376 nem,
309 1341 397 1367 non
434 1329 649 1380 grauatim
688 1329 913 1379 potissima
953 1342 1080 1379 quae,
1124 1331 1255 1370 Chro.
1301 1331 1556 1381 opitulante,
1604 1335 1783 1380 peracta

153 1408 268 1448 sunt,
316 1401 511 1439 breuiter
557 1399 825 1439 recensebo.
868 1401 980 1438 Dum
1027 1413 1134 1452 ergo
1181 1401 1408 1452 splendide
1453 1400 1687 1439 admodum
1732 1413 1782 1438 ac

153 1471 516 1524 magnificentius,
541 1483 667 1522 quam
698 1476 891 1509 nostram
922 1472 1221 1511 conditionem
1256 1485 1307 1511 ac
1340 1473 1622 1512 vocationem
1652 1472 1780 1510 dece-

152 1544 240 1592 bat,
263 1549 550 1583 tractaremur
572 1543 625 1580 ab
646 1543 820 1593 hospite
841 1549 995 1581 nostro
1017 1544 1203 1592 decano,
1227 1545 1343 1583 misit
1365 1549 1542 1583 senatus
1561 1544 1780 1582 confluen-

150 1608 265 1653 tinus
286 1615 341 1653 ad
369 1628 450 1654 nos
480 1616 598 1655 viros
614 1613 634 1637 b
655 1616 756 1656 vino
776 1622 998 1664 oneratos,
1019 1616 1353 1654 salutationibus
1384 1615 1583 1653 ciuilibus
1600 1615 1780 1652 instruc-

151 1691 235 1733 tos,
262 1686 556 1738 efflagitantes
577 1693 623 1727 ut
646 1689 805 1727 ciuium
826 1689 953 1735 filios,
983 1688 1055 1738 qui
1088 1692 1267 1726 nostrae
1302 1687 1565 1725 institutioni
1599 1699 1651 1724 ac
1676 1686 1780 1724 fidei

152 1758 394 1796 concrediti
418 1765 579 1807 essent,
605 1758 938 1799 commendatos
959 1760 1124 1797 habere
1146 1759 1375 1797 vellemus.
1400 1758 1500 1796 Non
1521 1757 1657 1795 multo
1680 1762 1780 1808 post

151 1831 398 1881 singulatim
421 1830 552 1870 etiam
583 1846 694 1870 vnus
726 1832 952 1871 consulum
983 1831 1222 1870 liberaliter
1251 1831 1401 1869 vinum
1430 1829 1693 1881 propinauit,
1727 1829 1778 1867 si-

151 1901 309 1939 militer
331 1907 375 1940 et
407 1902 643 1953 capitulum
661 1902 714 1941 ad
732 1904 776 1942 S.
803 1904 1048 1942 Castorem.
1074 1902 1510 1953 Obstupescebamus
1537 1900 1591 1939 de
1622 1901 1778 1938 vtrius-

150 1984 234 2022 que
256 1978 395 2011 status
416 1974 459 2011 in
487 1986 569 2012 nos
590 1975 901 2025 propensione,
925 1974 1188 2012 liberalitate
1209 1986 1260 2012 ac
1286 1972 1571 2011 humanitate.
1605 1973 1779 2010 Interea

150 2056 247 2082 cum
281 2045 409 2082 R.m¹¹⁸
442 2057 522 2083 nos
557 2045 714 2084 adesse
748 2044 1033 2096 intelligeret,
1071 2045 1309 2084 destinauit
1343 2043 1397 2083 ad
1430 2057 1511 2082 nos
1546 2043 1777 2082 doctorem

150 2115 511 2155 Bartholomeum
534 2118 779 2166 Latomum,
803 2119 943 2156 virum
973 2118 1164 2168 quicum
1194 2115 1417 2167 politionis
1447 2116 1700 2155 literaturae
1734 2122 1777 2154 et

147 2184 251 2224 iuris
287 2186 424 2225 ciuilis
464 2188 718 2240 cognitione
757 2189 1033 2240 prudentiam
1072 2189 1350 2227 coniunctam
1389 2188 1537 2235 habet,
1577 2188 1776 2226 omnibus

148 2257 354 2296 studiosis
375 2271 427 2297 ac
441 2261 648 2312 precipue
667 2261 880 2300 Societati
896 2260 1233 2299 addictissimus.
1252 2261 1336 2299 Hic
1357 2273 1454 2298 cum
1470 2273 1551 2299 nos
1573 2260 1776 2299 coniunc-

148 2329 203 2366 tis
242 2329 409 2368 dextris
448 2331 759 2371 humanissime
804 2333 1134 2383 compellasset,
1184 2344 1207 2370 e
1252 2331 1443 2382 uestigio
1488 2331 1615 2369 nobis
1658 2331 1775 2381 pium

148 2401 251 2438 Rufi
273 2401 460 2440 animum
483 2403 746 2454 explicabat,
779 2416 830 2442 ac
866 2402 1059 2442 chartam
1088 2403 1300 2454 praesulis
1330 2415 1458 2441 manu
1480 2402 1683 2453 scriptam
1715 2402 1775 2440 of-

147 2471 333 2520 ferebat,
370 2485 482 2523 quae
516 2474 672 2524 partim
707 2473 796 2513 vini
829 2475 1035 2525 plaustra,
1058 2475 1214 2524 partim
1243 2474 1475 2521 frumenta,
1507 2473 1662 2524 partim
1693 2473 1775 2511 alia

147 2555 259 2594 quae
281 2542 334 2581 ad
356 2544 582 2583 liberalem
611 2545 730 2584 vitae
761 2546 1129 2584 sustentationem
1149 2544 1402 2584 necessaria
1432 2550 1544 2592 sunt,
1579 2543 1773 2583 contine-

146 2615 234 2653 bat.
259 2615 465 2654 Addebat
484 2621 633 2655 tamen
654 2618 895 2656 antistitem
924 2617 1052 2656 nobis
1083 2616 1187 2655 dare
1219 2617 1444 2668 optionem
1474 2630 1576 2655 num
1597 2617 1695 2663 hee,
1719 2629 1772 2654 an

145 2686 291 2737 potius
319 2692 484 2726 certam
513 2690 728 2740 pecuniae
759 2702 968 2728 summam
1001 2689 1133 2727 certis
1164 2689 1434 2739 temporibus
1460 2687 1771 2726 numerandam

192 2829 212 2848 a
262 2828 448 2867 Emend.
468 2830 523 2867 ab
542 2835 656 2868 auct.
678 2842 729 2869 ex
746 2832 1016 2879 sexagesime.
1069 2833 1135 2858 -b
1155 2831 1263 2878 viros
1281 2837 1420 2879 supra
1439 2843 1550 2870 vers.

194 2981 203 3000 ¹
257 2978 403 3016 Petrus
421 2977 548 3016 Fahe.
569 2978 678 3016 Vide
697 2991 832 3027 supra,
853 2994 890 3027 p.
910 2980 994 3018 433.

194 3039 208 3058 ²
257 3038 304 3075 P.
324 3037 564 3076 Leonardus
583 3037 746 3076 Kessel.

191 3099 204 3119 ³
255 3098 449 3137 Deeanus
466 3097 542 3135 Sti.
564 3098 745 3136 Castoris
765 3103 852 3136 erat
871 3099 944 3137 Dr.
966 3099 1173 3147 Georgius
1190 3099 1293 3148 Ley.
1314 3100 1509 3146 HANSEN,
1528 3100 1635 3138 344⁴.
