1908 3446
263 232 333 269 436
727 232 947 270 LITTERAE
973 233 1331 278 QUADRIMESTRES

216 339 288 372 tae
309 339 408 371 sunt
430 334 592 372 classes
613 346 690 384 pro
713 333 890 372 modulo
913 337 1080 379 nostro,
1107 338 1151 371 et
1171 345 1329 384 magno
1351 333 1528 372 feruore
1551 346 1598 371 se
1621 334 1675 372 ad
1697 334 1831 374 studia
1880 316 1891 362 '⁴1'

218 416 369 442 omnes
399 405 646 455 accingunt.
671 404 892 442 Exercitia
915 404 1044 442 etiam
1074 404 1310 454 spiritualia
1343 405 1559 443 nonnullis
1589 409 1687 442 sunt
1709 406 1830 446 tradi·
1879 399 1882 408 ’

215 480 273 523 ta,
304 480 347 514 et
376 488 490 514 nunc
518 475 646 514 etiam
669 475 754 514 duo
784 481 1062 514 exercentur.
1100 475 1293 525 Reliqua
1313 478 1463 515 autem
1484 489 1597 526 quae
1628 477 1710 515 hoc
1740 478 1830 518 loco
1877 474 1897 515 J

214 547 452 586 scribenda
474 549 620 594 erant,
644 560 691 586 eo
724 546 934 586 libentius
962 545 1142 585 silentio
1169 549 1388 597 pretereo,
1419 549 1538 597 quod
1565 547 1709 586 sciam
1738 547 1830 588 illo·
1878 579 1880 587 ,

214 630 320 656 rum
339 617 514 657 similia
537 631 564 656 a
585 631 652 657 me
665 617 957 669 frequentius
970 617 1121 669 fuisse
1141 620 1317 656 notata.
1342 619 1389 656 In
1411 631 1576 669 genere
1607 631 1677 656 res
1699 619 1830 659 laure-
1890 653 1892 656 ,

212 693 341 727 tanae
364 689 527 739 optime
548 687 809 739 procedunt,
832 688 1028 740 quamuis
1049 701 1127 738 per
1157 690 1259 736 tela,
1282 702 1360 740 per
1389 690 1514 740 ignes
1543 689 1752 727 incedere
1774 691 1829 730 vi-

213 760 412 808 deantur,
442 772 663 810 nemoque
695 765 761 797 est
792 761 861 810 qui
890 773 978 798 non
1008 765 1235 810 agnoscat,
1270 765 1313 797 et
1344 773 1422 798 suo
1445 761 1544 798 loco
1570 766 1614 798 et
1635 765 1829 811 ternpore
1873 810 1880 824 ,

213 833 284 871 vel
304 832 465 870 inuitus
487 832 763 877 confiteatur,
787 836 984 869 nostrum
1006 831 1091 869 hoc
1108 831 1342 882 collegium
1365 831 1571 882 singulari
1592 831 1672 869 Dei
1693 832 1830 882 proui-
1879 854 1890 869 -.

212 903 361 941 dentia
389 903 475 941 huc
503 902 639 941 fuisse
668 901 966 940 transmissum
997 901 1051 940 ad
1082 902 1287 940 eximium
1317 901 1444 940 huius
1483 906 1660 941 sanctae
1697 903 1830 942 eccle·
1876 923 1886 939 r

213 976 302 1014 siae
324 974 462 1013 decus
484 979 529 1012 et
549 974 843 1012 vniuersalem
866 973 1081 1012 ecclesiae
1103 973 1186 1011 Dei
1215 973 1462 1012 vtilitatem.
1500 974 1727 1024 Superest,
1763 974 1828 1013 ad·
1876 1003 1889 1011 ,,

212 1047 387 1086 modum
418 1046 466 1084 R.
492 1047 557 1093 P„
581 1051 628 1084 vt
657 1046 743 1084 tuis
773 1051 1036 1096 tuorumque
1058 1045 1219 1084 sanctis
1241 1044 1463 1084 sacrificiis
1487 1050 1530 1084 et
1566 1045 1829 1085 orationibus
1876 1077 1879 1085 .

210 1132 290 1157 nos
333 1118 516 1164 excites,
554 1129 634 1155 nos
673 1117 896 1168 perficias,
936 1122 983 1155 vt
1018 1115 1189 1168 dignius
1229 1116 1453 1155 seruitutis
1491 1122 1669 1155 nostrae
1710 1117 1828 1156 obse·
1874 1135 1876 1149 1

208 1190 356 1241 quium
382 1190 494 1236 Deo,
526 1188 808 1227 beatissimae
838 1187 1005 1240 Virgini
1029 1194 1072 1226 et
1093 1187 1307 1227 Societati
1327 1189 1370 1227 in
1387 1189 1481 1227 dies
1500 1188 1680 1227 exibere
1697 1187 1827 1239 possi·
1872 1192 1876 1222 J

209 1274 318 1299 mus.
337 1261 460 1307 Vale,
481 1257 674 1297 calendis
686 1259 876 1309 Januarii
897 1259 997 1308 1560
1016 1260 1049 1297 ³.
1872 1246 1874 1249 ¹

287 1332 351 1369 Ex
374 1330 682 1370 commissione
714 1329 807 1369 Rdi.
832 1331 880 1369 P.
913 1330 1099 1369 rectoris
1122 1330 1147 1368 ¹.
1181 1331 1228 1369 R.
1254 1331 1302 1370 Ρ.
1326 1331 1376 1369 T.
1400 1329 1723 1381 indignissimus
1744 1343 1828 1370 ser·

1872 1379 1878 1399 'ss

207 1416 288 1441 uus
308 1403 351 1441 in
371 1402 484 1441 Dno.

1313 1473 1512 1511 RAPHAEL
1541 1473 1674 1511 RIERA
1702 1472 1727 1511 ².

287 1581 589 1621 Desideratur
609 1579 862 1631 inscriptio.

251 1743 271 1763 a
320 1742 501 1780 calendis
515 1741 702 1789 Januarii
723 1740 814 1778 1560
831 1741 936 1778 add.
958 1740 1200 1778 Polancus.
1228 1740 1375 1786 Infol.
1404 1740 1501 1777 84v.
1531 1741 1637 1778 haec
1667 1743 1824 1788 scripta
1858 1744 1874 1786 vj·

204 1807 321 1841 sunt:
352 1802 442 1840 1559
473 1807 512 1839 et
532 1801 639 1839 1560.
664 1800 849 1838 Laureti.
869 1800 1198 1846 Quadrimestres
1217 1800 1383 1837 latinae.
1406 1799 1497 1837 Cal.
1519 1799 1770 1847 Septembris
1788 1805 1824 1838 et
1857 1803 1871 1833 ¹³

204 1864 280 1901 cal.
309 1862 525 1899 Februarii
545 1862 657 1906 (sic).
678 1860 874 1898 Mandata
893 1874 916 1897 a
935 1859 1109 1898 Genoua
1128 1865 1209 1897 etc.
1235 1859 1267 1907 1;
1288 1859 1435 1908 Napoli
1455 1865 1530 1896 etc.
1554 1860 1585 1905 1;
1607 1859 1773 1907 Spagna
1790 1862 1823 1904 4;

204 1923 377 1960 Francia
399 1922 431 1963 1:
451 1920 629 1958 Fiandra
650 1923 681 1957 1.
706 1921 758 1958 ln
777 1922 954 1967 angulo,
975 1920 1164 1957 Polancz‘
1187 1931 1341 1957 manu:
1372 1919 1634 1957 Lauretanae
1663 1919 1819 1966 quadri.

203 1982 397 2021 Calendis
410 1981 595 2028 Januarii
616 1979 717 2018 1560.
736 1980 977 2017 Emendata.
994 1980 1166 2025 Postea,
1184 1979 1322 2017 deleto
1336 1991 1374 2016 v.
1391 1979 1592 2026 Januarii,
1613 1981 1820 2027 scripz‘um

203 2045 265 2079 est
281 2045 418 2088 supra
438 2039 703 2087 Septembris3
724 2044 764 2076 et
786 2038 875 2076 1560
893 2042 1117 2076 mutatum
1133 2040 1180 2076 in
1201 2037 1304 2076 1559.

250 2201 259 2220 ¹
312 2198 355 2235 Ρ.
375 2196 582 2235 Oliverius
601 2195 835 2233 Manareus.

248 2260 262 2278 ²
311 2256 420 2295 Vide
438 2269 481 2303 p.
504 2255 563 2293 68.
723 2262 724 2265 ’
