1908 3446
584 147 909 186 272.—ss11„1.01v10
938 148 1111 196 14JUN11
1141 149 1230 186 1559
1604 149 1669 186 231

96 266 162 292 mo
184 251 407 297 satisfacit,
433 255 478 288 ut
500 250 602 288 nihil
625 250 762 301 magis
783 251 824 288 in
848 251 962 289 uotis
985 251 1159 297 habeat,
1184 264 1310 300 quam
1334 251 1590 302 propediem
1624 266 1718 290 cum

94 325 251 375 templo
283 324 341 372 (in
373 335 457 372 quo
489 322 573 360 iam
604 323 737 360 toties
760 330 777 347 (ι
800 323 915 360 uelle
947 323 1122 373 sepeliri
1154 323 1280 372 dixit)
1309 328 1557 361 extructum
1589 324 1719 361 colle-

95 397 208 448 gium
236 395 507 445 conspicere,
540 395 683 444 sitque
715 394 1041 432 liberalissimus
1072 393 1114 432 in
1144 394 1342 444 pecuniis
1374 394 1716 444 suppeditandis.

97 468 375 517 Quantopere
412 465 683 503 Societatem
721 465 1024 515 amplectatur,
1066 464 1260 503 euidenti
1295 470 1554 516 argumento
1588 466 1720 503 omni-

94 540 185 585 bus,
222 536 368 587 paucis
404 537 560 575 abhinc
597 535 766 584 diebus,
806 537 1032 587 patefecit.
1071 536 1294 587 Siquidem
1331 537 1482 587 quinto
1516 537 1720 575 calendas

95 609 214 659 Iunij,
247 608 389 647 adhuc
418 609 587 646 infirma
619 608 887 655 ualetudine,
922 609 1080 647 lectica
1109 614 1309 659 portatus
1337 608 1357 633 b
1387 608 1472 646 huc
1502 608 1637 655 uenit,
1676 614 1719 646 ut

94 680 299 733 postridie
329 680 579 730 primarium
612 692 761 718 sacrae
794 680 916 718 aedis
949 686 991 718 et
1015 681 1190 732 collegij
1216 679 1335 718 fanti
1354 679 1544 730 lapidem
1567 692 1720 718 conse-

95 752 251 792 crando
272 757 474 802 poneret.
501 751 632 800 Quod
654 751 817 790 factum
841 758 907 790 est
935 753 1008 799 (sit
1041 753 1172 792 Chro.
1209 752 1336 790 IESV
1367 752 1458 789 laus
1491 756 1535 789 et
1565 752 1721 802 gloria)

95 824 275 863 maxima
294 823 576 861 finitimorum
598 823 861 873 populorum
884 824 1146 874 frequentia,
1170 822 1415 861 incredibili
1436 823 1628 873 aplausu,
1654 836 1721 862 so-

93 897 220 935 lemni
250 899 502 946 statutoque
525 895 758 939 sacrificio,
783 895 901 945 quod
923 896 982 933 ibi
1002 896 1152 943 fiebat,
1179 909 1331 934 omnes
1353 894 1583 945 plurimum
1606 894 1720 932 exci-

93 973 224 1006 tante.
249 968 454 1006 Venienti
476 973 623 1005 autem
647 969 688 1005 in
710 967 823 1005 hanc
844 968 1013 1014 urbem,
1034 968 1238 1006 consules
1260 981 1311 1007 ac
1331 968 1519 1020 primarij
1543 969 1718 1019 quique,

94 1039 331 1089 decemque
355 1051 409 1076 ex
432 1039 592 1077 nostris
614 1037 860 1089 praecipuis
882 1038 1169 1090 paedagogis,
1196 1040 1324 1078 Patre
1346 1046 1498 1079 nostro
1521 1040 1579 1078 illi
1610 1040 1721 1077 latus

95 1110 340 1158 claudente,
375 1109 546 1161 equites
579 1110 754 1148 obuiam
784 1109 965 1148 honoris
996 1111 1136 1161 gratia
1157 1117 1487 1161 processerunt3
1510 1124 1590 1149 nos
1612 1123 1720 1149 uero

95 1195 174 1220 una
196 1194 290 1220 cum
314 1187 406 1220 tota
426 1182 673 1229 iuuentute,
699 1181 855 1219 dextra
876 1193 1021 1220 ramos
1043 1181 1205 1220 uirides
1227 1188 1447 1233 gestante,
1471 1181 1587 1220 idem
1618 1181 1720 1219 feci-

94 1267 196 1292 mus.
230 1254 364 1292 Cuius
394 1266 504 1291 unus
534 1253 701 1291 hedera
733 1259 862 1304 caput
893 1251 1142 1292 redimitum
1164 1253 1346 1302 habens,
1370 1267 1498 1304 quarn
1529 1252 1720 1305 gratissi-

93 1338 182 1363 mus
206 1325 402 1363 omnibus
427 1330 753 1376 exoptatusque
776 1325 964 1371 ueniret,
989 1325 1155 1375 aliquot
1178 1325 1439 1364 carminibus
1462 1325 1718 1364 declarauit.

93 1396 255 1435 Eodem
278 1396 348 1435 die
370 1409 395 1434 a
413 1409 567 1443 coena,
588 1396 643 1434 de
665 1397 856 1447 integro,
881 1396 994 1434 illius
1016 1397 1135 1435 iussu
1157 1402 1255 1435 acta
1278 1402 1345 1435 est
1367 1398 1523 1448 gallica
1545 1409 1720 1436 comoe-

94 1467 172 1515 dia,
197 1480 277 1506 una
301 1481 395 1506 cum
421 1469 582 1519 egloga
604 1467 658 1506 de
679 1480 804 1519 pace.
830 1467 866 1505 A
887 1467 1069 1518 prandio
1102 1480 1209 1507 uero
1241 1469 1421 1507 alterius
1451 1468 1553 1515 diei,
1588 1468 1721 1507 omni-

94 1540 169 1577 bus
202 1539 405 1590 peractis,
443 1538 644 1590 dialogus
682 1539 902 1577 exhibitus
941 1543 1021 1586 est,
1060 1539 1102 1577 in
1137 1552 1222 1589 quo
1259 1539 1418 1590 primas
1459 1540 1548 1591 agit
1587 1540 1719 1578 Iacob

93 1610 223 1648 uisam
253 1610 294 1648 in
325 1610 488 1649 somnis
518 1611 679 1649 scalam
710 1623 903 1658 narranS,
928 1609 1206 1662 lapidemque
1230 1623 1359 1661 super
1381 1624 1510 1663 quem
1533 1611 1720 1649 dormie-

95 1687 171 1729 rat,
196 1683 381 1721 Domino
405 1683 542 1721 altare
566 1686 791 1722 extruens.
817 1681 988 1731 Quibus
1009 1682 1164 1721 mirum
1187 1683 1321 1731 dictu,
1351 1684 1403 1722 R.
1438 1684 1505 1731 R,
1538 1690 1720 1734 quanto-

93 1766 194 1804 pere
216 1753 346 1791 fuerit
369 1759 610 1802 recreatus,
631 1754 749 1806 quod
771 1753 1126 1793 constantissime
1145 1768 1169 1793 a
1191 1753 1465 1794 scholasticis
1486 1756 1598 1794 haec
1618 1767 1720 1806 age-

93 1828 236 1863 rentur
259 1830 302 1863 et
323 1825 387 1864 rei
409 1832 453 1864 et
482 1827 671 1878 tempori
703 1826 889 1865 maxime
921 1826 1271 1865 accommodata.
1309 1827 1416 1875 [Pro
1447 1827 1649 1878 episcopo
1680 1828 1720 1866 et

92 1895 224 1935 sociis
247 1899 401 1947 preces
425 1898 660 1948 postulat]
696 1898 760 1936 Ex
791 1896 1057 1937 bilhiomaeo
1087 1899 1278 1949 collegio
1306 1900 1351 1937 18
1375 1899 1455 1938 cal.
1479 1899 1573 1949 Iulij
1603 1908 1715 1948 1559.

93 1967 153 2005 Ex
175 1967 375 2007 mandato
400 1970 446 2007 R.
473 1970 519 2008 Ρ.
545 1969 746 2008 rectoris.
772 1970 891 2008 Tuus
912 1970 1238 2021 indignissimus
1260 1970 1387 2008 filius.

1043 2073 1282 2111 LUDOUICUS
1314 2073 1590 2112 GERARDINUS
1619 2072 1644 2110 ¹.

172 2195 361 2235 Folanci
380 2209 537 2236 manu.
561 2196 988 2236 Emendata.-Alz‘a
1008 2211 1164 2237 mann.
1190 2197 1394 2237 Mandata
1413 2211 1491 2250 per
1513 2203 1643 2238 tutto.

137 2394 156 2414 a
203 2408 258 2433 se.
313 2397 377 2422 —b
398 2396 645 2444 deportatus.

140 2586 148 2605 ¹
201 2585 261 2624 Cf.
279 2587 382 2626 Lz'tt.
403 2588 662 2635 Quadrz‘m.,
685 2588 738 2634 V,
758 2589 860 2628 8352.
