1908 3446
0 99 3 165 ἕ

0 176 4 240 z

0 258 4 364 l

0 1746 2 1751 ,
43 1725 133 1751 mes
154 1713 196 1751 in
218 1713 420 1753 docendo
443 1714 697 1765 persistunt.
723 1715 778 1754 M.
804 1716 990 1753 Ioannes
1012 1715 1256 1763 Berkelius‚
1289 1717 1344 1755 M.
1370 1717 1614 1768 Gregorius
1647 1718 1654 1737 ¹

516 185 843 223 287.—⁷C0L0N1A
868 185 913 221 27
942 185 1044 230 JULII
1076 186 1165 222 1559
1553 184 1623 222 289

45 300 159 326 mum
190 292 443 337 expugnent
474 299 525 324 ac
547 286 784 325 emolliant.
809 286 907 324 Non
929 292 1180 324 metuentes
1201 286 1373 325 interim
1395 285 1514 336 quod
1535 287 1606 324 vel
1628 285 1668 323 in

44 356 364 397 mendicatione
386 363 592 407 parentes
613 363 686 395 aut
715 358 879 396 amicos
911 358 991 395 sibi
1023 358 1178 396 obuios
1208 359 1372 396 habere
1404 357 1666 408 potuissent,

43 442 224 480 quorum
258 428 539 479 ignominiam
572 441 659 466 non
695 430 839 466 leuem
876 428 1098 479 experturi
1132 429 1331 476 fuissent,
1374 433 1447 466 aut
1487 429 1669 467 acerbas

45 500 288 538 conciuium
319 499 409 550 (qui
439 498 717 550 vndiquaque
749 500 1070 545 confluxerant)
1093 500 1457 547 obtrectationes,
1481 503 1554 538 aut
1576 512 1670 551 gra-

44 571 243 610 uissimos
263 570 447 609 insultus
469 571 791 619 sustinuissent,
816 577 888 610 aut
911 585 1124 609 summum
1146 572 1188 609 in
1209 572 1471 610 inconsueto
1504 570 1671 609 mendi-

44 641 167 682 candi
202 641 332 680 modo
364 642 569 680 ruborem
606 647 948 693 comparassent.
988 643 1111 681 Pium
1144 648 1236 681 erat
1266 643 1467 694 profecto
1499 643 1670 681 illorum

43 711 321 763 desyderium
351 725 402 751 ac
430 713 647 752 laudabile
678 713 966 764 propositum,
999 726 1083 752 nec
1113 713 1468 752 dissimulandum
1499 714 1669 756 fuisset,

42 785 121 823 nisi
154 783 327 822 maioris
362 785 461 823 mali
495 798 582 823 non
616 786 761 823 leuem
799 785 1080 824 occasionem
1117 785 1399 836 suppeditare
1435 786 1669 836 potuisset.

42 856 151 894 Dum
183 856 296 894 enirn
326 857 437 894 haec
467 868 538 894 res
569 857 708 894 latere
739 869 827 895 non
858 858 1090 907 potuisset,
1124 856 1284 895 ciuium
1312 858 1480 895 animos
1502 857 1593 907 (qui
1616 857 1671 895 ob

42 926 273 965 ruditatem
304 927 480 977 pietatis
509 927 702 965 nondum
734 940 866 965 veros
902 927 1193 966 mortificandi
1227 927 1384 966 modos
1412 932 1672 978 perspectos

42 999 235 1047 habent),
272 997 507 1036 aduersum
542 1011 622 1036 nos
659 998 940 1037 concitasset.
976 1001 1213 1038 Caeterum
1250 1000 1333 1038 etsi
1367 999 1450 1037 hac
1479 1012 1556 1051 spe
1588 999 1673 1037 sint

41 1070 246 1116 frustrati,
271 1075 417 1108 tamen
439 1082 538 1108 sese
560 1083 647 1108 non
665 1070 860 1119 segniter
882 1070 936 1108 ad
958 1071 1212 1109 humilitatis
1229 1084 1281 1110 ac
1303 1072 1527 1111 charitatis
1545 1073 1672 1110 obse-

43 1141 140 1191 quia
162 1146 387 1188 exercent,
412 1154 463 1179 ac
484 1141 592 1179 alios
624 1140 780 1179 domus
810 1145 988 1179 nostrae
1019 1143 1232 1189 alumnos,
1266 1144 1338 1194 qui
1368 1143 1561 1182 nondum
1593 1144 1672 1183 So-

44 1213 213 1252 cietatis
248 1218 361 1260 sunt,
399 1225 478 1251 suo
511 1213 715 1263 exemplo
747 1212 801 1250 ad
837 1213 1046 1251 virtutum
1082 1215 1331 1265 amplexum
1368 1221 1412 1253 et
1447 1215 1671 1254 literarum

43 1283 183 1322 studia
216 1284 323 1323 mira
356 1282 625 1322 dexteritate
658 1284 909 1334 proliciunt,
943 1289 988 1323 ut
1025 1298 1148 1336 spem
1179 1286 1396 1337 quandam
1432 1286 1672 1326 mirabilem

41 1355 263 1407 profectus
286 1354 432 1405 eximij
457 1355 511 1394 de
534 1368 581 1394 se
603 1368 691 1394 non
712 1368 824 1394 vane
846 1356 1117 1406 promittant.

92 1438 131 1477 4.
189 1428 255 1465 De
293 1427 388 1477 alijs
423 1427 609 1466 dominis
643 1440 695 1466 ac
728 1427 932 1466 fratribus
967 1428 1070 1479 quid
1109 1428 1266 1467 attinet
1306 1441 1671 1478 commemorare,

43 1511 223 1549 quorum
244 1500 427 1550 quisque
450 1498 531 1538 sibi
552 1498 759 1550 delegata
775 1500 920 1537 munia
937 1499 1171 1551 diligenter
1193 1513 1244 1539 ac
1260 1502 1391 1540 alacri
1409 1500 1551 1540 animo
1572 1514 1672 1540 exe-

43 1570 198 1621 quitur,
232 1583 283 1609 ac
318 1583 418 1609 sese
453 1571 651 1622 quotidie
687 1571 825 1622 magis
860 1572 1041 1610 vincere
1077 1571 1270 1621 student,
1304 1579 1352 1611 ut
1380 1573 1556 1612 Christo
1588 1575 1674 1612 ani-

43 1653 130 1680 mas
151 1641 434 1681 lucrifaciant.
460 1642 625 1681 Omnes
646 1641 789 1680 adhuc
809 1643 852 1680 in
872 1646 994 1681 tanta
1015 1644 1196 1682 aestatis
1218 1643 1479 1696 intemperie
1512 1645 1673 1684 incolu-

1665 1748 1672 1764 5

0 1800 1 1823 ;
43 1797 94 1824 ac
111 1786 346 1836 praecipue
376 1785 432 1824 M.
457 1785 695 1825 Balduinus
716 1791 729 1810 2
750 1787 792 1825 in
813 1787 997 1837 publicis
1020 1787 1388 1838 disputationibus
1409 1789 1674 1840 theologicis

34 1869 206 1908 ‘summa
236 1869 333 1896 cum
362 1857 493 1896 laude
514 1857 756 1909 respondit.
790 1859 843 1896 M.
874 1859 1149 1899 Ffranciscus
1171 1860 1401 1899 Costerius
1437 1873 1535 1899 cum
1559 1861 1676 1899 omni

43 1927 327 1967 admiratione
349 1942 448 1967 suas
470 1930 784 1981 responsiones
803 1931 1082 1982 theologicas
1103 1944 1181 1982 pro
1205 1931 1344 1983 gradu
1365 1932 1571 1971 licentiae
1603 1933 1674 1971 ab·

0 2019 2 2044 2
44 1999 184 2038 soluit.
209 2001 383 2039 Perstat
406 2001 536 2039 etiarn
558 2015 673 2041 nunc
692 2002 735 2040 in
765 2001 1030 2041 lectionibus
1052 2003 1320 2054 theologicis
1344 2009 1388 2042 et
1408 2005 1675 2055 philosophi-

0 2079 1 2131 ]
45 2070 117 2119 ciS,
142 2071 253 2110 sicut
276 2078 321 2110 et
343 2085 427 2124 ego
450 2073 492 2112 in
523 2074 804 2113 contionibus
824 2074 1023 2125 publicis.
1049 2076 1234 2126 Propter
1256 2076 1552 2127 quotidianam
1575 2089 1675 2116 con-

0 2134 3 2147 *
44 2141 257 2181 uictorum
279 2145 583 2184 accessionem
606 2146 751 2184 coacti
779 2159 928 2184 sumus
960 2152 1004 2184 et
1035 2147 1231 2194 alteram,
1270 2160 1453 2199 eamque
1484 2148 1676 2187 luculen-

45 2216 143 2261 tam,
168 2215 378 2265 capellam
401 2215 633 2264 adornare,
657 2222 704 2255 ut
726 2217 882 2255 diebus
902 2217 1027 2256 festis
1049 2231 1220 2256 sacrum
1251 2218 1462 2257 audituris
1484 2225 1528 2258 et
1559 2233 1677 2259 corn-

0 2317 3 2337 ,
45 2286 322 2325 municaturis
342 2288 465 2326 locus
487 2288 693 2327 sufficere
716 2295 862 2340 queat.
888 2289 971 2327 Hic
1000 2290 1184 2340 primurn
1206 2302 1376 2329 sacrum
1404 2291 1498 2342 ipso
1529 2292 1676 2330 visita-

44 2354 171 2394 tionis
193 2357 242 2396 B.
268 2355 443 2406 Mariae,
464 2347 580 2397 ‘sicut
600 2359 643 2397 in
663 2361 802 2398 altera
822 2360 916 2410 ipso
938 2360 1253 2411 purificationis
1275 2361 1488 2412 auspicati
1509 2376 1672 2401 sumus.

45 2425 216 2466 Fratres
236 2429 443 2480 paulatim
465 2434 508 2469 in
529 2436 775 2482 reparatam
805 2431 984 2470 domum
1015 2439 1322 2484 segregantur,
1352 2439 1400 2472 ut
1430 2436 1675 2473 accuratius

0 2530 2 2549 :
47 2509 154 2547 quae
175 2499 412 2540 Societatis
435 2507 549 2550 sunt,
571 2503 812 2541 obseruare
834 2504 1017 2554 possint.

99 2579 135 2618 5.
193 2571 245 2610 D.
270 2572 534 2612 Theodorus
555 2573 756 2613 Canisius
783 2575 875 2626 (qui
905 2574 1047 2614 adhuc
1077 2581 1125 2614 ut
1154 2589 1232 2614 sua
1258 2578 1439 2627 negotia
1470 2577 1676 2628 expediat

0 2633 1 2637 ¹
47 2639 88 2678 in
106 2641 244 2692 patria
263 2643 436 2694 haeret)
457 2646 607 2696 paucis
629 2646 787 2685 abhinc
808 2646 964 2685 diebus
986 2647 1040 2686 ad
1060 2661 1141 2686 nos
1163 2648 1349 2698 scripsit,
1373 2660 1424 2686 ac
1445 2649 1675 2687 maximam

0 2725 3 2745 ι
47 2723 163 2763 spem
194 2716 378 2765 praebet
401 2716 579 2756 domum
609 2718 725 2756 illam
752 2718 1004 2770 Neomagij,
1038 2719 1251 2758 Societati
1281 2720 1429 2771 legato
1460 2721 1673 2768 relictam,

47 2786 344 2836 recuperandi,
370 2792 415 2826 et
434 2787 522 2827 illic
541 2789 751 2828 fundandi
773 2790 949 2841 collegij
972 2789 1229 2842 principium
1249 2791 1589 2841 pulcherrimum
1615 2793 1676 2830 in-

94 2939 104 2959 ¹
154 2939 381 2988 Gregorius
401 2941 566 2980 Fabius.

91 2996 105 3017 ³
153 2998 378 3038 Balduinus
394 3001 446 3038 ab
465 3002 647 3050 Angelo.

186 3082 350 3110 Lux-unu
369 3084 776 3117 annmsrus.—Tou.
796 3087 852 3114 vl.
1502 3093 1534 3119 19
