1908 3446
265 308 335 348 628
746 307 964 350 L1TTERAE
991 306 1346 352 QUADRIMESTRES

220 417 444 450 matronae
467 411 757 457 declararunt,
777 422 886 461 quae
905 409 959 448 ad
976 410 1153 447 multam
1175 414 1352 447 noctem
1369 412 1551 458 propter
1575 405 1837 445 dominicum

220 483 498 533 sepulchrum
523 482 769 532 vigilarunt.
796 482 910 531 Quin
934 486 978 518 et
999 481 1040 517 in
1063 492 1195 518 causa
1215 480 1391 517 fuerunt
1413 491 1488 516 cur
1512 491 1664 516 eorum
1687 488 1841 515 conso-

221 555 366 601 eiatio,
391 554 461 604 quj
493 566 570 603 per
592 554 745 591 vrbem
768 554 809 591 in
832 553 1026 603 singulos
1049 563 1185 589 annos
1208 551 1469 589 verberibus
1492 549 1683 588 caedere
1706 561 1754 586 se
1776 560 1842 585 so-

219 625 324 671 lent,
348 638 425 675 per
447 631 645 663 nostrum
667 625 875 675 templum
907 624 1126 669 transiret,
1161 635 1257 661 cum
1287 622 1331 659 id
1362 622 1468 659 alias
1498 632 1732 670 numquam
1763 632 1843 656 vsu

220 698 406 735 venerit.
434 698 644 734 Preterea
675 696 900 735 concionis
932 700 1131 745 tempore
1163 693 1394 744 quamdam
1424 692 1655 744 pecuniam
1686 690 1740 728 ad
1771 702 1843 727 ex-

220 768 452 805 truendum
474 768 684 818 templum
716 779 953 817 corrogare
986 771 1210 816 ceperant,
1244 777 1371 815 quam
1402 764 1579 815 quidem
1601 776 1698 801 cum
1720 761 1845 800 rede-

221 840 401 890 gissent,
425 839 555 889 idque
587 838 640 876 ad
662 839 804 877 Patris
828 840 833 857 ¹
859 850 986 875 aures
1021 837 1203 875 fortuito
1234 836 1528 886 peruenisset,
1560 834 1685 872 iussit
1715 835 1844 871 Pater

221 924 316 948 eam
339 911 528 959 restituj‚
552 923 606 948 ne
628 911 716 949 vlla
736 910 862 948 nobis
886 908 1135 959 cupiditatis
1158 909 1251 946 sitis
1282 908 1426 945 inesse
1456 906 1698 945 videretur.
1736 906 1846 942 Tan-

220 988 290 1020 tae
325 995 428 1020 vero
459 981 745 1020 multitudinis
781 983 821 1019 in
858 987 1047 1031 Vtroque
1083 992 1193 1018 sexu
1225 978 1466 1018 confitendi
1496 977 1636 1029 gratia
1664 988 1845 1015 concur·

220 1066 292 1091 sus
314 1061 332 1078 a
353 1053 407 1091 ad
428 1059 603 1092 nostros
635 1055 788 1091 Patres
825 1055 965 1091 lactus
1002 1058 1083 1099 est,
1117 1057 1164 1089 vt
1201 1052 1305 1089 satis
1329 1051 1368 1088 ei
1394 1050 1543 1088 facere
1573 1060 1845 1099 nequaquam

220 1126 458 1176 potuerint.
483 1127 639 1176 Neque
662 1138 769 1163 vero
791 1124 965 1162 interim
988 1125 1040 1161 ab
1065 1123 1345 1161 extructione
1368 1122 1517 1172 templj
1541 1122 1627 1159 vlla
1648 1121 1695 1158 fit
1715 1120 1846 1157 inter-

221 1198 384 1244 missio,
408 1197 627 1235 nobilibus
648 1198 905 1248 quibusdam
928 1195 1031 1233 viris
1054 1195 1107 1233 ad
1129 1195 1215 1233 hoc
1236 1195 1464 1245 pecuniam
1494 1191 1843 1243 corrogantibus.

221 1269 319 1318 Quo
344 1269 459 1306 circa
475 1269 610 1307 multo
628 1267 810 1319 amplius
829 1267 1112 1317 ornatiusque
1134 1267 1360 1316 templum,
1383 1278 1471 1303 non
1492 1265 1553 1302 ita
1577 1264 1711 1302 multo
1730 1267 1843 1314 post,

220 1352 300 1377 nos
321 1340 547 1378 habituros
570 1339 844 1378 confidimus.

275 1420 311 1459 5.
371 1411 439 1449 Ad
460 1412 570 1450 haec
591 1417 683 1450 tres
705 1412 836 1450 etiam
855 1410 1113 1449 sacerdotes
1135 1409 1379 1447 doctrinam
1412 1407 1689 1446 christianam
1714 1406 1848 1456 expli-

221 1495 321 1521 care
345 1484 552 1521 continue
574 1490 778 1535 pergunt.
801 1483 921 1521 Vnus
942 1482 1103 1532 populo
1126 1481 1251 1519 festis
1282 1479 1437 1518 diebus
1459 1480 1500 1516 in
1532 1479 1714 1529 templo3
1737 1478 1847 1515 alter

220 1554 376 1603 ijsdem
398 1553 553 1593 diebus
574 1555 616 1593 in
639 1555 779 1592 classe
810 1554 983 1602 minorj;
1015 1552 1172 1590 tertius
1205 1551 1386 1602 singulis
1417 1551 1661 1600 quibusque
1693 1548 1847 1586 diebus

220 1627 395 1664 veneris
417 1627 458 1663 in
480 1627 644 1677 templo
668 1626 888 1676 discipulis
921 1625 1132 1671 externis;
1164 1623 1265 1674 quin
1297 1623 1383 1660 imo
1415 1627 1600 1672 quatuor
1633 1632 1656 1658 e
1686 1620 1847 1657 nostris

219 1697 423 1736 fratribus
445 1698 577 1747 varijs
598 1698 641 1736 in
662 1698 772 1735 locis
790 1696 1038 1745 concionatj
1063 1700 1162 1733 sunt
1184 1694 1365 1745 singulis
1387 1692 1542 1731 diebus
1569 1690 1847 1742 quadragesi-

220 1782 289 1807 me
330 1769 573 1816 dominicis,
618 1775 661 1807 et
701 1769 797 1818 alijs
833 1781 1009 1819 quoque
1046 1767 1200 1805 diebus
1236 1764 1560 1804 hebdomadae.
1593 1765 1657 1801 Ex
1693 1763 1848 1814 quibus

223 1842 423 1879 omnibus
464 1841 802 1879 iucundissimus
833 1853 953 1887 sane,
997 1839 1092 1877 Rae
1118 1840 1202 1885 Pr„
1235 1837 1570 1886 vberrimusque
1600 1835 1766 1872 fructus
1796 1833 1850 1871 ad

221 1913 414 1952 diuinum
437 1915 600 1952 cultum
623 1913 871 1964 augendum
907 1924 1086 1950 manare
1108 1911 1300 1950 videtur.
1325 1909 1388 1958 Illj
1424 1907 1504 1957 solj
1528 1913 1674 1945 tamen
1694 1907 1848 1944 horum

223 1986 412 2023 omnium
442 1985 584 2024 omnis
605 1985 820 2023 tzibuatur
841 1985 949 2031 laus,
973 1985 1114 2022 honor
1151 1988 1194 2020 et
1215 1982 1372 2033 gloria,
1396 1980 1467 2030 quj
1491 1978 1666 2030 quidem
1690 1990 1786 2016 cum
1808 1978 1849 2016 in

220 2058 285 2095 his
320 2056 520 2104 minimis,
558 2060 650 2094 tum
686 2056 817 2094 etiam
839 2057 880 2094 in
903 2055 1097 2094 coeteris
1135 2054 1335 2092 omnibus
1373 2049 1548 2102 optimis
1584 2048 1849 2097 summisque

222 2130 428 2180 operibus
464 2128 708 2167 efficiendis
740 2141 860 2166 suam
891 2127 1082 2165 diuinam
1105 2126 1194 2163 suis
1226 2125 1366 2163 seruis
1399 2135 1527 2174 opem
1556 2120 1850 2169 auxiliumque

221 2201 419 2251 porrigit3
443 2202 537 2239 sine
560 2214 645 2250 quo
667 2200 771 2238 nihil
795 2205 860 2237 est
881 2199 1055 2249 penitus
1085 2196 1204 2247 quod
1233 2196 1382 2234 facere
1412 2191 1644 2245 possimus.
1679 2191 1850 2238 [Preces

217 2270 453 2322 postulat]
495 2271 682 2322 Neapoli
721 2271 872 2321 quinto
912 2282 1050 2308 nonas
1100 2267 1204 2317 Maji
1243 2267 1417 2304 MDLX.
1458 2266 1492 2302 E
1539 2262 1848 2302 commissione

222 2345 269 2382 R.
295 2345 340 2381 P.
366 2344 576 2394 prepositj
599 2343 894 2394 prouinciali&
919 2343 970 2380 V.
996 2342 1042 2378 R.
1069 2342 1115 2379 P.
1141 2340 1344 2390 indignus
1366 2350 1418 2376 ac
1445 2336 1646 2374 minimus
1676 2334 1717 2371 in
1738 2334 1850 2384 Xpo.

221 2427 390 2453 seruus.

1055 2467 1306 2503 LEONARDUS
1335 2464 1575 2501 FERRARms
1603 2466 1631 2499 ².

268 2617 287 2637 a
339 2617 430 2664 Seq.
452 2618 499 2654 in
518 2627 598 2653 ms.
620 2620 680 2652 est
701 2614 977 2652 redundans.

271 2770 280 2789 ¹
332 2767 523 2813 Intellige
543 2765 586 2803 P.
609 2765 905 2807 salmeronem,
926 2774 1064 2810 praep.
1086 2759 1394 2808 provincialem.

270 2828 283 2848 ²
333 2826 441 2864 Vide
461 2840 497 2873 p.
516 2825 599 2862 493.
