1908 3446
223 209 292 247 472
696 207 914 244 LlTTERAE
946 206 1301 249 QUADRIMESTRES

176 323 280 350 sane
310 312 542 350 maximum
573 324 652 348 nos
686 310 765 347 Dei
796 307 1056 345 beneficium
1091 317 1186 343 esse
1219 305 1376 342 merito
1395 303 1610 350 duximus,
1635 316 1731 341 cum
1757 304 1800 342 16
1854 323 1857 348 ¹,

177 383 333 420 abhinc
364 382 543 420 miliario
575 380 828 431 germanico
862 390 1009 415 sacros
1042 375 1231 421 ordines,
1266 381 1309 413 et
1339 387 1616 424 nonunquam
1646 373 1802 413 frustra

178 459 333 503 petere
356 465 578 503 cogamur,
599 450 716 499 quod
739 449 928 487 diocesis
951 446 1176 498 pragensis
1200 445 1407 495 episcopo
1431 450 1592 482 careat.
1618 444 1700 482 Hic
1730 444 1801 495 igi·

180 529 248 561 tur
269 524 478 574 primitias
497 522 568 560 diu
586 522 854 571 multumque
874 518 1147 557 desideratas
1168 515 1209 553 in
1230 516 1344 554 festo
1363 516 1406 553 S.
1429 515 1667 554 Clementis
1691 515 1697 534 ¹
1719 516 1802 565 (cui

181 595 310 632 etiam
332 600 529 632 nostrum
552 593 761 643 templum
784 596 849 629 est
872 588 1142 636 dedicatum)
1165 587 1421 633 celebrauit,
1452 587 1802 625 communicanti·

181 667 276 713 bus,
301 666 392 703 laus
415 667 526 711 Deo,
551 664 698 701 multis
720 667 895 700 nostrae
921 659 1098 697 scholae
1122 657 1343 696 studiosis.
1369 657 1555 707 Quidam
1578 658 1708 695 etiam
1735 670 1804 696 ue·
1856 659 1899 698 ἶ

182 737 321 775 terani
343 737 536 774 hus-sitae
562 735 641 772 Dei
664 734 804 784 gratia
837 731 1039 769 conuersi
1070 734 1169 767 sunt
1200 728 1253 766 ad
1282 728 1414 766 fidem
1446 729 1719 775 catholicam,
1754 741 1805 767 ex

182 808 336 858 quibus
358 808 421 844 uir
443 806 615 857 quidam
634 817 846 843 annorum
868 803 981 840 forte
1006 800 1297 851 septuaginta,
1321 813 1538 850 nunquam
1565 799 1707 838 fuerat
1732 812 1807 850 per
1857 787 1860 838 1

182 884 319 917 totam
355 879 487 916 uitam
521 876 764 922 confessus,
797 880 840 913 et
872 871 1084 924 quaedam
1117 870 1247 909 etiam
1269 871 1421 908 mulier
1443 871 1618 909 ultimae
1642 870 1807 909 confes·
1859 894 1861 900 ·
1891 861 1897 869 ”

185 950 318 988 3101113
353 954 453 986 ante
490 948 649 985 multos
685 959 821 983 annos
856 945 999 982 factae
1037 942 1286 981 meminisse
1325 941 1429 979 nihil
1462 946 1651 991 poterat.
1691 941 1809 979 Multi
1858 940 1861 986 ξ
1898 966 1901 971 ·

185 1021 314 1059 etiam
351 1019 554 1058 catholici
585 1019 687 1055 alias
719 1028 867 1067 saepe,
903 1015 979 1053 sed
1011 1014 1199 1052 maxime
1233 1013 1275 1051 in
1297 1012 1542 1051 dominicae
1573 1012 1809 1051 natiuitatis
1858 1013 1862 1047 ἐ
1888 1020 1889 1023 ’

183 1092 314 1138 festo,
335 1089 447 1142 apud
464 1102 544 1128 1103
567 1088 757 1127 confessi
779 1093 879 1125 sunt
898 1092 941 1124 et
964 1085 1352 1124 communicarunt.
1379 1084 1464 1134 Qui
1483 1083 1503 1102 θ’
1523 1095 1630 1121 11010
1655 1095 1709 1121 ex
1731 1083 1809 1121 illis
1859 1077 1862 1083 '
1898 1075 1901 1085 ²

186 1163 274 1201 itali
309 1163 498 1206 fuerunt,
538 1166 582 1198 ut
617 1173 641 1197 a
677 1158 947 1197 confessario
984 1156 1272 1201 docebantur,
1311 1155 1590 1193 christianum
1625 1154 1729 1192 illud
1762 1165 1811 1192 30
1860 1146 1863 1171 ²
1897 1197 1903 1207 q

187 1239 384 1271 sanctum
407 1230 630 1270 charitatis
654 1242 759 1281 erga
780 1229 1004 1279 proximos
1026 1227 1086 1264 ita
1115 1225 1349 1277 diligenter
1382 1226 1573 1264 officium
1604 1238 1811 1265 exercue-
1862 1251 1863 1255 =
1896 1232 1903 1249 ³

187 1310 300 1352 runt,
341 1310 386 1342 ut
420 1304 488 1352 alij
527 1314 698 1353 semper
735 1301 842 1339 alios
879 1312 1028 1338 secum
1068 1297 1120 1336 ad
1161 1298 1486 1337 confessionem
1526 1297 1809 1337 adducerent.

188 1375 322 1413 Iidem
344 1374 433 1412 itali
454 1375 539 1411 hoc
560 1379 760 1423 tempore
783 1384 868 1422 quo
892 1372 1092 1408 laborare
1114 1382 1201 1408 non
1222 1374 1404 1420 possunt
1426 1375 1605 1420 propter
1621 1370 1814 1420 ingentia

187 1446 364 1497 frigora,
384 1459 464 1484 nos
487 1450 657 1496 rogant,
682 1450 728 1481 ut
749 1444 791 1481 in
813 1443 1009 1481 scholam
1031 1447 1225 1479 nostram
1243 1440 1514 1492 excipiantur
1531 1453 1582 1479 ac
1598 1441 1750 1492 legere
1772 1446 1814 1479 et

191 1518 383 1556 scribere
406 1515 591 1563 discant,
609 1515 726 1566 quod
747 1514 828 1552 illis
849 1527 935 1552 non
953 1513 1239 1563 denegamus,
1263 1511 1435 1563 quando
1458 1512 1814 1563 praeceptoribus

191 1588 398 1635 debitam,
424 1593 469 1625 ut
492 1592 613 1626 certe
635 1586 813 1632 faciunt,
840 1584 1151 1630 obedientiam,
1184 1588 1422 1634 praestant.
1456 1583 1619 1621 Verum
1653 1583 1815 1634 praeci-

190 1673 273 1711 pua
304 1672 406 1698 cura
440 1664 589 1697 nostra
625 1662 691 1695 est
727 1663 772 1694 ut
808 1657 903 1694 illos
934 1656 976 1694 in
1007 1654 1158 1705 spiritu
1189 1654 1404 1693 iuuemus.
1435 1654 1644 1704 Discipuli
1664 1655 1814 1701 nostri,
1864 1663 1867 1672 ¹

191 1731 379 1770 maxime
402 1730 474 1781 qui
496 1735 594 1767 sunt
615 1727 777 1778 primae
802 1727 965 1774 0133313,
991 1732 1035 1764 et
1053 1727 1335 1765 conuictores
1365 1725 1517 1772 nostri,
1557 1725 1817 1764 confitentur
1865 1727 1867 1762 ἓ

195 1809 353 1841 octauo
376 1815 548 1853 quoque
573 1800 658 1847 die,
685 1804 727 1837 et
749 1800 790 1836 in
814 1798 1012 1837 omnibus
1034 1797 1234 1837 modeste
1257 1798 1360 1836 satis
1383 1809 1431 1835 se
1458 1802 1632 1848 gerunt,
1665 1802 1816 1836 totam-

191 1885 275 1924 que
307 1885 452 1911 curam
484 1872 604 1910 chori
637 1877 679 1910 et
711 1877 864 1910 cantus
895 1871 936 1907 111
968 1882 1016 1907 30
1046 1868 1278 1920 recipiunt,
1303 1868 1372 1907 0111
1394 1868 1525 1906 etiam
1546 1880 1702 1919 magna
1723 1881 1817 1907 cum
1864 1856 1868 1870 ³

194 1942 465 1982 iucunditate
486 1942 634 1993 populi
655 1940 942 1980 satisfaciunt.

248 2025 285 2053 2.
346 2014 560 2052 Proximis
578 2013 732 2052 diebus
751 2013 911 2051 obnixe
934 2012 1118 2062 rogabat
1140 2011 1191 2048 D.
1217 2011 1501 2062 Praepositus
1523 2011 1549 2057 ²,
1575 2016 1621 2049 ut
1642 2010 1683 2049 ei
1700 2009 1818 2048 dare-

194 2101 288 2125 mus
309 2087 524 2138 quendam
547 2100 602 2124 ex
623 2085 843 2132 fratribus,
867 2086 938 2135 qui
958 2086 1000 2122 in
1022 2084 1105 2122 alio
1128 2082 1317 2134 quodam
1347 2083 1511 2133 templo
1548 2082 1591 2120 S.
1625 2082 1818 2120 Thomae

198 2157 406 2208 deinceps
437 2157 789 2203 concionaretur,
822 2155 938 2206 quod
969 2155 1011 2194 id
1040 2155 1235 2193 nonnulli
1268 2158 1490 2205 peterent3
1527 2153 1596 2191 cui
1634 2153 1819 2192 libenter
1873 2167 1876 2171 ·

196 2229 362 2267 assensi
383 2242 546 2275 sumuS,
571 2227 857 2277 dedimusque
889 2239 987 2265 eum
1018 2239 1147 2277 quem
1176 2226 1373 2276 petebat,
1405 2225 1604 2263 nimirum
1636 2225 1691 2263 M.
1727 2224 1819 2263 Ste-

200 2301 388 2352 phanum
409 2299 437 2346 3,
457 2300 527 2349 qui
551 2299 592 2336 in
614 2299 778 2350 templo
800 2304 951 2336 nostro
975 2297 1226 2336 concionari
1248 2297 1348 2335 loco
1372 2297 1427 2334 M.
1452 2296 1701 2334 Wenceslai
1721 2295 1735 2315 ⁴
1756 2308 1820 2333 30-

196 2372 328 2410 lebat.
354 2370 531 2408 Interim
554 2375 701 2408 tamen
722 2382 809 2408 non
839 2374 982 2407 cessat
1011 2369 1054 2406 in
1085 2368 1248 2419 templo
1280 2370 1432 2406 nostro
1464 2366 1620 2405 concio
1655 2379 1820 2418 germa-

195 2443 293 2481 nica
324 2447 368 2480 et
402 2441 536 2479 lectio
569 2440 868 2479 catechistica.
903 2441 953 2478 D.
988 2439 1205 2478 Henricus
1234 2437 1247 2457 ⁵
1278 2438 1319 2476 in
1349 2437 1460 2476 arcis
1490 2437 1653 2488 templo
1677 2450 1821 2476 coram

246 2578 266 2598 a
318 2577 396 2615 Cui
416 2587 495 2613 ms.

247 2715 256 2735 ¹
308 2714 389 2751 Die
406 2712 452 2750 23
472 2706 729 2750 Novembris.

247 2774 260 2794 ²
310 2772 514 2810 Henricus
533 2770 782 2808 Scribonius.

247 2833 261 2853 ³
311 2831 543 2880 Stephanus
562 2830 763 2873 Liberius.
786 2830 835 2867 de
854 2843 933 2878 quo
952 2830 1043 2868 vide
1062 2843 1157 2879 pag.
1177 2832 1260 2870 304.

246 2892 260 2913 ⁴
309 2891 582 2929 Wenceslaus
630 2889 833 2928 sturmius
879 2890 1051 2928 Romam
1095 2897 1298 2929 evocatus.
1347 2889 1416 2928 Cf.
1468 2888 1819 2936 BRAUNSBERGER‚

200 2951 252 2989 B.
275 2950 326 2988 P.
352 2950 517 2988 canisii
532 2950 668 2996 epist„
689 2948 740 2992 ΙΙ,
760 2948 841 2993 513,
861 2948 943 2986 557.

247 3010 261 3032 ⁵
312 3009 356 3051 Ρ.
378 3009 579 3050 Henricus
599 3007 853 3047 Blissemius.
