1908 3446
264 244 334 281 316
728 243 946 279 LITTERAE
974 241 1329 287 QUADMMESTRES

220 357 434 394 quaerere
457 347 534 396 ipsi
556 358 667 395 quae
689 357 766 383 sua
787 349 901 391 sunt,
926 342 1003 382 sed
1019 356 1130 394 quae
1152 343 1251 381 Iesu
1273 342 1448 389 Christi,
1473 354 1520 380 se
1541 346 1660 380 totos
1682 340 1837 378 utilita-

219 417 249 454 ti
271 429 510 466 puerorum
533 414 852 467 impendentes.

271 488 309 525 6.
370 488 519 538 Nuper
556 500 652 525 cum
686 487 754 525 Pr.
776 486 1054 537 prouincialis
1088 486 1094 504 ¹
1128 484 1212 523 Pri.
1246 485 1407 523 rectori
1441 483 1528 521 suis
1558 482 1693 520 literis
1725 493 1838 519 com-

219 558 471 596 mendasset
510 556 736 608 negotium
773 557 1050 595 comitiorum
1084 561 1440 607 augustanorum,
1480 559 1523 592 et
1557 553 1591 591 is
1626 552 1840 591 rationem

222 629 421 667 omnibus
450 629 752 679 proposuisset
774 641 858 679 qua
879 627 1023 666 diuina
1049 625 1281 677 impetrari
1305 627 1453 676 posset
1481 624 1621 676 gratia
1641 631 1674 671 ³,
1708 622 1841 661 omni-

220 700 299 739 bus
322 699 368 738 id
389 701 408 725 b
424 699 601 751 placuit3
624 698 740 737 vnde
761 705 935 750 praeter
956 698 1125 738 litanias
1149 704 1192 736 et
1228 696 1450 735 orationes
1470 696 1729 747 peculiares,
1754 695 1841 732 duo

221 774 366 811 tresue
387 777 406 797 0
430 770 626 822 quotidie
648 771 832 822 flagellis
853 784 931 822 per
965 771 1087 808 unius
1122 770 1378 808 «Miserere»
1414 767 1606 819 spacium
1637 778 1684 803 se
1716 764 1842 803 cede-

221 845 322 882 bant
358 844 391 890 ἃ,
434 848 478 881 et
510 842 757 892 huiusmodj
800 843 1043 880 litaniarum
1074 841 1275 878 recitatio
1307 839 1470 877 tamdiu
1503 842 1726 888 protracta
1761 839 1840 881 est,

221 915 364 953 donec
386 915 688 952 renunciatum
712 919 831 951 esset
853 914 997 951 soluta
1019 925 1116 951 esse
1140 912 1329 950 comitia.

274 997 310 1035 7.
373 986 525 1024 Paucis
555 984 712 1023 abhinc
733 985 888 1023 diebus
918 984 1027 1022 duos
1049 984 1104 1022 ad
1133 983 1404 1021 Societatem
1439 986 1632 1019 nostram
1653 977 1842 1028 suscepi·

225 1072 322 1097 mus
344 1068 376 1105 ὃ,
401 1071 585 1109 quorum
608 1057 718 1095 alter
739 1057 799 1094 ita
820 1055 1030 1094 candidus
1053 1060 1134 1102 est,
1158 1053 1328 1092 humilis
1353 1058 1396 1091 et
1418 1051 1648 1097 offitiosus,
1685 1055 1731 1088 ut
1755 1050 1845 1087 eius

223 1130 462 1180 synceritas
484 1142 535 1167 ac
555 1128 877 1179 promptissima
897 1128 938 1165 in
971 1127 1169 1165 omnibus
1201 1125 1454 1163 obedientia
1486 1123 1612 1162 nobis
1633 1122 1687 1160 sit
1717 1120 1846 1159 admi-

223 1202 397 1250 rationj.
423 1201 547 1239 Alter
569 1212 676 1238 uero
700 1199 843 1237 adhuc
862 1200 905 1237 in
928 1196 1150 1236 exercitiis
1173 1195 1465 1248 spiritualibus
1486 1199 1699 1233 uersatur.

276 1275 313 1311 8.
373 1273 461 1311 Iam
496 1284 603 1310 uero
626 1270 995 1323 quemadmodum
1011 1270 1169 1308 fratres
1191 1269 1233 1306 in
1264 1268 1352 1306 suis
1387 1268 1516 1305 rebus
1546 1278 1634 1304 non
1665 1265 1847 1315 exiguos

223 1345 386 1383 faciunt
405 1356 684 1395 progressus,
716 1343 778 1381 sic
800 1342 930 1380 etiam
954 1343 1108 1379 Patres
1129 1341 1170 1378 in
1205 1338 1581 1378 administratione
1603 1336 1725 1385 uerbj
1749 1335 1845 1384 Dej.

225 1417 370 1454 Habet
394 1415 507 1453 enim
525 1413 703 1465 singulis
726 1412 879 1451 diebus
899 1411 1128 1450 dominicis
1150 1416 1281 1461 atque
1302 1410 1427 1447 festis
1449 1421 1569 1447 suam
1592 1407 1848 1446 concionem

225 1500 348 1525 sacra
369 1486 503 1524 aedes
524 1483 898 1536 ingolstadiensis3
920 1483 1053 1521 habet
1077 1487 1121 1520 et
1142 1482 1310 1520 uicinus
1332 1479 1504 1530 quidam
1525 1491 1678 1529 pagus,
1702 1478 1744 1516 in
1765 1489 1848 1527 quo

225 1558 328 1596 satis
350 1557 539 1607 amplum
560 1556 748 1594 fructum
769 1555 1088 1605 perspeximus,
1108 1552 1225 1604 quod
1243 1551 1459 1602 simplices
1476 1550 1538 1599 illj.
1559 1556 1689 1599 atque
1706 1560 1850 1599 agres-

226 1635 294 1668 tes
323 1630 334 1654 ἶ
368 1632 539 1667 attento
562 1629 724 1678 pioque
746 1626 889 1665 animo
924 1631 1102 1664 nostros
1123 1624 1317 1671 audiunt,
1341 1621 1496 1674 quibus
1526 1626 1568 1659 et
1591 1633 1691 1659 suas
1718 1620 1850 1658 liben-

226 1707 292 1739 ter
315 1701 513 1751 aperiunt
536 1699 828 1738 conscientias
848 1698 875 1735 ².

279 1784 317 1820 9.
380 1772 478 1809 Hoc
499 1770 616 1808 idem
637 1769 801 1808 faciunt
828 1768 870 1806 in
905 1768 1069 1819 templo
1104 1773 1255 1806 nostro
1278 1767 1509 1818 aliquando
1531 1767 1747 1804 honestae
1768 1775 1851 1800 ma-

226 1848 381 1881 tronae
415 1842 682 1893 ingenuique
705 1840 1031 1878 adolescentes.
1056 1838 1165 1876 Item
1196 1838 1389 1876 nonnulli
1412 1837 1668 1876 sacerdotes
1690 1833 1851 1873 secula-

228 1927 297 1952 res
330 1919 580 1952 nostrorum
605 1914 779 1951 Patrum
801 1919 824 1944 g
844 1911 886 1949 in
917 1910 1216 1949 conscientiae
1247 1922 1351 1949 suae
1381 1908 1631 1960 expiatione
1663 1907 1723 1944 uti
1755 1918 1852 1944 con-

228 1990 482 2024 sueuerunt.
508 1984 629 2033 Multj
652 1984 694 2021 in
715 1984 797 2021 hac
819 1983 997 2021 ciuitate
1028 1985 1142 2027 sunt,
1167 1980 1237 2030 quj
1262 1980 1317 2018 de
1347 1980 1485 2029 nostrj
1519 1979 1668 2030 templj
1701 1989 1852 2028 angus-

227 2056 297 2093 tiis
320 2060 657 2105 conqueruntur;
680 2053 797 2105 quod
832 2053 867 2091 si
896 2053 1160 2090 haberemus
1182 2051 1333 2098 maius,
1358 2050 1536 2089 dubium
1557 2063 1644 2088 non
1668 2054 1735 2087 est
1755 2047 1853 2098 quin

229 2127 364 2164 multo
400 2127 546 2176 plures
581 2125 635 2164 ad
656 2123 909 2176 quotidiana
929 2122 1155 2169 sacrificia,
1189 2122 1493 2161 confessiones
1529 2120 1853 2168 concionesque

229 2203 556 2237 concurrerent.
581 2196 833 2245 [Quaedam
860 2194 1066 2247 feminae
1097 2206 1125 2231 a
1161 2193 1394 2232 daemonis
1424 2192 1718 2244 infestatione
1755 2189 1852 2229 libe-

231 2271 416 2317 rantum
441 2269 538 2307 alia
558 2268 755 2307 sanitati
776 2267 1063 2316 restituitur.j

289 2351 350 2379 10.
414 2340 650 2380 Coeternm
670 2354 809 2391 neque
830 2341 904 2380 Izic
933 2343 1066 2383 modo
1101 2339 1226 2378 milis
1247 2341 1310 2378 est
1339 2337 1624 2383 nostrlorum
1646 2336 1795 2385 ope-ra]
1819 2332 1852 2379 ¹¹,

229 2413 305 2451 sed
326 2411 463 2450 etiam
481 2411 695 2461 partibus
716 2412 899 2451 uicinis.
937 2413 1086 2463 Nuper
1108 2411 1164 2449 ad
1186 2409 1499 2449 monasterium
1520 2405 1739 2457 quoddam
1760 2404 1856 2442 hinc

231 2482 371 2520 tribus
397 2484 643 2532 [remotum]
663 2484 673 2508 i
694 2482 930 2522 miliaribus
957 2482 1166 2535 postulati
1202 2485 1299 2520 sunt
1317 2480 1402 2518 duo
1426 2491 1480 2517 ex
1509 2477 1708 2515 Patribus
1729 2474 1855 2513 colle-

279 2656 299 2675 a
349 2655 399 2692 ad
417 2655 595 2692 diuinam
614 2655 912 2701 impetrandam
931 2655 1106 2702 gratiam
1124 2666 1169 2690 se
1188 2653 1464 2700 disponerent.
1522 2650 1587 2675 —b
1608 2660 1670 2685 ea.

281 2724 298 2742 ὓ
342 2715 540 2752 nonnulli.
586 2715 652 2740 —d
672 2715 858 2761 quamuis
876 2714 1103 2752 huiusmodi
1122 2712 1299 2759 corporis
1313 2710 1526 2757 castigatio
1540 2708 1689 2754 alioqui
1707 2705 1856 2744 dificilis

233 2774 442 2822 germanis
459 2773 587 2811 videri
607 2773 755 2811 soleat.
812 2781 876 2800 -θ
897 2773 1163 2811 admissimus.
1216 2772 1275 2797 —f
1300 2770 1496 2808 homines.
1547 2776 1616 2801 —g
1636 2778 1770 2814 opera.

282 2836 301 2861 ¹²
347 2835 615 2880 consumpta
629 2833 795 2871 charta.
851 2834 908 2859 ——i
936 2833 1005 2871 Ita
1024 2837 1172 2880 apogr.

285 3000 292 3018 ¹
347 2996 395 3034 B.
415 2995 565 3033 Petrus
584 2994 786 3032 Canisius.

287 3058 300 3078 ²
352 3055 467 3094 Vide
481 3067 575 3102 pag.
597 3054 673 3091 155.
