1908 3446
263 274 331 310 482
745 268 962 305 LITTERAE
989 265 1345 311 QUADRIMESTRES

216 376 427 415 adulterio
459 373 817 424 depraehendens
852 378 869 395 a
897 381 1057 407 necare
1094 368 1334 419 cogitabat3
1366 368 1419 406 ab
1449 368 1536 406 hoc
1562 368 1826 418 vimprobissi-

217 461 284 485 mo
321 445 499 484 consilio
535 445 586 481 ab
622 455 706 480 uno
745 454 797 479 ex
832 440 993 478 nostris
1029 443 1265 477 reuocatus
1307 443 1388 477 est.
1427 439 1547 477 Alius
1583 451 1637 477 ex
1682 437 1826 478 ciuita-

217 520 268 555 tis
311 516 570 568 principibus
614 512 900 551 concubinam
943 511 984 547 in
1028 522 1211 548 uxorem
1256 510 1441 560 accepit,
1479 511 1675 560 quamuis
1711 516 1828 550 esset
1880 498 1881 504 ἵ

215 589 365 627 mulier
405 599 567 637 pauper
603 590 647 622 et
680 582 867 629 humilis,
905 582 997 632 ipse
1033 586 1179 619 autem
1214 580 1339 619 diues
1370 586 1415 618 et
1448 581 1619 619 nobilis.
1657 581 1826 620 Accidit
1876 595 1879 634 j

216 660 344 697 etiam
380 670 449 695 res
470 661 622 694 notatu
645 655 788 705 digna.
816 653 966 691 Mulier
994 651 1207 702 quaedam
1233 664 1287 689 ex
1317 652 1382 690 his
1417 664 1529 703 quae
1563 651 1617 690 ad
1645 665 1726 690 nos
1759 665 1824 692 ac·
1881 649 1883 656 ⁴

214 730 388 776 cedunt,
411 728 558 766 nescio
582 740 667 778 quo
690 725 1068 776 proficiscebatur3
1092 735 1329 774 aggressus
1352 729 1419 761 est
1441 736 1536 761 eam
1556 723 1599 761 in
1621 724 1745 774 sylua
1764 737 1824 763 ar·
1879 717 1883 764 s

213 808 350 839 matus
372 800 558 851 quidam,
582 812 708 849 quam
740 810 836 835 cum
867 797 1031 834 uiolare
1055 800 1304 842 conaretur,
1330 800 1374 833 et
1394 795 1465 833 illa
1485 795 1588 833 forti
1610 799 1653 832 et
1676 801 1823 835 erecto
1882 798 1884 803 '

212 874 351 911 animo
392 873 430 909 in
466 871 653 922 puritate
688 867 960 919 persisteret,
985 878 1240 905 mucronem
1274 866 1348 904 ille
1387 866 1553 917 gutturi
1586 865 1824 906 admonens
1881 851 1883 854 .

212 949 394 982 mortem
417 942 671 987 minabatur,
703 940 783 978 nisi
807 937 1194 989 deprauatissimae
1222 949 1326 975 suae
1349 935 1574 988 cupiditati
1594 938 1823 976 assentire·
1878 921 1881 926 ⁴

210 1021 291 1053 tur.
316 1016 391 1052 Illa
411 1014 595 1052 maxima
618 1011 862 1050 constantia
883 1010 1028 1047 aiebat
1059 1008 1346 1046 libentissime
1377 1007 1565 1059 migrare
1592 1007 1647 1046 ad
1681 1009 1823 1048 Domi-

209 1100 308 1125 num
330 1098 432 1124 suae
456 1082 750 1123 continentiae
773 1080 1019 1127 custodem;
1051 1080 1113 1118 sic
1133 1092 1241 1130 pura
1260 1078 1498 1129 illaesaque
1522 1078 1677 1117 euasit.
1702 1079 1823 1119 Haec

209 1159 312 1195 sunt
332 1158 350 1181 b
372 1156 561 1207 uirgines
582 1156 680 1192 illae
702 1153 923 1192 nascentis
945 1153 1178 1198 ecclesiae,
1202 1163 1314 1202 quae
1337 1156 1495 1189 cuncta
1514 1163 1592 1201 pro
1624 1150 1821 1190 castitate

210 1229 408 1266 subibant
430 1232 660 1265 tormenta.
685 1226 730 1263 In
762 1224 1010 1262 carceribus
1040 1236 1118 1274 per
1152 1228 1330 1260 nostros
1351 1222 1486 1260 multa
1517 1221 1679 1260 effecta
1709 1227 1818 1270 sunt,

208 1311 318 1349 quae
338 1298 556 1349 pertinent
577 1296 630 1335 ad
651 1296 932 1334 saluberrima
949 1293 1240 1332 confessionis
1262 1291 1668 1343 communionisque
1684 1303 1820 1330 sacra-

210 1374 365 1408 menta.

260 1453 296 1490 7.
354 1442 448 1479 Nec
467 1439 569 1477 illud
590 1440 660 1476 hic
681 1438 894 1485 reticebo,
913 1436 1030 1488 quod
1050 1448 1188 1487 nuper
1206 1436 1253 1474 P.
1273 1436 1435 1473 Rector
1456 1434 1740 1485 quorumdam
1760 1433 1818 1473 vi·
1877 1453 1879 1458 ·

208 1526 350 1551 rorum
381 1524 482 1550 sane
512 1512 747 1562 proborum
779 1507 1171 1560 congregationem
1202 1506 1420 1553 instruxit,
1451 1506 1523 1555 qui
1552 1507 1595 1544 in
1626 1506 1723 1554 dies⁴
1750 1519 1818 1544 au·
1872 1515 1874 1523 ¹

207 1590 363 1635 gentur
386 1589 429 1621 et
449 1595 628 1621 numero
653 1587 697 1620 et
717 1580 860 1619 studio
884 1581 1108 1626 uirtutum,
1132 1584 1358 1630 totamque
1381 1579 1606 1618 ciuitatem
1627 1576 1681 1616 ad
1701 1578 1817 1616 Chri-

208 1659 317 1692 stum
340 1654 572 1693 traducunt
596 1660 626 1690 c:
658 1653 744 1691 hoc
774 1653 888 1690 enim
920 1655 985 1689 est
1017 1663 1170 1689 eorum
1197 1663 1366 1698 munus,
1400 1651 1592 1700 reliquos
1622 1647 1676 1686 ad
1705 1661 1818 1687 men-

207 1739 294 1765 sam
325 1726 581 1764 dominicam
614 1725 847 1771 cohortari‚
880 1728 1091 1774 aegrotos
1118 1723 1326 1769 inuisere,
1360 1722 1511 1772 eisque
1540 1733 1668 1772 opem
1688 1720 1814 1760 ferre.

207 1798 389 1847 Quidam
412 1810 540 1835 suasu
568 1803 816 1834 nostrorum
838 1795 892 1833 ad
920 1795 1195 1846 religionem,
1229 1806 1284 1832 ex
1304 1806 1389 1844 qua
1417 1794 1500 1832 iam
1532 1793 1605 1831 diu
1635 1792 1814 1840 exierat,

205 1881 405 1907 reuersus
428 1874 507 1907 est.
532 1868 652 1906 Multi
679 1869 731 1906 ab
763 1874 863 1905 octo
895 1867 1111 1906 decemue
1140 1867 1268 1907 annis·
1291 1879 1380 1904 non
1411 1865 1616 1912 confessi,
1648 1865 1816 1915 integre
1870 1899 1874 1921 :

205 1953 281 1978 sua
306 1940 634 1978 manifestarunt
662 1944 858 1990 peccata.
894 1938 1121 1988 Quaedam
1152 1938 1306 1976 mussier
1338 1949 1393 1975 ex
1424 1949 1554 1975 seruo
1587 1948 1665 1974 suo
1686 1935 1815 1979 filium
1870 1947 1873 1974 ε

201 2010 284 2048 iam
303 2016 569 2061 susceptura,
590 2014 681 2047 erat
699 2009 939 2048 occidenda
959 2022 984 2047 a
1000 2010 1171 2047 marito.
1193 2008 1457 2047 Praestitum
1476 2012 1543 2046 est
1564 2020 1589 2045 a
1605 2008 1652 2045 P.
1666 2009 1813 2054 nostro
1870 2031 1871 2034 =

203 2087 249 2119 ut
270 2082 435 2119 animae
467 2081 746 2131 corporisque
768 2080 895 2118 saluti
917 2080 1238 2118 consuleretur.
1276 2079 1484 2118 Nonnulli
1507 2090 1531 2116 a
1553 2082 1723 2128 septem
1743 2075 1814 2114 mi·

202 2152 376 2189 liaribus
414 2151 467 2189 ad
504 2164 584 2190 nos
624 2151 859 2189 confitendi
897 2151 1038 2202 gratia
1077 2151 1321 2189 confluunt.
1365 2149 1552 2200 Quidam
1593 2149 1722 2187 etiam
1761 2160 1813 2192 ex

201 2222 337 2271 primo
369 2221 555 2260 ciuitatis
585 2221 838 2272 magistratu
868 2227 1001 2260 noctu
1023 2221 1077 2259 ad
1107 2235 1188 2260 nos
1218 2221 1400 2259 ueniunt
1429 2220 1544 2270 (nam
1566 2219 1639 2257 diu
1660 2218 1812 2257 dexire

201 2294 456 2344 nequeunt),
480 2298 526 2330 ut
547 2298 825 2332 sacrosancto
849 2293 1007 2333 Christi
1031 2305 1218 2344 corpore
1240 2297 1514 2339 recreentur3
1545 2292 1658 2330 vnde
1671 2288 1813 2342 facile

196 2363 474 2414 perspicitur
503 2366 813 2403 beneuolentia
842 2372 859 2390 e
897 2370 941 2403 et
970 2365 1223 2403 reuerentia
1249 2377 1339 2415 qna
1372 2376 1453 2402 nos
1486 2375 1638 2402 omnes
1668 2373 1811 2413 prose-

201 2441 400 2485 quuntur.
426 2435 546 2473 Illud
567 2435 638 2474 hic
659 2436 712 2473 ad
733 2437 813 2474 Dei
834 2436 1007 2475 laudem
1029 2436 1176 2475 dicere
1207 2435 1372 2483 ausim,
1406 2436 1524 2485 quod
1545 2434 1556 2459 f
1581 2433 1731 2472 nescio
1760 2445 1811 2470 an

201 2505 303 2543 ulibi
330 2505 390 2543 sit
411 2506 611 2545 Societas
643 2513 793 2545 nostra
823 2513 912 2546 tam
941 2508 1164 2546 honorata
1199 2514 1237 2555 g,
1261 2519 1388 2558 quam
1417 2506 1503 2544 hic.
1537 2506 1591 2543 Et
1620 2503 1811 2555 quamuis

200 2576 493 2627 superioribus
528 2577 680 2615 diebus
709 2577 750 2615 in
789 2591 869 2616 nos
903 2579 1077 2629 publice
1108 2583 1349 2617 scommata
1384 2575 1623 2628 parietibus
1665 2575 1809 2625 affige·

199 2652 361 2694 rentur,
384 2647 446 2686 sic
475 2653 621 2686 tamen
653 2649 721 2698 alij
752 2663 832 2687 nos
854 2649 1165 2698 defendebant,
1189 2655 1235 2688 ut
1266 2654 1433 2696 contra,
1457 2646 1609 2686 laudes
1642 2651 1809 2685 nostras

199 2723 242 2756 et
262 2718 435 2769 quidem
457 2720 738 2770 amplissimas
759 2721 1042 2760 ascriberent.
1068 2722 1182 2760 Hinc
1204 2726 1286 2769 est,
1309 2720 1428 2772 quod
1457 2718 1724 2758 incredibilis
1746 2721 1808 2756 est

196 2790 423 2828 mulierum
445 2791 722 2841 uirorumque
743 2792 1003 2831 nobiliorum
1025 2793 1080 2831 ad
1099 2797 1298 2832 nostrum
1321 2791 1531 2843 templum
1554 2801 1805 2829 concursus.

241 2957 261 2975 ²²
280 2949 589 2996 depraehensos.
618 2951 682 2975 —b
704 2950 940 2988 Huiusmodi
959 2957 1087 2990 erant.
1118 2960 1182 2979 —0
1204 2952 1418 2989 traducere
1436 2951 1632 2989 nituntur.
1661 2950 1728 2975 -d
1752 2949 1806 2986 in·
1863 2934 1865 2939 ‚

193 3008 337 3045 terdiu.
403 3016 467 3034 -θ
488 3009 600 3045 mira.
666 3010 723 3034 *f
746 3016 784 3046 et
804 3011 921 3057 (quod
940 3011 990 3048 ad
1008 3012 1088 3048 Dei
1107 3012 1268 3050 laudem
1288 3012 1438 3049 dietum
1456 3011 1535 3055 sit).
1591 3017 1659 3050 —g
1685 3008 1809 3046 socie-1
1862 3001 1863 3005 ¹

193 3071 318 3104 tatem
336 3072 512 3104 nostram
530 3072 642 3104 tanto
659 3068 807 3106 honore
826 3072 996 3116 populus
1014 3073 1136 3108 colat.
