1908 3446
241 228 311 268 278
724 229 947 268 errssRAE
973 230 1329 276 QUADRIMESTRES

191 339 465 381 premeretur
494 334 643 379 nimio,
683 333 901 380 eleuabat,
934 337 980 371 vt
1012 332 1268 379 dimitteret,
1303 344 1429 371 orans
1463 345 1518 371 ne
1553 334 1640 372 hoc
1675 333 1819 372 officio

190 400 379 443 fructum
400 404 639 455 patientiae
662 404 871 442 auferret.
895 405 991 443 Vno
1016 403 1169 450 verbo,
1194 403 1254 441 ita
1275 416 1322 442 se
1344 404 1385 441 in
1416 409 1557 442 morte
1592 405 1744 455 gessit,
1777 408 1822 442 vt

191 474 293 513 nihil
316 488 458 526 supra.
486 476 600 525 Quin
621 480 937 513 testamentum
961 475 1092 513 etiam
1114 474 1220 512 fecit
1242 475 1283 512 in
1304 487 1389 524 quo
1413 487 1581 513 summo
1605 475 1748 513 studio
1780 475 1823 513 li-

190 547 323 584 beros
353 545 407 584 ad
436 546 705 596 probitatem
736 546 1009 593 hortabatur,
1043 546 1154 584 hanc
1183 545 1301 583 vitae
1333 544 1489 584 ducem
1513 558 1610 584 esse
1633 546 1821 595 dicebat,

191 630 318 669 quam
340 618 412 668 qui
432 616 697 667 possideret,
723 616 897 654 diuitias
921 629 1073 655 omnes
1095 616 1213 655 domi
1233 617 1415 659 habere:
1449 630 1499 655 ea
1530 631 1636 656 vero
1675 624 1824 656 contra

190 691 263 740 qui
294 693 479 737 careret,
513 689 641 727 bonis
674 688 874 727 omnibus
898 688 1166 740 expoliatum
1191 701 1305 737 esse3
1331 694 1373 727 et
1395 690 1478 728 alia
1499 690 1632 728 multa
1653 691 1693 728 in
1715 690 1824 728 hanc

194 760 474 800 sententiam.
500 760 566 799 Ac
587 760 641 798 de
664 760 751 799 hoc
771 760 948 811 quidem
970 759 1088 799 satis.
1119 761 1184 798 Ex
1214 773 1299 812 quo
1333 762 1379 799 P.
1413 761 1462 799 T.
1495 760 1711 812 integrum
1745 763 1824 801 erit

193 833 359 883 reliqua
382 832 607 883 colligere.

244 905 281 942 8.
344 905 527 942 Possem
551 903 665 941 enim
688 902 841 941 similia
860 903 1061 954 exempla
1079 904 1213 941 multa
1229 903 1404 941 afferre.
1427 902 1589 942 Dicam
1609 903 1758 955 igitur
1775 905 1824 944 de

193 975 285 1014 aliis
316 975 389 1025 qui
418 978 599 1025 propter
628 974 797 1013 leuiora
826 972 1077 1012 detinentur
1097 974 1129 1011 δ’.
1156 973 1242 1012 His
1264 973 1507 1013 destinatus
1530 980 1597 1013 est
1628 975 1748 1014 locus
1783 977 1823 1014 in

191 1057 371 1085 carcere
390 1045 464 1084 vbi
483 1045 578 1084 fere
601 1057 775 1096 semper
792 1044 970 1083 ducenti
991 1049 1064 1082 aut
1083 1045 1271 1084 trecenti
1293 1051 1588 1093 asseruantur,
1608 1047 1678 1097 qui
1696 1047 1824 1085 inter-

191 1117 292 1156 dum
315 1117 510 1156 moribus
531 1115 775 1168 persimiles
797 1122 897 1155 sunt
914 1116 1176 1166 compeditis
1198 1117 1436 1169 remigibus
1454 1117 1708 1165 triremium,
1728 1131 1823 1157 nam

190 1188 292 1228 inde
313 1188 355 1227 in
375 1187 579 1226 triremes
600 1188 867 1240 relegantur.
892 1190 987 1228 Hos
1009 1201 1142 1241 saepe
1166 1189 1404 1227 conuenire
1426 1189 1571 1227 solent
1587 1190 1725 1228 nostri
1749 1191 1823 1228 Pa-

189 1264 281 1299 tres
304 1264 347 1298 et
371 1272 522 1298 eorum
547 1259 851 1299 confessiones
872 1260 1037 1298 audire.
1063 1261 1284 1311 Tempore
1303 1260 1485 1309 jubilaei
1513 1266 1556 1298 et
1584 1260 1823 1312 quadrage-

190 1332 325 1371 simae
347 1332 412 1382 (vt
433 1344 503 1370 me
524 1337 760 1383 praesente
782 1331 954 1371 cuidam
974 1332 1093 1371 Patri
1114 1332 1455 1384 responderunt)
1478 1343 1630 1370 omnes
1652 1339 1824 1383 praeter

189 1416 322 1441 vnum
345 1402 537 1441 confessi
559 1403 748 1450 fuerant,
772 1415 903 1454 quem
924 1402 1090 1442 audiuit
1110 1403 1204 1455 ipse
1227 1405 1372 1442 Pater.
1398 1405 1535 1442 Porro
1557 1417 1645 1443 non
1666 1404 1824 1443 desunt

192 1474 272 1514 viri
293 1474 490 1526 religiosi
506 1475 579 1525 qui
600 1475 757 1525 stipem
781 1479 960 1526 cogunt,
979 1487 1107 1525 quam
1129 1487 1206 1527 per
1229 1477 1381 1514 Patres
1419 1477 1586 1526 egenis,
1620 1477 1823 1515 maxime·

190 1558 275 1597 que
306 1546 542 1593 destitutis,
582 1551 783 1598 erogant3
820 1546 943 1585 cuius
980 1559 1063 1598 ope
1099 1547 1221 1586 multi
1257 1560 1281 1585 e
1321 1560 1498 1586 carcere
1535 1547 1821 1587 dimittuntur.

191 1617 405 1657 Custodes
426 1629 531 1656 vero
554 1617 756 1656 carceris
787 1616 924 1657 libere
953 1630 1037 1656 nos
1061 1621 1144 1669 per
1175 1620 1304 1658 aedes
1333 1619 1508 1670 vagari
1537 1619 1821 1669 permittunt.

191 1688 316 1728 Haec
334 1689 549 1727 hactenus
571 1688 626 1726 de
649 1701 828 1727 carcere
851 1688 990 1740 regio,
1014 1701 1129 1727 nunc
1150 1702 1261 1740 quae
1279 1689 1334 1727 de
1357 1689 1556 1728 custodia
1577 1690 1620 1728 S.
1648 1691 1822 1741 Inquisi-

192 1760 361 1798 sitionis
383 1758 570 1798 dicenda
591 1765 705 1807 sunt,
729 1759 878 1811 paucis
899 1761 1140 1799 absoluam.

243 1843 281 1882 9.
343 1832 546 1882 Plerique
568 1832 724 1870 horum
746 1832 828 1870 viri
857 1845 908 1871 ac
939 1833 1145 1871 mulieres
1180 1836 1253 1871 aut
1288 1839 1467 1884 propter
1500 1834 1716 1873 haeresim
1752 1842 1823 1873 aut

188 1903 452 1953 judaismum
467 1902 511 1941 in
528 1901 752 1942 custodias
768 1903 930 1951 traditi,
951 1908 1049 1942 sunt
1066 1903 1129 1954 (vt
1146 1903 1335 1954 dicunt),
1355 1904 1440 1951 alii,
1456 1910 1501 1942 vt
1515 1904 1600 1943 dici
1617 1905 1745 1953 solet,
1761 1919 1824 1945 re-

191 1975 410 2014 conciliati
431 1974 502 2012 vel
523 1974 823 2026 poenitentes,
848 1975 919 2013 alii
939 1974 1227 2026 producendi,
1254 1975 1325 2026 qui
1347 1975 1450 2013 licet
1476 1988 1563 2013 non
1586 1976 1669 2014 sint
1696 1978 1824 2027 perti-

189 2058 337 2092 naces,
358 2050 505 2084 tamen
521 2045 769 2084 accuratius
787 2045 840 2083 ad
857 2045 989 2084 fidem
1006 2045 1267 2084 informandi
1289 2051 1403 2093 sunt3
1426 2047 1698 2096 potissimum
1721 2061 1823 2086 neo-

190 2116 327 2168 phyti,
352 2116 425 2167 qui
448 2120 492 2153 et
517 2117 691 2154 occulte
713 2117 732 2141 b
754 2116 1015 2155 traditiones
1036 2115 1147 2168 legis
1168 2116 1389 2155 mosaicae
1409 2116 1660 2165 obseruant,
1686 2122 1729 2156 et
1750 2119 1823 2157 lin-

191 2200 321 2238 guam
342 2187 582 2226 hebraeam
606 2186 786 2234 docent;
811 2186 1055 2226 cuiusmodi
1075 2186 1379 2238 depraehensa
1411 2193 1479 2226 est
1507 2200 1618 2227 anno
1654 2195 1823 2240 praete-

190 2258 273 2298 rito
295 2259 446 2297 vetula
467 2258 698 2308 quaedam.
724 2257 802 2297 His
824 2259 955 2310 igitur
979 2257 1265 2298 concionatus
1297 2264 1364 2297 est
1396 2261 1525 2298 Pater
1547 2265 1694 2299 rector
1715 2261 1823 2299 duos

191 2336 264 2368 aut
299 2335 390 2369 tres
426 2342 617 2378 menses,
654 2330 777 2369 cuius
800 2331 1087 2369 concionibus
1110 2343 1194 2382 ego
1216 2329 1436 2369 interdum
1457 2331 1575 2379 affui,
1599 2332 1642 2370 in
1669 2331 1823 2383 quibus

194 2414 368 2452 semper
399 2401 454 2440 de
485 2400 573 2439 fide
596 2401 859 2449 disserebat,
882 2406 1062 2452 propter
1082 2403 1333 2453 neophytos
1364 2409 1380 2426 0
1401 2402 1655 2452 frequenter
1685 2416 1822 2442 sacra-

191 2486 286 2511 rum
320 2473 545 2511 literarum
581 2478 711 2511 vtens
747 2473 1018 2520 testimonio,
1057 2473 1371 2523 comprobabat
1407 2473 1627 2512 Christum
1656 2475 1819 2525 Jesum,

191 2544 273 2582 Dei
289 2544 438 2591 filium,
458 2557 483 2582 a
497 2544 653 2594 Moyse
671 2557 722 2583 ac
740 2544 982 2595 prophetis,
1002 2545 1098 2582 Deo
1116 2543 1352 2592 indicante,
1371 2545 1632 2595 promissum
1649 2546 1733 2584 iam
1750 2559 1822 2585 ve-

190 2613 323 2662 nisse,
343 2627 426 2653 nec
444 2616 602 2653 iterum
620 2619 751 2653 antea
768 2619 1000 2653 venturum
1017 2620 1186 2666 aperte,
1206 2628 1332 2665 quam
1349 2620 1575 2666 postremo
1594 2616 1757 2664 veniat,
1776 2622 1822 2655 vt

190 2685 393 2724 restituat
414 2699 466 2725 ac
488 2686 748 2725 reaedificet
766 2687 1006 2725 caelestem
1036 2687 1290 2734 Ierusalem,
1315 2686 1523 2738 improbis
1545 2687 1599 2725 ad
1631 2700 1783 2728 manes
1803 2689 1822 2713 ‘¹

190 2757 396 2805 detrusis,
421 2757 583 2796 sanetis
605 2770 712 2796 vero
736 2758 778 2796 in
815 2759 1056 2797 caelestem
1077 2757 1397 2797 beatitudinem
1424 2758 1662 2810 prouectis.
1692 2759 1821 2798 Dein-

191 2829 247 2868 de
267 2828 322 2868 ad
341 2829 598 2880 patientiam
619 2830 891 2868 hortabatur.
915 2829 1080 2868 Aderat
1101 2841 1274 2880 semper
1291 2829 1465 2880 quidam
1495 2829 1718 2878 sacerdos,
1742 2830 1820 2869 So-

237 2983 257 3002 a
308 2983 362 3020 In
383 2993 462 3020 ms.
486 2993 604 3020 nunc
619 2984 946 3030 exstat-virgula
965 2985 1034 3030 (,).
1088 2985 1152 3009 —b
1174 2983 1229 3021 In
1244 2993 1325 3022 ms.
1341 2984 1519 3021 videtur
1530 2983 1744 3029 scriptum
1760 2998 1819 3023 oe-

191 3043 339 3080 cultae.
398 3049 458 3068 -0
479 3055 528 3080 ex
547 3041 744 3090 judaismo
763 3042 870 3080 add.
893 3042 986 3080 Pol.
1051 3042 1119 3070 —d
1138 3047 1306 3081 tartara.

1896 1352 1899 1413 ἐ

1896 1427 1900 1477 2
