1908 3446
218 151 288 189 ‘218
670 152 892 190 L1TTERAE
920 153 1283 199 Qtnnfflnffisrfflss

171 256 279 307 gotij
302 256 530 295 lutherana
552 257 738 307 vestigia
759 256 1033 295 facesserunt
1057 260 1083 304 ¹,
1105 257 1265 294 nostris
1288 269 1374 294 non
1396 256 1535 294 solum
1555 256 1798 314 orationum

170 327 390 379 suffragijs
412 329 549 366 iuvari
570 330 806 379 postulant.
831 342 983 368 uerum
1005 330 1218 381 aliquibus
1239 327 1281 367 in
1302 329 1367 366 his
1388 341 1499 379 quae
1527 328 1581 366 ad
1603 334 1798 367 sanctum

169 400 341 438 illorum
363 413 520 438 munus
542 406 741 451 spectant
761 402 794 448 ²¹,
818 406 1013 440 vtuntur:
1037 415 1220 453 quorum
1248 401 1399 439 labore
1421 401 1602 438 multum
1624 398 1798 450 quidem

170 470 317 509 diuine
339 471 505 522 gloriae
527 472 847 510 accumulatum
871 485 969 511 esse
1001 473 1201 511 arbitror.
1236 471 1347 510 Hinc
1379 471 1509 509 etiam
1529 471 1692 510 factum
1715 477 1796 518 est,

169 548 215 581 vt
250 543 310 581 illi
341 544 587 595 grauissimi
621 545 701 583 viri
728 544 963 583 Societatis
999 557 1153 582 munus
1175 543 1229 582 ad
1251 557 1442 595 vnguem
1471 542 1795 595 percalluerint‚

172 622 215 653 et
237 621 444 665 quantum
466 618 509 655 in
525 618 657 656 rebus
674 615 793 664 fidei,
814 618 1057 656 catholicae
1078 616 1294 655 ecclesiae
1311 616 1459 654 faueat
1479 617 1498 640 b
1520 615 1796 654 intellexere.

170 687 264 726 Nec
294 688 372 726 sibi
396 694 561 727 tantum
583 689 625 727 in
655 689 739 727 hac
772 702 818 727 re
860 695 1085 740 comperta
1120 689 1406 739 gratulantur,
1440 687 1518 726 sed
1539 687 1684 725 multis
1704 687 1798 736 alijs

167 759 228 796 ita
249 759 446 809 impense
469 760 741 798 Societatem
765 760 1073 798 commendant
1107 760 1189 798 hac
1224 759 1265 797 in
1300 771 1362 806 re,
1397 765 1439 797 et
1462 758 1599 797 uerba
1618 758 1798 810 ingemi-

168 837 270 869 nant
290 832 422 882 pleno
447 844 523 870 ore
545 831 745 870 laudibus
768 832 946 871 referta.
980 839 1026 869 vt
1058 830 1303 882 subpudeat
1324 830 1393 868 illa
1415 830 1600 877 referre3
1621 843 1677 868 ne
1700 821 1797 869 cum

169 902 407 941 Societatis
430 904 630 941 minimus
659 902 752 955 ipse
784 903 862 941 sim
884 904 1159 949 fraterculus,
1191 901 1330 940 laudis
1365 901 1525 952 aliquid
1558 901 1601 940 in
1621 902 1796 953 proprio

169 986 244 1012 ore
268 974 458 1013 sordeat.

222 1055 259 1094 7.
321 1046 466 1084 Multis
496 1047 590 1096 alijs
621 1046 893 1097 supersedeo
925 1047 1131 1085 bre-nitati
1167 1047 1362 1095 studens,
1399 1061 1584 1098 quorum
1615 1054 1632 1072 e
1667 1045 1796 1084 etiam

168 1130 255 1155 non
279 1118 471 1168 suppetit
492 1119 742 1157 meminisse
763 1119 968 1157 omnium.
992 1119 1133 1157 Vnum
1152 1126 1298 1157 tamen
1319 1132 1406 1157 non
1427 1118 1798 1170 praetereundum

170 1201 269 1227 sese
292 1189 396 1227 mihi
416 1189 459 1227 in
479 1189 599 1228 calce
625 1189 770 1228 offert.
790 1190 921 1228 Diem
943 1190 1015 1241 qui
1037 1189 1359 1229 circumcisioni
1380 1202 1505 1228 sacer
1528 1194 1609 1237 est,
1642 1190 1799 1228 solem-

167 1273 267 1299 nem
304 1261 575 1312 hilaremque
599 1262 874 1313 sumpsimus.
900 1261 1076 1313 Optime
1099 1268 1252 1300 ornata
1274 1262 1464 1301 ecclesia
1491 1260 1646 1313 pridie,
1675 1261 1798 1300 multi

168 1331 348 1370 adfuere
379 1332 665 1383 psalmodiae,
699 1345 784 1383 quo
806 1334 969 1371 tactum
1001 1337 1083 1380 est,
1116 1339 1162 1371 vt
1192 1334 1310 1384 plebi
1341 1333 1621 1372 concurrenti
1650 1331 1704 1371 ad
1738 1333 1799 1371 lu-

167 1402 349 1441 crandas
370 1402 665 1454 indulgentias
681 1404 983 1443 inseruiretur.
1002 1405 1059 1443 Vt
1078 1405 1192 1443 enim
1208 1405 1313 1443 licet
1327 1417 1405 1455 per
1423 1417 1637 1443 summum
1654 1404 1781 1442 Chris

167 1476 197 1513 ti
229 1476 452 1522 uicarium,
490 1475 561 1513 hic
591 1475 685 1514 dies
714 1476 797 1514 illis
827 1488 852 1514 a
879 1482 1032 1514 nostro
1056 1477 1185 1514 Patre
1213 1475 1355 1515 dictus
1386 1483 1467 1514 est.
1500 1477 1797 1527 Vnaquaeque

169 1547 299 1585 etiam
335 1547 490 1598 religio
512 1547 638 1586 binos
660 1547 713 1585 ad
743 1561 824 1586 nos
854 1548 969 1586 misit
991 1548 1246 1595 monachos,
1270 1549 1341 1600 qui
1372 1549 1507 1587 choro
1530 1561 1797 1599 mensaeque

166 1622 346 1656 nostrae
366 1618 650 1657 interessent.
685 1619 770 1668 Qui
793 1631 890 1658 cum
919 1620 1092 1670 plenam
1121 1620 1377 1658 habuissent
1398 1632 1593 1658 mensam
1613 1619 1655 1658 in
1690 1626 1797 1658 tem-

166 1690 254 1740 plo,
279 1690 409 1727 Patre
439 1689 673 1728 Francisco
704 1690 1004 1738 contionante,
1036 1692 1209 1742 plenam
1231 1704 1407 1743 quoque
1437 1691 1633 1730 habuere
1654 1691 1696 1730 in
1725 1692 1797 1730 tri-

168 1761 314 1807 cliniog
331 1773 416 1799 nec
434 1761 547 1799 enim
565 1760 703 1799 defuit
720 1761 792 1811 qui
808 1767 1004 1813 sumptus
1021 1762 1042 1787 d
1058 1761 1354 1813 suppeditans,
1375 1775 1562 1814 corpora
1576 1767 1794 1814 pasceret,

168 1840 212 1870 et
247 1845 302 1870 ex
332 1832 493 1871 nostris
528 1832 717 1883 quidam,
753 1834 825 1884 qui
854 1833 1029 1873 interim
1066 1835 1266 1874 oratione
1300 1848 1388 1874 non
1417 1835 1587 1874 insuaui
1617 1848 1668 1874 ac
1701 1835 1795 1873 fere

167 1909 510 1955 extemporanea
531 1904 699 1942 animos
721 1905 942 1953 reficeret,
965 1919 1290 1956 nonnumquam
1325 1906 1496 1957 graecis
1529 1907 1795 1958 hebreisque

164 1974 363 2014 thedjum
397 1976 565 2014 leuans.
591 1976 760 2015 Eodem
792 1977 863 2015 die
885 1977 937 2016 D.
962 1977 1190 2016 Ramerius
1207 1985 1240 2025 e,
1267 1990 1364 2016 curn
1386 1978 1488 2016 alibi
1517 1990 1641 2016 sacra
1661 1978 1796 2017 uerba

164 2047 359 2094 fecisset,
389 2046 564 2098 uesperi
594 2047 708 2098 apud
728 2061 810 2087 nos
841 2049 1122 2087 contionatus
1153 2055 1235 2087 est.
1268 2049 1542 2088 Numerosus
1573 2049 1704 2088 etiam
1740 2059 1809 2088 eo*

165 2117 237 2156 die
259 2118 562 2157 confitentium
593 2131 703 2169 grex
724 2119 820 2166 fuit,
850 2119 1080 2170 indiesque
1109 2120 1461 2158 numerosiorem
1492 2125 1792 2171 expectamus.

166 2190 292 2228 Faxit
314 2190 434 2227 Deus
464 2190 537 2240 qui
568 2191 862 2241 syngraphum
882 2190 1010 2230 nobis
1030 2191 1205 2242 reliquit
1226 2204 1274 2230 se
1289 2191 1302 2216 f
1322 2192 1557 2230 affuturum
1587 2204 1727 2242 vsque
1752 2193 1795 2230 in

164 2261 296 2299 finem
318 2260 456 2299 seculi
476 2265 503 2307 ²,
529 2262 844 2312 operariosque
862 2262 1006 2300 mittat
1021 2262 1065 2301 in
1080 2263 1256 2301 vineam
1273 2275 1409 2310 suam,
1432 2260 1550 2301 vnde
1565 2262 1796 2302 vberiores

162 2333 207 2371 in
226 2337 454 2383 posterum
474 2331 642 2370 fructus
675 2338 975 2383 expectamus,
1011 2332 1289 2385 [Imperitiae
1317 2333 1497 2373 veniam
1521 2335 1728 2385 postulat
1755 2336 1796 2374 et

163 2404 264 2442 vale
295 2402 436 2452 dicit.]
475 2403 616 2441 Pintia
636 2409 665 2451 ³,
702 2403 840 2454 prima
869 2403 940 2442 die
956 2403 1069 2455 Junij
1093 2412 1243 2444 ganno
1271 2405 1468 2453 milless.,
1498 2405 1793 2457 quingenteS.,

163 2474 476 2525 quinquagess.
499 2487 634 2513 nono.

164 2566 429 2586 —‚-—

209 2611 228 2630 ²³
279 2609 464 2648 Emend.
482 2621 533 2648 ex
551 2617 780 2657 expectant.
834 2613 900 2637 -b
922 2612 1112 2649 Emend.
1139 2624 1190 2651 ex
1202 2613 1382 2651 faueant.
1435 2624 1499 2642 -0
1518 2615 1656 2653 Prius
1672 2627 1791 2662 quae.

163 2671 233 2698 -u
251 2670 390 2708 Prius
406 2669 659 2716 summimus.
728 2679 793 2697 —e
814 2671 886 2708 Sic
903 2673 950 2708 in
969 2683 1052 2709 ms.
1071 2672 1209 2710 Prius
1222 2673 1443 2711 Ramirius.
1496 2676 1556 2701 -f
1581 2674 1637 2713 Se
1654 2680 1792 2723 supra

161 2741 368 2769 versum..
421 2737 491 2763 -g
510 2729 663 2768 Prius:
677 2730 701 2767 2
717 2730 904 2768 kalendis
922 2730 1037 2781 Maij.
1057 2732 1184 2779 Infra
1203 2744 1312 2771 vers.
1333 2734 1515 2772 calendis
1532 2734 1671 2783 Iunijs.

209 2860 219 2879 ¹
270 2856 401 2894 Paulo
427 2860 522 2893 ante
548 2855 848 2893 haereticorum
874 2857 1112 2904 perquisitio
1138 2857 1258 2901 facta,
1287 2862 1328 2895 et
1357 2859 1601 2906 supplicium
1630 2859 1680 2896 de
1710 2858 1791 2896 illis

160 2921 364 2965 sumptum
382 2920 471 2952 erat
489 2913 743 2952 Vallisoleti.
771 2914 836 2953 Cf.
857 2915 1012 2954 Lainii
1029 2916 1239 2960 Monam..
1259 2916 1336 2961 IV,
1351 2917 1434 2956 361.

208 2977 222 2998 ¹
272 2974 458 3017 MATTH„
479 2973 673 3020 XXVIII,
692 2973 755 3012 20.
1052 2975 1066 2996 ³
1115 2974 1365 3015 Valladolid.
