1908 3446
533 194 859 235 287.—C01.0N1A
884 194 930 233 27
958 194 1061 243 lumi
1093 195 1182 234 1559
1575 196 1644 235 287

823 433 932 486 287

455 574 506 622 Ρ.
546 574 891 622 HENRICUS
926 575 1295 624 DIONYSIUS

592 718 775 746 comum
801 708 847 746 27
868 708 980 755 JULu
1014 708 1102 745 1559
1131 710 1136 728 ¹

61 829 92 866 1.
118 826 465 878 Discipztlorum
486 829 526 867 et
547 827 860 867 convictorum
881 839 1100 867 numerus
1120 826 1396 867 anctus—2.
1424 829 1688 880 Complures

137 892 409 932 Societatem
432 892 618 945 ingredi
642 892 886 932 avent.—-3.
912 893 1092 932 Novitii
1106 895 1446 945 peregrinandi
1465 895 1689 946 cupidioe—

136 958 176 997 4.
213 958 458 998 Sociorum
488 959 750 1011 diligentia,
786 958 1117 1009 occupationes.
1151 959 1333 1000 Novum
1361 961 1579 1000 sacellum
1611 964 1689 1012 pa-

135 1027 304 1064 ratum.
339 1024 466 1065 Socii
497 1025 552 1064 ab
582 1024 782 1065 externis
811 1025 1175 1076 segregant-5.
1207 1024 1315 1077 Spes
1333 1026 1576 1078 fundandi
1603 1030 1689 1068 col-

133 1090 248 1142 legii
269 1090 502 1143 Neomagi
522 1093 561 1131 el-
584 1090 754 1130 Leodii.

112 1241 144 1268 1.
203 1231 232 1281 †
263 1230 353 1268 Pax
384 1228 501 1269 Chri.
528 1230 677 1269 Monet
698 1230 900 1282 publicae
923 1230 1121 1270 vtilitatis
1144 1231 1349 1279 studium,
1374 1232 1529 1271 suadet
1552 1233 1690 1272 chari-

0 1355 1 1358 Ἴ
57 1307 136 1349 tas,
162 1301 390 1341 extimulat
414 1300 682 1349 obedientia,
709 1302 755 1340 R.
781 1303 846 1350 P.‚
872 1309 918 1341 ut
939 1316 1051 1354 quae
1073 1315 1150 1354 per
1172 1316 1252 1342 nos
1275 1303 1487 1343 Dominus
1519 1306 1689 1356 operari

56 1371 254 1425 dignatus
278 1378 358 1421 est,
383 1373 437 1412 ad
467 1373 601 1425 ipsius
622 1375 807 1425 gloriam
828 1374 870 1413 in
901 1374 1092 1413 medium
1112 1374 1402 1425 proferamus.
1427 1375 1578 1426 Spicas
1599 1376 1689 1427 qui-

0 1445 1 1460 *
55 1444 152 1483 dem
185 1445 413 1493 habemus,
451 1446 530 1484 sed
552 1446 794 1498 manipulos
830 1446 993 1486 offerre
1029 1459 1304 1497 cuperemus.
1344 1448 1390 1485 In
1424 1447 1572 1498 primis
1603 1460 1689 1486 non

54 1529 284 1566 possumus
306 1518 354 1556 R.
389 1518 435 1555 P.
470 1518 519 1555 T.
553 1517 714 1565 celare,
748 1517 866 1570 quod
897 1522 939 1556 et
970 1531 1177 1557 numerus
1201 1519 1505 1557 conuictorum
1529 1523 1571 1557 et
1602 1524 1690 1557 stu-

55 1587 275 1627 diosorum
297 1589 350 1627 ab
372 1588 532 1627 ultimis
552 1590 691 1628 literis
721 1589 862 1628 factus
892 1590 947 1628 sit
968 1590 1247 1641 locupletior.
1278 1591 1403 1629 Hanc
1425 1589 1688 1629 cantilenam

58 1661 251 1712 quamuis
273 1660 448 1711 saepius
470 1661 733 1709 recinamus,
757 1675 874 1701 noua
894 1668 1042 1700 tamen
1065 1675 1240 1714 semper
1262 1663 1470 1701 iuuenum
1491 1663 1688 1701 accessio

55 1732 182 1770 etiam
203 1744 362 1771 nouam
385 1731 605 1771 scribendi
637 1734 863 1773 materiam
895 1733 1160 1785 suppeditat.
1198 1735 1378 1772 Praeter
1410 1734 1519 1773 alios
1547 1747 1692 1785 quam-

53 1804 272 1855 plurimos,
310 1805 432 1843 venit
468 1805 598 1844 etiam
632 1805 687 1844 ad
721 1819 801 1845 nos
838 1805 996 1857 elapsis
1030 1806 1196 1857 aliquot
1232 1806 1388 1845 diebus
1428 1806 1693 1846 adolescens

53 1873 221 1927 quidam
243 1876 548 1927 parrhisiensis
583 1878 777 1924 natione,
801 1878 874 1929 qui
896 1879 1181 1917 asseuerabat
1204 1892 1251 1917 se
1274 1879 1536 1918 celebritate
1559 1879 1684 1918 huius

52 1946 300 1986 academiae
331 1945 384 1985 ad
414 1960 495 1986 nos
517 1949 754 1999 pellectum
778 1961 892 1988 esse.
926 1949 1252 1988 Adolescentes
1273 1950 1346 2001 qui
1380 1956 1559 1989 nostrae
1581 1949 1686 1989 fidei

53 2019 268 2058 commissi
291 2025 404 2067 sunt,
429 2020 542 2059 adeo
565 2021 607 2059 in
629 2021 795 2072 pietate
817 2034 868 2060 ac
889 2021 1028 2060 literis
1049 2021 1408 2073 progrediuntur,
1433 2027 1478 2061 ut
1513 2023 1685 2061 illorum

52 2089 271 2140 profectus
308 2091 596 2143 collegiorum
631 2097 948 2144 praeceptores
982 2106 1070 2132 non
1105 2098 1193 2132 tam
1228 2094 1282 2133 ad
1311 2095 1450 2134 nostri
1482 2095 1686 2134 imitatio-

51 2174 163 2210 nem,
186 2175 315 2213 quam
345 2163 550 2203 inuidiam
578 2166 709 2215 (quae
740 2166 1066 2216 praeclarorum
1091 2178 1273 2217 operum
1305 2179 1456 2205 comes
1489 2179 1588 2206 esse
1618 2180 1685 2205 so-

51 2233 127 2283 let)
160 2234 383 2274 concitare
411 2235 629 2275 videatur.
656 2235 930 2288 Quamquam
966 2237 1009 2275 id
1044 2237 1170 2276 nobis
1205 2239 1396 2277 maxime
1417 2237 1685 2277 dissimulan-

53 2303 149 2343 dum
172 2318 271 2345 esse
291 2312 508 2361 putamus,
533 2320 585 2346 ac
606 2308 796 2347 Domino
820 2309 918 2347 Deo
943 2309 1322 2348 committendum.

99 2387 136 2416 2.
195 2377 371 2416 Plurimi
394 2378 576 2418 mirifice
597 2379 784 2430 flagrant
805 2379 848 2418 in
879 2380 1026 2419 album
1048 2385 1232 2420 nostrae
1268 2381 1507 2421 Societatis
1529 2383 1679 2433 recipi,

52 2458 101 2487 ac
121 2447 353 2500 diligenter
375 2451 609 2501 exquirunt
631 2456 675 2489 et
697 2451 892 2490 rationes
913 2452 1137 2504 indagant,
1161 2453 1318 2503 quibus
1340 2453 1429 2492 suis
1459 2453 1685 2493 satisface-

51 2531 96 2557 re
116 2526 277 2571 queant
312 2520 573 2571 desyderiis.
607 2522 735 2562 Nunc
766 2524 811 2561 P.
846 2523 1124 2562 Leonardum
1146 2526 1174 2572 ²,
1211 2537 1327 2563 nunc
1356 2525 1466 2563 alios
1496 2523 1683 2564 infracto

51 2591 189 2630 animo
212 2592 515 2641 sollicitantes,
539 2607 624 2645 quo
656 2595 817 2633 nostris
848 2596 1122 2634 annumerari
1152 2597 1337 2647 possint,
1370 2597 1683 2648 promptissimi

50 2660 101 2700 ad
118 2662 346 2703 offerenda
366 2670 472 2703 vota
488 2666 535 2703 P.
556 2665 803 2714 Leonardo,
822 2666 895 2717 qui
910 2667 1056 2717 potius
1076 2666 1196 2718 ipsos
1214 2667 1514 2707 exhortandos
1535 2659 1683 2707 existi-

99 2836 107 2856 ¹
158 2835 219 2874 Ex
237 2837 503 2884 autographo,
525 2842 568 2874 ut
586 2837 759 2882 videtur,
780 2837 820 2874 in
839 2837 925 2875 cod.
957 2837 1099 2876 Germ.
1131 2838 1224 2883 187,
1249 2838 1273 2876 2
1298 2838 1357 2885 ff..
1385 2851 1453 2876 nn.
1485 2832 1564 2884 147,
1602 2840 1680 2885 148;

50 2896 157 2942 prius
185 2896 267 2940 719,
298 2896 381 2943 720,
412 2897 494 2935 721.
527 2896 714 2935 Similem
745 2897 861 2943 epist.
882 2898 1018 2935 datam
1038 2898 1102 2935 die
1124 2897 1147 2935 2
1166 2898 1367 2945 Augusti,
1388 2900 1475 2937 sine
1506 2902 1683 2937 auctoris

51 2956 208 2994 nomine
225 2956 351 2995 edidit
368 2956 559 3003 HANSEN,
581 2957 608 2995 l.
630 2969 682 2999 e..
702 2956 889 2995 330-331.

97 3016 110 3036 ²
158 3015 201 3053 P.
222 3016 461 3054 Leonardus
480 3015 644 3062 Kessel,
665 3018 829 3066 collegii
849 3023 996 3056 rector.
