1908 3446
130 181 200 218 636
598 183 814 221 LlTsERAE
842 186 1193 230 QUADfflMEs'rREs

165 282 204 320 4.
241 283 368 323 Miles
394 297 649 335 germanus
681 285 830 324 iturus
861 286 906 324 in
938 287 1099 326 helhum
1129 289 1426 327 concubinam
1450 289 1496 327 in
1516 302 1704 328 uxorem

166 347 401 388 ἀκοή-5.
428 351 675 388 Multorum
698 351 1001 402 confessiones
1031 353 1331 392 andana—6.
1359 353 1705 404 Discipulorzmz

157 413 377 464 frequens
401 428 615 454 numerus
642 416 857 455 'madiam
880 418 1017 456 sociis
1038 420 1175 457 creat.

144 532 174 558 1.
235 523 262 570 †
283 522 434 559 Gratia
457 528 499 559 et
520 535 603 572 pax
628 525 798 561 Domini
821 525 957 561 nostri
987 525 1040 562 sit
1071 525 1297 563 nobiscum
1329 539 1515 576 semper.
1552 527 1704 564 Amen.

89 591 213 639 Quae
237 593 349 642 apud
381 607 460 631 nos
491 595 689 643 proximo
721 596 1026 644 quadrimestri
1056 601 1153 634 acta
1188 602 1298 640 sunt,
1331 596 1425 634 R.de
1456 598 1497 634 in
1531 597 1706 635 Christo

90 665 232 707 Pater,
257 666 371 701 nulla
393 665 474 702 alia
494 664 535 702 in
557 677 604 702 re
626 667 763 717 magis
781 679 804 704 a
821 666 1190 716 praecedentibus
1207 667 1428 715 differunt,
1448 681 1575 718 quam
1592 669 1708 719 quod

86 736 245 773 nullam
269 736 637 775 intermissionem
667 750 793 788 passa
825 739 1070 777 communia
1102 739 1327 786 exercitia,
1361 753 1407 778 se
1438 753 1525 777 non
1559 753 1707 791 parurn

88 807 266 844 multum
291 819 556 857 propagasse
581 810 937 858 comprobentur.
965 810 1132 858 Quibus
1163 810 1446 848 recensendis
1467 811 1568 849 nolo
1593 824 1708 849 com-

88 878 260 915 mittere
285 884 330 915 ut
354 891 496 928 aequo
519 880 729 929 prolixior
752 880 917 927 uidear,
942 893 994 919 ne
1016 880 1196 919 crambe
1218 880 1347 920 toties
1369 881 1578 931 apposita
1599 895 1709 920 nau-

86 963 206 988 seam
226 953 460 1000 pronote&
483 950 678 990 maxime
700 964 799 989 cum
830 965 883 990 ne
902 951 1064 1002 ignota
1087 952 1265 1001 quidem
1287 951 1416 990 uobis
1444 952 1594 991 uideri
1610 956 1710 1003 pos-

88 1022 193 1060 sint.
219 1023 317 1059 Hoc
348 1035 478 1059 unum
510 1021 665 1060 dicam:
700 1024 745 1060 P.
785 1023 1101 1073 Hieronymum
1126 1029 1150 1070 ¹,
1177 1019 1467 1062 ecclesiasten
1496 1030 1708 1071 nostrum,

89 1093 323 1131 multorum
346 1094 702 1144 expectationem
725 1093 921 1144 quotidie
945 1095 1137 1133 uincere.
1162 1097 1272 1133 Nam
1305 1108 1401 1134 cum
1423 1101 1552 1133 antea
1578 1095 1629 1144 ijs
1652 1095 1710 1134 di-

92 1167 199 1204 ebus
221 1166 376 1214 quibus
397 1166 450 1203 ab
474 1178 607 1216 opere
638 1166 783 1204 feriari
805 1166 934 1212 solet,
958 1179 1083 1204 mane
1106 1167 1147 1204 in
1170 1167 1332 1217 templo
1363 1170 1515 1205 nostro
1539 1166 1710 1205 concio-

93 1249 192 1275 nem
215 1237 394 1283 habere,
418 1250 442 1274 a
462 1237 642 1288 prandio
675 1237 917 1275 doctrinam
949 1238 1226 1276 christianam
1256 1239 1550 1289 interpretari,
1582 1240 1710 1289 paulo

88 1315 186 1359 post
208 1309 249 1346 in
271 1309 450 1348 basilica
481 1309 609 1347 diuae
632 1310 821 1360 Virginis
851 1311 1045 1360 paulinas
1077 1311 1284 1361 epistolas
1315 1310 1555 1358 declarare,
1594 1311 1711 1349 deni·

89 1393 173 1431 que
205 1382 284 1418 sub
314 1393 544 1431 uesperam
567 1381 807 1432 uirginibus
830 1382 925 1419 Deo
948 1381 1162 1420 dedicatis
1185 1383 1436 1421 concionari
1462 1381 1593 1420 fuerit
1614 1383 1712 1420 soli-

89 1458 172 1498 tus,
199 1464 304 1503 quas
328 1451 561 1490 indefessis
590 1452 678 1490 suis
706 1453 951 1490 hortatibus
981 1458 1081 1491 ante
1113 1454 1277 1504 aliquot
1307 1466 1482 1492 menses
1512 1454 1565 1492 ad
1596 1455 1712 1492 uitae

91 1524 332 1562 communis
357 1523 713 1562 obseruationem
744 1530 1020 1574 pertraxerat
1051 1526 1062 1543 ²
1093 1525 1164 1573 (ne
1197 1524 1298 1575 quid
1321 1524 1492 1563 interim
1525 1538 1713 1563 comme-

90 1608 255 1634 morem
278 1595 332 1633 de
354 1595 435 1642 his,
460 1607 571 1646 quae
603 1596 714 1632 intra
745 1595 1014 1634 domesticos
1045 1596 1236 1646 parietes
1266 1598 1487 1647 aguntur);
1508 1598 1631 1647 plura
1652 1602 1712 1634 ta-

89 1680 187 1705 men
209 1672 308 1718 post
329 1667 488 1705 festum
511 1666 848 1704 resurrectionis
870 1665 1115 1705 dominicae
1136 1666 1149 1685 ³
1173 1673 1216 1705 et
1238 1668 1376 1705 uoluit
1400 1673 1442 1705 et
1459 1668 1614 1718 potuit.
1646 1669 1712 1706 Ab

88 1739 161 1777 illo
186 1738 400 1789 siquidem
432 1744 631 1789 tempore
656 1751 781 1776 casus
813 1738 1128 1785 conscientiae,
1162 1739 1278 1789 quod
1309 1745 1484 1786 uocant,
1517 1739 1712 1790 quotidie

89 1809 403 1860 interpretatus
437 1816 518 1848 est.
545 1811 781 1850 Confluunt
812 1823 866 1847 eo
899 1810 1034 1848 multi
1065 1811 1086 1828 ἃ
1111 1810 1384 1857 sacerdotes,
1419 1817 1463 1848 et
1492 1811 1604 1849 inter
1634 1811 1715 1849 hos

91 1882 289 1920 canonici
322 1882 476 1919 summi
507 1881 672 1932 templi,
706 1882 765 1919 ita
802 1888 846 1919 ut
877 1882 1094 1920 interdum
1135 1883 1312 1933 triginta
1350 1882 1506 1929 adsint,
1548 1895 1714 1921 nonun-

89 1966 216 2003 quam
238 1954 372 1999 XXV;
397 1965 494 1990 cum
526 1953 792 2003 paucissimi,
825 1953 917 1991 XX.
952 1954 1149 2003 Cumque
1180 1953 1437 1992 sacerdotes
1468 1954 1619 2001 nostri,
1644 1954 1714 2004 qui

91 2037 141 2062 ea
162 2025 254 2074 ipsa
276 2024 384 2062 hora
405 2036 488 2074 qua
510 2023 631 2074 legit,
655 2022 697 2061 in
727 2023 890 2061 scholis
920 2028 1164 2071 uersantur,
1200 2037 1350 2062 omnes
1382 2024 1597 2063 interesse
1627 2037 1713 2062 non

90 2097 272 2147 possint,
310 2096 392 2134 alia
421 2096 503 2133 illis
534 2096 604 2133 uia
634 2096 907 2143 subuenitur,
929 2108 1027 2134 nam
1049 2096 1275 2134 succisiuis
1310 2096 1566 2147 quibusdam
1588 2097 1714 2134 semi-

91 2168 272 2215 horulis,
299 2173 341 2205 et
363 2179 476 2217 quae
499 2167 614 2205 lecta
633 2167 757 2205 fuere
789 2172 1062 2217 repetuntur,
1089 2173 1131 2204 et
1162 2167 1368 2205 nonnulla
1397 2166 1479 2205 alia
1507 2167 1714 2216 adijciun-

91 2247 174 2287 tur,
199 2240 312 2278 adeo
337 2243 382 2276 ut
405 2239 476 2276 uel
498 2238 678 2286 idiotae,
703 2251 812 2289 quos
834 2238 1052 2276 interdum
1084 2239 1298 2289 contingit
1322 2251 1419 2276 esse
1440 2246 1712 2289 praesenteS,

91 2326 178 2351 non
214 2311 372 2350 abeant
415 2311 591 2349 omnino
632 2311 774 2349 uacui.
818 2310 1029 2350 Omnibus
1064 2316 1211 2348 autem
1248 2310 1469 2349 declarata
1507 2316 1607 2349 sunt
1647 2323 1712 2358 ea,

93 2396 203 2434 quae
226 2381 279 2421 ad
314 2382 587 2420 intellectum
621 2394 832 2420 nouarum
873 2381 1111 2419 Societatis
1140 2386 1318 2420 nostrae
1355 2382 1715 2420 constitutionum

467 2452 479 2471 4

93 2454 429 2505 requirebantur
486 2482 494 2491 .
538 2453 651 2492 Huic
691 2466 852 2504 operae
902 2452 1069 2491 initium
1115 2452 1238 2491 dedit
1280 2453 1328 2491 R.
1379 2453 1422 2491 P.
1474 2453 1713 2503 prouincia-

136 2572 155 2591 a
205 2573 343 2620 aliqui.

140 2694 146 2712 ¹
200 2691 245 2728 P.
270 2692 541 2739 Hieronymus
561 2691 711 2729 Otello.

137 2752 149 2771 ²
200 2751 307 2789 Vide
326 2764 362 2798 p.
384 2752 466 2789 319.

137 2812 149 2831 ³
204 2811 241 2848 14
265 2811 434 2859 Aprilis.

136 2871 149 2890 ⁴
202 2870 520 2908 constitutiones
539 2871 754 2909 Societatis
769 2872 868 2919 Jesu
886 2885 910 2908 a
928 2871 970 2908 S⁴
993 2871 1152 2918 Ignatio
1172 2873 1219 2908 de
1238 2871 1396 2919 Loyola
1413 2872 1589 2919 scriptae
1620 2880 1660 2910 et
1689 2888 1712 2910 a

92 2929 221 2976 prima
252 2931 437 2976 generali
468 2931 790 2978 congregatione
820 2945 926 2968 anno
947 2931 1038 2968 1558
1055 2932 1315 2978 approbatae,
1336 2931 1442 2979 typis
1459 2932 1533 2969 hoc
1551 2930 1657 2971 anno
1676 2936 1716 2970 et

93 2990 283 3036 sequenti
301 2989 474 3037 primum
495 2991 641 3035 editae,
661 2990 702 3028 in
720 2991 948 3038 provincias
965 2992 1113 3029 missae
1133 2995 1261 3029 erant.

1877 153 1883 232 -Ά
1865 3 1883 111 ...⁵2⁵
