1908 3446
517 201 817 241 <tor-Omma
842 203 866 240 6
894 203 1083 241 Ausus-m
1122 202 1212 241 1560
1571 201 1636 238 721

820 371 922 421 401

425 495 479 539 Ρ.
531 492 933 554 JOANNES
983 492 1327 540 GARCIA

578 636 733 662 ocAMA
759 626 782 661 6
810 635 985 661 Auoosrl
1016 624 1105 660 1560
1134 625 1156 659 ¹.

60 748 93 785 l.
129 745 326 797 Collegii
358 747 506 783 status
537 748 742 795 prosper.
780 744 1003 784 Caritatis
1039 743 1196 796 officia
1232 755 1349 794 erga
1379 742 1689 792 proximos.—

138 812 179 849 2.
223 810 618 849 scholasticormn
658 810 906 858 institutio,
949 809 1316 855 exercitationes,
1360 808 1495 846 ludus
1540 810 1685 846 actus.

140 876 422 915 Fzmdaz‘oris
440 876 672 927 gaudium
698 879 737 915 et
766 874 1192 915 benevolentia.—3.
1220 874 1471 925 Cujusdam
1492 874 1691 911 scholas-

139 942 219 982 tici
251 943 468 993 elogium.
506 941 665 991 Aliqui
698 941 1030 992 religiosorum
1066 940 1249 979 ordines
1283 938 1688 990 ingredizmzfur.⁴

137 1008 177 1046 4.
198 1007 441 1046 Sociorum
459 1020 688 1046 numerus.
710 1007 946 1058 Religiosa
966 1006 1227 1056 disciplina.
1249 1005 1490 1044 Novarum,
1507 1004 1687 1043 aedium

138 1074 253 1112 situs
276 1075 552 1112 commodus.

111 1192 144 1218 1.
204 1183 232 1231 †
263 1181 348 1218 Ihs.
374 1181 503 1218 Pater
525 1179 759 1217 admodum
782 1178 1044 1217 reuerende.
1082 1180 1170 1216 Pax
1193 1178 1355 1217 Christi
1378 1183 1463 1215 etc.
1498 1178 1584 1214 Res
1616 1178 1690 1215 hu-

60 1253 125 1289 ius
147 1251 322 1302 collegij
348 1250 594 1288 ocaniensis
615 1251 656 1287 in
676 1262 890 1301 prospero
915 1255 957 1288 et
978 1250 1127 1287 foelici
1150 1254 1265 1287 statu
1286 1248 1396 1299 (laus
1419 1249 1690 1299 omnipoten-

61 1324 93 1360 ti
116 1323 229 1371 Deo)
251 1327 495 1359 uersantur.
520 1321 624 1368 Sed,
648 1325 695 1359 ut
718 1321 948 1360 exordium
970 1326 1148 1359 nostrae
1172 1320 1386 1372 epistolae
1409 1320 1463 1358 de
1485 1320 1617 1357 rebus
1639 1321 1692 1357 ad

62 1393 303 1431 animorum
335 1394 519 1431 salutem
540 1394 863 1443 pertinentibus
885 1405 1118 1440 sumamus,
1143 1393 1356 1443 intellige,
1382 1393 1450 1429 Pr.
1476 1392 1627 1429 mirum
1650 1393 1692 1429 in

62 1464 236 1503 modum
260 1464 462 1511 colende,
488 1465 718 1502 maximam
740 1477 838 1503 esse
860 1465 1152 1515 frequentiam
1175 1463 1519 1509 confessionumg
1538 1464 1691 1501 maior-

60 1549 144 1587 que
169 1542 287 1574 esset
308 1548 515 1574 numerus
539 1536 859 1583 confitentium,
885 1536 919 1573 si
939 1537 1088 1586 plures
1110 1535 1355 1573 adfuissent
1379 1536 1515 1579 Pres,
1540 1534 1611 1584 qui
1634 1534 1692 1571 di-

61 1609 161 1646 uina
191 1613 464 1646 sacramenta
494 1613 617 1646 recte
648 1608 902 1658 petentibus
932 1613 1116 1658 possent
1147 1608 1408 1645 ministrare.
1439 1607 1548 1643 Tres
1581 1605 1691 1643 enim

61 1679 365 1717 tantummodo
403 1684 501 1716 sunt
533 1678 806 1725 sacerdotes,
842 1692 939 1717 cum
970 1678 1204 1717 multitudo
1238 1678 1539 1717 confitentium
1575 1682 1695 1714 tanta

63 1751 130 1798 sit,
169 1751 324 1801 quibus
363 1763 446 1789 nec
486 1750 722 1788 duodecim
761 1750 937 1800 quidem
978 1751 1234 1789 satisfacere
1275 1749 1538 1800 potuissent.
1579 1748 1693 1796 Quid

62 1822 199 1874 quod?
220 1823 263 1860 hi
296 1824 415 1859 Pres.
449 1820 611 1859 assidui
642 1822 696 1859 ad
716 1820 913 1859 infirmos
937 1827 981 1859 et
1002 1821 1044 1859 in
1067 1834 1244 1860 carcere
1269 1821 1492 1867 detentos,
1518 1819 1571 1857 ad
1595 1820 1694 1856 alia-

64 1907 148 1944 que
169 1895 350 1945 negotia
369 1895 580 1944 proximis
597 1895 719 1932 utilia
735 1894 988 1945 peragenda
1002 1895 1022 1913 a
1043 1899 1344 1939 accersuntur3
1369 1906 1424 1930 ex
1442 1905 1526 1942 quo
1546 1893 1695 1941 ingen-

63 1965 212 2017 gentia
243 1965 475 2004 commoda
506 1967 553 2003 R.
588 1967 633 2004 P.
659 1972 670 1989 ²
690 1966 991 2016 tranquillitati
1012 1971 1265 2012 nascuntur,
1299 1970 1346 2003 et
1367 1964 1502 2002 totius
1531 1963 1695 2013 plaebis

66 2050 221 2089 magna
239 2037 570 2084 beneuolentia,
597 2043 641 2074 et
662 2037 837 2075 intimus
859 2050 980 2075 amor
1005 2050 1109 2088 erga
1130 2050 1211 2075 nos
1234 2041 1278 2075 et
1309 2034 1548 2074 Societatis
1577 2032 1695 2071 insti-

22 2119 24 2121 ’
64 2114 206 2146 tutum
242 2109 393 2146 oritur.
433 2108 639 2157 Consilijs
675 2109 888 2158 siquidem
924 2109 1067 2147 Prum.
1107 2112 1150 2146 et
1187 2108 1462 2145 suasionibus
1497 2105 1566 2154 alij
1604 2117 1694 2142 rem

66 2181 249 2219 alienam
279 2193 355 2231 per
385 2180 509 2218 nefas
541 2186 791 2230 usurpatam
821 2180 1008 2231 proprijs
1044 2180 1231 2218 dominis
1262 2180 1515 2224 restituunt3
1553 2177 1622 2226 alij
1655 2177 1696 2214 in

66 2252 247 2302 gratiam
279 2250 468 2289 redeunt
499 2264 595 2289 cum
626 2252 722 2298 illis,
756 2252 1014 2301 quibuscum
1036 2252 1245 2302 capitales
1275 2249 1521 2288 inimicitias
1549 2260 1697 2299 gesse-

67 2328 177 2370 rant;
206 2323 275 2371 alij
309 2322 541 2361 illecebras
573 2330 722 2374 turpes
758 2323 984 2370 deserunt3
1017 2323 1140 2361 multi
1175 2321 1366 2372 denique
1398 2322 1533 2359 multa
1564 2324 1606 2357 et
1638 2318 1697 2356 di-

67 2407 195 2432 uersa
229 2394 333 2432 uitia
367 2395 617 2444 relinquunt
654 2400 696 2432 et
733 2394 1024 2440 detestantur,
1063 2395 1219 2445 quibus
1258 2392 1481 2443 illaqueati
1514 2390 1697 2441 turpiter

67 2466 324 2504 haerebant.
349 2465 601 2503 Conciones
623 2478 647 2502 a
668 2464 829 2503 nostris
850 2465 1061 2515 plurimae
1083 2466 1300 2503 habentur
1322 2464 1363 2501 in
1385 2462 1570 2501 diuersis
1591 2465 1698 2499 tem-

67 2536 162 2586 plis,
187 2542 234 2574 ut
270 2536 465 2574 omnium
498 2535 740 2574 deuotione
777 2537 975 2574 satisfiat.
1015 2537 1136 2586 Quot
1170 2535 1408 2587 quantique
1439 2534 1607 2572 fructus
1644 2545 1699 2569 ex

69 2607 354 2646 concionibus
390 2607 666 2658 colligantur,
706 2607 924 2658 sigillatim
956 2620 1044 2646 non
1079 2607 1284 2654 referam,
1321 2619 1377 2644 ne
1412 2606 1454 2643 in
1486 2604 1697 2642 infinitum

117 2751 136 2770 ²²
185 2750 491 2798 peragagenda,
514 2761 582 2787 ms
591 2777 600 2785 .

121 2898 129 2916 ¹
183 2895 243 2932 Ex
262 2895 451 2942 originali
472 2895 513 2932 in
531 2895 615 2931 cod.
639 2894 768 2940 Hisp.
803 2893 868 2935 97,
900 2896 914 2929 1
944 2892 1026 2936 fol..
1055 2907 1094 2931 n.
1122 2893 1204 2940 252;
1234 2894 1346 2941 prius
1374 2892 1455 2930 262.
1485 2892 1527 2928 In
1558 2892 1697 2928 eodem

9 2970 14 2984 ι
72 2955 156 2992 cod.
175 2954 217 2993 ff.
237 2956 319 3000 251,
339 2954 409 2991 253
427 2959 589 2991 exstant
607 2955 684 2990 duo
703 2953 784 2990 alia
804 2954 992 3000 exempla
1014 2953 1153 2990 latina.

121 3015 134 3033 ²
184 3015 264 3051 Rei
283 3015 468 3062 publicae
490 3014 552 3059 (P).

215 3099 377 3124 LITTERAE
398 3096 804 3131 QnAnn1mnsrnss.—T0M.
827 3096 878 3122 VI.
1525 3094 1560 3125 46
