1908 3446
207 202 276 239 694
674 198 894 235 L1TTERAE
922 197 1276 242 QUAoaniEsTREs

161 305 244 343 illis
266 304 569 343 communibus
594 308 637 340 et
659 301 792 339 toties
814 298 982 338 iteratis
1014 299 1210 336 laborum
1231 298 1458 344 fructibus,
1491 311 1600 348 quos
1630 298 1785 334 hucus-

162 389 246 427 que
270 375 496 415 demetere
521 376 775 425 potuerunt.
800 371 957 420 Neque
979 370 1134 408 iniuria
1165 381 1285 411 sane:
1317 369 1412 419 quis
1434 381 1519 406 non
1541 366 1594 405 ad
1625 366 1789 405 maiora

162 447 447 498 dignioraque
471 445 741 493 cogitatione
767 448 810 480 et
833 442 997 479 uiribus
1019 441 1196 491 rapitur,
1222 440 1255 477 si
1273 445 1394 478 certa
1416 452 1514 489 spes
1533 438 1662 476 adsit?
1682 439 1788 488 Quis

161 520 203 557 in
220 531 376 570 magna
391 517 461 556 illa
480 516 738 555 celebritate
758 513 971 553 Graeciae
991 512 1270 557 constitutus,
1292 515 1514 561 spectator
1533 511 1671 547 solum
1691 522 1788 547 esse

163 590 255 628 uult
278 594 321 628 et
342 603 429 627 non
450 589 596 639 potius
618 586 712 634 alijs
734 583 1004 635 permisceri,
1029 587 1073 620 ut
1102 582 1300 633 gloriam,
1324 587 1369 619 ut
1399 594 1598 628 coronaS‚
1631 585 1677 618 ut
1704 593 1789 618 am-

162 661 354 712 plissima
374 661 597 711 proposita
627 669 808 696 munera
839 661 1100 693 concertans
1121 655 1338 704 reportet?
1360 653 1554 693 Gloriam
1582 652 1790 702 (inquam)

164 732 323 772 Christi
346 738 389 771 et
410 731 603 783 praemia
632 729 750 767 uitae
780 728 937 765 beatae
961 727 1000 764 in
1031 726 1328 776 proximorum
1356 724 1562 762 auxilium
1594 729 1638 761 et
1674 722 1791 761 edifi-

167 804 386 842 cationem
415 808 537 854 parta
558 810 590 839 a.

216 887 253 923 4.
313 873 478 925 Accipe
501 873 647 925 igitur,
674 872 720 910 R.
747 872 793 909 P.
818 870 930 908 haec
953 874 1117 915 nostra,
1152 873 1197 905 ut
1229 868 1360 914 soleS,
1385 879 1525 917 aequo
1558 866 1716 913 animo,
1751 872 1794 904 et

165 946 265 985 dum
288 945 452 984 maiora
473 945 544 982 illa
575 943 792 989 molimur,
824 939 1022 979 accensis
1053 940 1134 978 illis
1155 939 1239 977 tuis
1269 938 1494 987 sacrificijs
1517 943 1561 976 et
1590 938 1794 989 precibus

164 1024 269 1056 uota
302 1023 454 1056 nostra
475 1017 579 1056 foue
603 1020 646 1053 et
668 1015 722 1052 ad
745 1015 888 1052 exitus
918 1012 1118 1063 prouehe
1141 1016 1332 1061 optatos.
1353 1011 1525 1048 Fratres
1550 1022 1700 1047 omnes
1723 1022 1795 1047 ex-

164 1088 424 1140 peditissimi
445 1089 499 1126 ad
520 1088 707 1126 uirtutes
728 1086 769 1123 in
796 1083 1062 1129 obedientia,
1086 1082 1329 1120 humilitate
1354 1087 1396 1119 et
1420 1082 1483 1119 sui
1502 1081 1795 1132 abnegatione

165 1160 301 1212 magis
323 1173 374 1198 ac
396 1159 532 1210 magis
554 1159 890 1202 inflammantur,
913 1167 1085 1192 necnon
1117 1153 1323 1204 singulari
1351 1152 1479 1191 animi
1511 1153 1795 1190 contentione

165 1239 209 1271 et
231 1235 381 1271 sancta
402 1231 698 1269 aemulatione
719 1230 762 1268 in
784 1229 887 1278 ipsis
909 1239 1191 1278 progressum
1209 1225 1424 1276 insignem
1446 1224 1625 1271 faciunt3
1649 1224 1727 1263 sed
1751 1229 1795 1262 et

166 1303 309 1343 studia
330 1303 496 1353 reliqua
516 1315 604 1340 non
626 1301 782 1339 minori
801 1298 1111 1344 sollicitudine,
1137 1310 1253 1344 cura,
1280 1302 1324 1335 et
1352 1297 1495 1335 fructu
1530 1308 1797 1347 persequun-

167 1382 249 1414 tur.
284 1376 331 1412 R.
367 1375 412 1411 P.
448 1372 708 1411 Paschasius
741 1371 766 1417 ¹,
793 1377 839 1408 ut
861 1370 990 1416 solet,
1016 1369 1245 1407 coniectos
1266 1368 1307 1405 in
1331 1379 1547 1413 carceres,
1572 1371 1796 1418 aegrotos,

168 1447 357 1485 afflictos
379 1456 566 1496 corpore
590 1449 634 1482 et
657 1448 822 1489 mente,
857 1441 1044 1480 sollicite
1081 1440 1242 1486 uisitat,
1275 1439 1394 1477 iuuat
1429 1451 1480 1477 ac
1514 1440 1678 1476 solatur
1713 1439 1800 1476 suis

168 1518 329 1556 sanctis
345 1514 670 1555 hortationibus
691 1519 734 1552 et
758 1512 965 1561 eonsilijs.
992 1511 1147 1548 Multas
1166 1511 1295 1548 etiam
1318 1514 1611 1547 matronarum
1631 1509 1800 1548 confes-

168 1587 315 1627 siones
336 1587 456 1626 audit
478 1585 659 1637 singulis
678 1585 848 1630 diebus,
875 1589 918 1622 et
940 1583 1064 1620 festis
1084 1582 1373 1632 potissimum,
1398 1581 1511 1631 apud
1529 1580 1675 1618 diuum
1693 1581 1800 1621 Ger-

169 1673 341 1699 manum
363 1672 460 1698 cum
482 1657 660 1708 reliquis
678 1656 894 1702 Patribus,
914 1655 1048 1692 multa
1070 1666 1167 1691 cum
1188 1653 1375 1691 utilitate
1400 1658 1444 1690 et
1462 1652 1697 1691 commodo
1716 1653 1802 1690 ani-

169 1744 348 1770 marum.
374 1731 421 1768 R.
448 1731 494 1768 P.
520 1728 701 1767 Pontius
723 1730 735 1747 ²
756 1726 965 1777 profestis
996 1724 1150 1762 diebus
1182 1729 1301 1762 totus
1337 1724 1575 1781 S‘ocietatis
1604 1721 1810 1775 negoci‘s‘

170 1801 402 1840 deuinctus
439 1805 521 1845 est3
544 1800 585 1838 in
609 1799 764 1850 quibus
788 1798 852 1848 (ut
874 1797 980 1847 dixi)
1003 1795 1382 1847 diligentissimum
1414 1809 1512 1834 sese
1543 1800 1737 1845 praestat
1760 1801 1804 1833 et

169 1873 525 1912 amantissimum:
548 1870 692 1909 omnia
710 1869 907 1908 manibus
923 1867 1196 1919 pedibusque
1221 1866 1381 1904 obnixe
1398 1866 1607 1914 facturus,
1631 1872 1678 1904 ut
1699 1867 1802 1905 libe-

172 1958 219 1983 re
242 1944 445 1983 Societas
465 1941 735 1987 admittatur,
763 1945 805 1978 et
827 1939 1026 1990 superior
1048 1939 1067 1963 b
1090 1937 1265 1976 euadat.
1290 1938 1415 1975 Faxit
1432 1936 1577 1976 diuina
1600 1938 1739 1989 gratia
1761 1944 1804 1977 et

171 2016 359 2063 bonitas,
384 2021 430 2053 ut
454 2015 597 2053 omnia
617 2027 695 2065 pro
721 2018 827 2051 uoto
850 2009 1091 2049 succedant
1113 2009 1166 2048 ad
1188 2009 1398 2047 maiorem
1430 2022 1535 2047 suae
1566 2008 1804 2048 Maiestatis

172 2087 355 2139 gloriam
393 2092 436 2125 et
469 2085 812 2136 beneplacitum.
846 2083 902 2121 Hi
935 2081 1030 2120 fere
1066 2086 1165 2119 sunt
1200 2081 1520 2132 quadrimestes
1555 2093 1805 2129 successus,

172 2170 356 2209 quorum
386 2169 502 2195 nunc
535 2170 589 2195 ex
624 2154 897 2206 praescripto
930 2157 1108 2191 sanctae
1140 2150 1421 2190 obedientiae
1444 2153 1490 2190 R.
1514 2153 1560 2190 P.
1586 2153 1634 2190 T.
1656 2153 1803 2192 facere

174 2229 410 2267 certiorem
432 2228 678 2266 debuimus.
699 2227 857 2265 Valeto
881 2225 1013 2276 igitur
1036 2225 1077 2261 in
1096 2223 1271 2262 Christo
1287 2224 1404 2274 Jesu,
1431 2224 1634 2262 obser.me
1658 2225 1802 2271 Pater,

173 2305 389 2352 perpetuo
413 2313 580 2338 memor
602 2299 789 2336 filiorum
812 2293 1115 2335 Paternitatis
1136 2296 1240 2333 tuae
1262 2301 1278 2318 0
1298 2294 1340 2332 in
1364 2295 1562 2332 omnibus
1600 2294 1803 2334 orationi-

175 2373 255 2411 bus
286 2373 386 2410 tuis.
421 2371 624 2410 Lutetiae
662 2370 752 2410 Cal.
783 2368 881 2420 Julij
919 2367 1032 2415 1560.
1071 2367 1136 2404 De
1169 2365 1374 2404 mandato
1406 2367 1451 2404 R.
1483 2367 1530 2405 Ρ.
1565 2366 1801 2417 Paschasij.

174 2443 340 2482 Seruus
361 2442 588 2493 indigniss.

1065 2492 1249 2542 JoANNEs
1280 2491 1585 2530 BENEUOLUTUS
1614 2495 1642 2529 ³.

249 2585 414 2638 sigilli
433 2583 695 2636 vestigium.

223 2747 243 2767 a
294 2747 386 2793 Seq.
403 2745 526 2782 delet.
545 2745 794 2792 intelligunt.
847 2747 909 2771 ——b
930 2751 1013 2782 tam
1028 2743 1166 2781 multis
1181 2740 1497 2779 difficultatibus.
1545 2748 1608 2766 —0
1629 2745 1802 2778 tuorum.

226 2892 236 2913 ¹
288 2890 333 2928 P.
354 2888 595 2927 Paschasius
614 2887 740 2925 Bro‘e't
758 2887 923 2925 Galliae
942 2885 1214 2934 provincialis.

225 2950 238 2970 ²
288 2949 334 2987 Ρ.
355 2948 524 2986 Pontius
544 2946 825 2993 Cogordanus.

226 3009 240 3030 ⁸
289 3007 398 3046 Vide
415 3019 454 3056 p.
473 3005 555 3044 375.
