1908 3446
512 181 793 217 419.‡PRA<;A
822 182 842 217 4
870 180 1132 218 SEPTEMBfflS
1162 180 1250 216 1560
1584 179 1645 215 811

73 284 153 322 bus
174 283 233 321 ita
254 283 553 333 profecerunt,
580 287 624 320 ut
646 284 729 321 iam
751 284 822 322 illa
844 282 993 321 classis
1015 294 1101 320 non
1124 280 1254 319 modo
1279 294 1424 327 unum,
1459 281 1534 317 sed
1558 282 1699 331 paula—

72 355 148 393 tim
172 355 301 392 etiam
323 354 469 404 plures
490 353 604 401 hinc,
629 355 661 391 si
687 368 795 405 opus
816 355 884 401 sit,
916 354 1100 392 idoneos
1122 353 1397 403 professores
1419 352 1581 389 habere
1605 366 1699 401 pos-

75 426 142 464 sit.
163 425 364 476 Juniores
393 425 525 463 etiam
546 425 702 462 fratres
723 426 793 476 qui
816 425 857 463 in
880 423 1172 475 grammaticis
1194 422 1539 461 institutionibus
1561 423 1699 460 adhuc

74 500 319 542 uersantur,
344 495 618 533 scholasticis
650 508 700 533 ac
722 496 977 534 domesticis
1008 495 1271 533 lectionibus
1294 493 1702 532 exercitationibus-

73 581 157 618 que
187 567 417 617 plurimum
448 566 529 605 hac
560 571 730 605 aestate
762 566 985 617 progressi
1016 572 1128 604 sunt.
1160 566 1216 603 Vt
1246 565 1419 603 interim
1452 570 1621 602 taceam
1649 564 1703 602 (lc

73 640 220 690 lingua
240 637 487 684 bohemica,
511 639 553 676 in
582 651 665 688 qua
686 636 954 676 addiscenda
975 636 1097 675 multi
1119 638 1166 675 R.
1192 637 1238 675 P.
1274 636 1475 674 Rectoris
1498 636 1701 685 exemplo

72 709 317 760 prouocati,
343 713 509 746 tantum
540 709 664 746 breui
696 715 894 759 tempore
926 720 1206 759 progressum
1238 707 1454 753 fecerunt,
1490 712 1535 743 ut
1567 707 1701 744 multa

73 781 304 819 bohemice
322 779 567 830 intelligant
584 786 629 818 et
644 780 890 830 loquantur.
909 778 1260 818 Concionatores
1277 778 1473 829 germani
1490 778 1571 815 iam
1594 790 1617 826 4
1635 778 1704 816 hic

74 864 236 898 sumus,
262 864 316 889 ex
334 850 489 900 quibus
512 851 560 888 R.
582 852 627 888 P.
654 851 816 889 Rector
838 862 935 888 cum
958 850 1208 901 germanica
1243 849 1469 887 coniunxit
1500 849 1702 895 italicam,

75 929 120 961 ut
140 928 336 961 nostrum
367 921 577 971 templum
609 921 723 971 (nam
745 921 798 959 de
830 921 938 970 alijs,
972 933 1083 972 quae
1114 921 1156 958 in
1186 933 1287 958 arce
1320 933 1465 958 coram
1498 920 1702 958 sereniss.

74 995 268 1047 principe
290 994 360 1032 uel
383 992 496 1044 apud
519 993 562 1031 S.
588 993 799 1031 Thomam
822 992 1127 1044 praesentibus
1149 993 1313 1042 aliquot
1334 991 1552 1030 nobilibus
1579 992 1701 1039 fiunt,

75 1068 122 1105 R.
147 1067 194 1104 P.
219 1067 270 1104 V.
296 1065 399 1103 satis
422 1068 593 1103 constat
618 1066 646 1114 ¹)
668 1065 847 1115 singulis
869 1063 1097 1102 dominicis
1119 1063 1274 1102 diebus
1295 1076 1423 1101 unam
1446 1064 1631 1101 italicam
1662 1068 1705 1100 et

75 1139 181 1176 duas
203 1137 475 1188 germanicas
496 1136 655 1174 habeat
678 1144 696 1162 a
718 1136 970 1174 conciones.
1004 1135 1182 1173 Latinae
1213 1148 1320 1173 uero
1354 1135 1703 1182 exhortationes,

76 1214 163 1248 tam
203 1208 388 1255 festinis,
427 1221 553 1258 quam
589 1207 817 1245 dominicis
855 1207 1009 1244 diebus
1044 1206 1098 1244 ad
1138 1205 1435 1244 studiosorum
1473 1205 1704 1243 utilitatem

76 1280 187 1318 duae
218 1279 325 1317 fiunt
347 1279 389 1316 in
420 1278 585 1325 schola,
619 1278 790 1329 quando
820 1277 993 1328 ipsimet
1025 1276 1209 1316 studiosi
1238 1290 1325 1315 non
1358 1277 1618 1315 declamant.
1653 1279 1704 1315 Et

75 1366 172 1391 cum
193 1365 273 1390 nos
295 1351 349 1389 ad
371 1357 533 1390 tantam
556 1363 745 1389 messem
777 1348 903 1388 ualde
925 1351 1049 1401 pauci
1081 1350 1229 1395 simus,
1267 1349 1441 1387 videtur
1464 1351 1583 1387 Deus
1614 1350 1703 1400 plu-

74 1437 145 1463 res
174 1422 410 1469 adducere,
444 1421 515 1472 qui
546 1423 631 1460 huc
660 1422 795 1472 recipi
827 1422 1117 1459 uehementer
1149 1420 1417 1459 desiderant.
1452 1421 1517 1458 Ex
1549 1421 1705 1472 quibus

76 1495 165 1534 itali
187 1501 277 1533 tres
299 1493 493 1545 suscepti
522 1493 717 1532 nondum
739 1498 852 1539 sunt,
875 1493 947 1544 qui
968 1492 1074 1531 ioris
1097 1493 1228 1530 etiam
1252 1505 1299 1530 se
1321 1492 1380 1530 ita
1401 1491 1608 1543 religiose
1631 1506 1705 1543 ge-

74 1571 188 1613 runt,
220 1570 266 1604 ut
296 1578 465 1604 summo
502 1577 625 1603 sacro
663 1564 819 1603 diebus
850 1564 1078 1602 dominicis
1107 1576 1195 1601 non
1226 1563 1378 1610 uelint,
1411 1564 1704 1614 quamtumuis

73 1636 378 1688 impediantur,
402 1637 560 1674 abesse
583 1636 748 1686 absque
766 1647 976 1686 expressa
993 1636 1045 1673 R.
1071 1635 1117 1672 P.
1138 1634 1339 1672 Rectoris
1356 1634 1580 1673 facultate.
1602 1635 1705 1684 Qui-

75 1709 172 1747 dam
191 1721 297 1747 uero
319 1720 553 1759 germanus
575 1707 820 1746 rhetorices
842 1706 1065 1745 studiosus
1087 1711 1293 1755 receptus
1311 1711 1394 1752 est,
1418 1718 1547 1756 quem
1569 1706 1705 1743 totius

75 1781 254 1820 scholae
288 1785 468 1818 nostrae
502 1779 785 1830 praecipuum
815 1779 937 1830 quasi
970 1779 1123 1817 florem
1159 1792 1247 1817 non
1283 1777 1472 1816 absurde
1503 1777 1703 1825 dixerim,

75 1851 193 1903 quod
215 1855 422 1890 coeteros
445 1849 770 1900 condiscipulos
790 1862 942 1888 omnes
965 1849 1229 1896 eruditione,
1253 1849 1419 1900 pietate
1443 1853 1572 1899 atque
1596 1848 1706 1887 doti-

74 1925 155 1963 bus
175 1928 263 1962 tam
285 1922 414 1961 animi
435 1934 563 1972 quam
585 1922 782 1973 corporis
805 1922 1027 1960 excellere
1050 1921 1252 1960 uideatur
1275 1922 1301 1959 ².

127 2006 164 2043 3.
226 1993 357 2045 Quod
379 2006 485 2032 uero
509 1993 563 2032 ad
584 1994 795 2033 maiorem
817 1994 1064 2032 uocationis
1093 1998 1272 2032 nostrae
1302 1988 1586 2043 progressum
1607 1992 1704 2030 atti-

74 2071 165 2114 net,
189 2071 236 2105 ut
257 2077 415 2116 magno
438 2065 652 2104 hactenus
675 2064 895 2104 desiderio
919 2064 1259 2103 constitutiones
1281 2063 1517 2103 Societatis
1539 2063 1592 2101 ab
1616 2075 1705 2101 orn—

73 2139 200 2177 nibus
221 2137 500 2177 desideratae
521 2137 712 2184 fuerunt,
736 2138 796 2175 ita
825 2149 963 2187 nuper
983 2149 1068 2175 nec
1095 2136 1261 2187 absque
1283 2133 1491 2187 singulari
1514 2136 1703 2173 omnium

76 2209 382 2249 consolatione
404 2215 505 2248 sunt
526 2210 611 2248 huc
632 2208 787 2247 allatae
809 2208 838 2256 ³3
866 2213 996 2259 atque
1027 2209 1111 2246 iarn
1141 2208 1318 2246 veneris
1353 2207 1508 2246 diebus
1538 2207 1704 2245 illarum

77 2295 261 2321 examen
282 2294 307 2320 a
327 2282 375 2320 R.
401 2282 447 2319 P.
474 2281 668 2319 Rectore
690 2293 788 2319 cum
810 2279 1010 2318 doctrina
1031 2279 1156 2318 simul
1178 2279 1413 2317 christiana
1431 2290 1515 2317 nec
1536 2278 1705 2316 minore

121 2437 140 2456 a
190 2437 344 2475 Praec.
364 2448 403 2474 v.
426 2441 564 2484 supra
583 2446 691 2473 vers.
714 2434 868 2472 eadem
888 2446 1041 2472 manu.

125 2571 133 2590 ¹
184 2569 230 2606 In
248 2582 343 2607 arce
361 2569 447 2616 ipse
465 2568 511 2605 P.
533 2567 786 2614 Blyssemius
802 2565 1026 2604 contionari
1045 2566 1216 2604 solebat.

122 2629 135 2649 ²
184 2628 228 2666 In
250 2629 459 2675 «catalogo
479 2627 649 2665 fratrum
678 2625 941 2673 pragensium
967 2638 1039 2673 pro
1066 2639 1206 2664 mense
1234 2625 1436 2663 Nouemb.
1465 2627 1559 2663 anni
1594 2625 1703 2663 1560»

77 2689 177 2733 (cod.
200 2688 340 2725 Germ.
363 2688 452 2729 131,
469 2687 494 2724 f.
516 2687 601 2732 307)
619 2690 857 2723 recensetur
877 2684 1109 2733 ‹Casparus
1129 2685 1344 2733 Meringer
1371 2698 1605 2733 germanus,
1640 2698 1704 2722 no-

75 2748 266 2786 uitius...»
290 2746 341 2784 Et
359 2747 398 2783 in
418 2748 606 2793 catalogo
627 2745 804 2783 ineuntis
819 2744 1005 2792 Januarii
1029 2745 1117 2784 1562
1143 2746 1284 2792 (Ibid.,
1313 2746 1355 2785 ff.
1382 2746 1453 2784 312
1483 2746 1588 2793 sqq.)
1614 2745 1705 2781 dici·

74 2812 153 2844 tur:
185 2806 366 2853 «Caspar
392 2805 606 2852 Meringer
634 2804 833 2850 Bauarus,
855 2817 1053 2842 annorum
1073 2805 1129 2851 19,
1151 2811 1342 2853 parentes
1361 2805 1497 2843 habet.
1518 2803 1561 2841 In
1582 2804 1702 2841 socie·

76 2871 160 2904 tate
180 2877 252 2913 per
270 2878 423 2904 annum
443 2871 483 2903 et
502 2865 748 2902 medium...»

121 2926 135 2946 ⁸
186 2924 508 2963 Constitutiones
527 2923 744 2962 Societatis
757 2922 857 2970 Jesu
876 2923 1050 2970 primum
1068 2924 1226 2963 Romae
1245 2925 1352 2973 typis
1371 2926 1592 2971 impressae
1613 2933 1705 2963 sunt

76 2997 182 3023 anno
204 2983 293 3022 1558
309 3005 319 3010 -
338 2983 438 3022 1559.
