1908 3446
567 172 932 210 390.—COMPLUTO
962 170 1003 207 12
1023 169 1136 216 JuNu
1165 168 1255 205 1560
1603 166 1673 203 685

854 387 969 437 390

580 521 927 581 JOSEPHUS
962 519 1242 567 ACOSTA

626 658 843 684 commum
866 647 907 683 12
921 656 1027 695 Jumn
1048 645 1138 682 1560
1166 646 1189 681 ¹.

110 767 140 800 ⁴..
166 760 451 800 Litterarum
489 760 658 808 studia,
696 761 928 799 sociorum
962 760 1188 799 valetudo.
1227 757 1463 797 Exercitia
1485 757 1730 794 tradita:—

184 825 222 865 2.
257 825 529 865 Societatem
565 829 765 865 recenter
801 826 1014 877 ingressi.
1060 825 1234 864 Eorum
1274 825 1617 872 ceterommzque
1657 821 1735 872 qui

186 892 233 930 ln
258 891 530 942 probatione
560 895 821 939 versantur,
859 891 1077 931 exercitia
1110 891 1351 929 virtutum.
1399 889 1570 928 Ternae
1605 889 1734 926 aedes

184 959 355 1008 emptae
377 959 436 995 ad
458 957 730 1008 aedificium
752 957 931 1007 collegii
953 955 1356 1007 amplificandum.

124 1093 132 1105 ¹
185 1076 293 1115 IHS.
318 1076 730 1114 Obseruandissimo
754 1078 869 1114 Patri
892 1077 933 1114 in
955 1077 1064 1114 Dno.
1096 1075 1256 1114 Iacobo
1290 1074 1463 1121 Lainez,
1498 1073 1734 1112 Societatis

106 1149 206 1186 Iesu
226 1148 477 1198 praeposito
507 1150 717 1198 generali,
742 1148 785 1187 S.

164 1232 196 1259 1.
255 1222 354 1259 Non
386 1222 468 1258 erit
511 1222 689 1272 longum
721 1222 762 1259 in
797 1221 1047 1272 praesentia
1077 1219 1244 1258 referre
1280 1218 1485 1270 quicquid
1508 1217 1561 1256 ad
1590 1230 1733 1255 rerum

107 1284 354 1331 nostrarum
389 1293 604 1330 rationem
635 1297 820 1343 spectat,
847 1306 943 1331 cum
974 1294 1027 1331 sit
1057 1292 1173 1330 idem
1202 1291 1312 1338 fere,
1346 1291 1495 1342 paucis
1518 1289 1736 1339 exceptis,

108 1368 246 1402 status
267 1364 409 1402 bonus
439 1363 632 1414 felixque
664 1364 737 1413 (sit
769 1365 943 1403 Christo
975 1365 1101 1413 laus),
1125 1375 1255 1414 quem
1285 1374 1362 1413 per
1393 1362 1614 1412 proximas
1635 1372 1736 1411 qua-

110 1435 364 1473 drimestres
387 1434 533 1472 literas
556 1435 911 1485 significauimus.
946 1435 1117 1473 Etenim
1140 1433 1284 1472 studia
1314 1433 1559 1471 domestica
1580 1431 1737 1470 eodem

112 1507 264 1544 ordine
285 1513 489 1558 pergunt,
514 1507 717 1545 uberiore
751 1520 924 1557 semper
956 1519 1052 1545 curn
1074 1506 1235 1552 fructu3
1267 1511 1442 1554 praeter
1473 1516 1600 1553 quam
1622 1501 1741 1552 quod

111 1579 235 1616 breui
254 1584 432 1629 propter
454 1578 768 1617 immoderatos
789 1584 938 1616 aestus
960 1577 1170 1628 tantisper
1188 1578 1241 1614 ab
1264 1576 1438 1614 assidua
1461 1575 1742 1613 exercitatio-

114 1663 168 1687 ne
191 1649 433 1687 feriandum
458 1650 554 1688 erit.
580 1649 852 1688 Valetudinis
874 1650 980 1687 mira
1000 1650 1086 1687 hoc
1106 1661 1219 1686 anno
1252 1651 1428 1698 praeter
1451 1652 1656 1685 caeteros
1679 1658 1742 1683 sa—

112 1721 293 1759 lubritas
314 1721 408 1768 fuit,
431 1728 475 1759 vt
496 1721 632 1772 (quod
654 1722 725 1759 diu
747 1722 831 1759 iam
853 1721 1074 1759 recordari
1090 1734 1179 1758 non
1199 1720 1322 1769 licet)
1338 1720 1537 1770 integros
1561 1719 1642 1756 hos
1664 1730 1742 1755 sex

116 1804 305 1839 menses,
329 1806 383 1831 ne
408 1806 517 1831 unus
534 1793 710 1844 quidem
731 1793 908 1843 grauius
930 1792 1244 1843 aegrotauerit.
1271 1793 1505 1831 Caeterum
1533 1789 1745 1828 exercitia

114 1865 260 1914 plures
281 1876 409 1915 quam
430 1877 507 1914 per
529 1865 615 1902 hoc
637 1870 807 1915 tempus
829 1871 960 1903 antea
981 1876 1234 1914 suscepere3
1256 1863 1299 1901 in
1320 1862 1476 1914 quibus
1500 1862 1631 1900 etiam
1652 1861 1744 1898 fue-

116 1948 163 1973 re
185 1935 271 1974 duo
296 1937 448 1973 Patres
470 1935 680 1987 religiosi,
714 1936 785 1987 qui
815 1937 1048 1986 impetrata
1078 1948 1103 1974 a
1132 1936 1368 1974 maioribus
1398 1935 1625 1981 facultate,
1658 1946 1745 1971 non

117 2006 311 2059 segniter
334 2008 399 2045 usi
421 2013 519 2046 sunt
540 2008 722 2058 amplius
742 2007 1001 2058 proficiendi
1024 2008 1275 2046 occasione.

171 2090 208 2117 2.
268 2080 430 2117 Eorum
459 2085 607 2118 autem
636 2081 709 2130 qui
739 2079 1012 2118 Societatem
1043 2079 1116 2116 diu
1147 2079 1452 2117 desiderarent
1473 2082 1745 2116 constanter-

117 2163 202 2201 que
223 2156 443 2201 peterent,
467 2150 620 2189 admisi
643 2157 741 2189 sunt
763 2151 817 2189 ad
838 2151 1143 2200 probationem
1166 2151 1377 2197 nonnulli,
1402 2151 1591 2201 quinque
1615 2154 1662 2187 ut
1684 2161 1747 2187 ar-

118 2223 271 2271 bitror,
295 2228 369 2261 aut
390 2237 484 2262 sex.
511 2224 685 2262 quenis
706 2229 952 2275 praeterea,
977 2223 1105 2261 aulici
1126 2223 1287 2274 alioqui
1308 2222 1461 2269 fastus,
1485 2222 1746 2272 perlongum

120 2294 202 2333 iter
223 2308 461 2346 aggressus
481 2295 682 2345 pedibus,
706 2295 823 2346 quod
847 2295 940 2332 eius
970 2295 1099 2332 animi
1133 2292 1336 2332 ardorem
1368 2293 1472 2331 satis
1495 2293 1597 2331 mihi
1629 2291 1747 2330 vide-

122 2373 190 2405 tur
212 2366 420 2414 indicare,
443 2367 630 2405 famulos
652 2367 936 2417 fortunasque
968 2379 1082 2413 suaS,
1116 2370 1246 2416 atque
1268 2364 1311 2403 id
1332 2364 1450 2415 quod
1481 2365 1615 2416 pluris
1639 2369 1746 2409 erat,

122 2450 223 2489 spes
243 2451 386 2489 neque
410 2437 593 2489 exiguas
613 2450 756 2488 neque
779 2438 969 2475 incertas
1000 2437 1227 2484 deserens,
1263 2438 1383 2475 solus
1414 2436 1468 2473 ad
1498 2449 1578 2474 nos
1599 2436 1618 2454 a
1649 2448 1748 2473 con-

122 2509 277 2557 tendit,
303 2522 442 2560 eaque
464 2509 727 2547 firmitudine
757 2509 1029 2547 Societatem
1050 2508 1249 2559 flagitare
1279 2507 1489 2558 perrexit,
1514 2515 1561 2544 ut
1590 2506 1751 2545 iudica·

124 2582 237 2620 uerit
260 2582 388 2619 Pater
410 2581 664 2619 Emmanuel
686 2584 698 2603 2
720 2581 894 2618 minime
912 2581 1085 2632 repulsa
1102 2579 1295 2631 dignum.
1316 2580 1582 2618 Absoluerat
1598 2578 1669 2616 hic
1685 2583 1749 2615 to-

125 2659 216 2691 tum
236 2665 324 2691 non
344 2653 405 2690 ita
424 2653 592 2702 pridem
612 2652 914 2703 philosophiae
938 2664 1111 2690 cursum
1132 2651 1369 2702 Compluti,
1389 2650 1552 2701 ingenij
1577 2650 1642 2687 sui
1663 2650 1750 2686 lau-

172 2791 192 2811 a
242 2792 426 2830 Emend.
448 2803 499 2829 ex
518 2804 608 2828 non.

176 2926 184 2945 ¹
237 2924 298 2961 Ex
316 2930 476 2971 autogr.
497 2924 535 2960 in
555 2923 640 2959 eod.
662 2922 788 2969 Hisp.
813 2920 881 2965 97,
907 2923 919 2956 l
941 2920 1027 2964 fol„
1047 2933 1086 2962 n,
1112 2919 1189 2965 186,
1211 2920 1321 2967 prius
1340 2919 1422 2956 297.

176 2984 189 3004 ²
239 2984 283 3021 P.
306 2983 550 3021 Emmanuel
570 2981 719 3029 Lopez‚
739 2980 905 3028 collegii
923 2985 1067 3018 rector.
