1908 3446
255 235 324 273 380
742 237 960 273 LITTERAE
986 236 1079 281 QUA
1086 246 1289 273 DR1MEs'rR
1296 246 1342 272 Es

975 463 1076 511 310

478 598 787 658 δῙΟΑΝΝΙΞΞ
823 598 1128 645 GABRIEL
1164 597 1561 645 BISSOGLIUS

614 722 667 747 Ex
696 722 801 747 Fono
830 721 926 747 iivn
953 710 999 747 ‘20
1026 720 1260 746 NOVEMBRIS
1289 710 1377 746 1559
1406 712 1427 746 ¹.

212 822 289 861 1-2.
316 823 495 862 Scliolis
513 823 708 873 publicis
725 823 928 873 primum
953 823 1233 862 nostratibus
1254 823 1539 870 concreditis,
1561 826 1664 873 post
1684 824 1828 862 subla-

291 889 362 935 tis,
402 888 566 927 iterum
602 889 762 927 civitas
796 889 932 928 sociis
968 890 1175 928 bene-volti
1215 889 1435 940 efficitur.
1452 889 1554 927 —3.
1594 889 1829 927 Novarum

289 956 555 993 scholarum
586 955 998 993 commoditasjli.
1034 955 1378 1006 Discrspzzlornm
1408 968 1625 994 nlmnel'lls
1655 956 1828 992 auctus.

292 1020 653 1060 Exercitationes
674 1021 946 1060 litterariae.
973 1022 1255 1073 Progressus
1277 1021 1324 1060 in
1346 1020 1511 1060 litteris
1533 1023 1571 1060 et
1595 1019 1722 1059 bonis
1742 1033 1830 1058 mo-

293 1086 433 1125 ribus.
460 1086 797 1138 Magistrornm
820 1089 939 1137 apud
956 1090 1163 1126 externos
1179 1087 1470 1127 existimatio.
1532 1086 1617 1125 5-6.
1640 1087 1832 1125 Fructus

292 1166 343 1191 ex
372 1155 770 1191 sacramentorum
805 1166 883 1191 usn
917 1156 1140 1203 apparens
1172 1153 1217 1192 in
1240 1152 1592 1204 feminis—78.
1616 1151 1832 1190 Inimicus

294 1216 512 1256 Societaii
533 1218 818 1257 conciliatus.
856 1218 1115 1257 Candidati.
1150 1218 1388 1258 Admissus
1419 1218 1465 1256 in
1496 1217 1830 1257 Societatem.—

293 1283 334 1321 9.
355 1284 491 1322 Faces
513 1283 663 1323 initae.
688 1283 940 1323 Contiones.
962 1285 1045 1323 Pia
1070 1285 1342 1334 operti—10.
1366 1283 1563 1335 Collegii
1578 1282 1830 1333 aedificium

1896 0 1908 178 ...a——

1888 789 1892 802 v

1889 812 1892 835 l

1888 848 1892 895 l

291 1349 530 1400 perficitur
551 1351 590 1388 et
612 1352 943 1401 augeturfill.
972 1350 1185 1401 Episcopi
1196 1349 1491 1402 forliviensis
1507 1351 1687 1400 ejusque
1705 1350 1831 1387 coad-
1887 1353 1908 1394 ξ’

284 1414 462 1465 jzitoris
483 1414 919 1454 benevolentia—12.
944 1415 1186 1455 Sociorum
1208 1415 1411 1454 studium
1429 1414 1740 1467 perfectionis.

274 1546 305 1571 1.
366 1537 394 1584 †
425 1534 520 1572 Rde
542 1535 775 1573 admodum
796 1536 839 1573 in
860 1537 934 1573 X.‘¹
958 1536 1025 1573 Pr.
1051 1537 1140 1573 Pax
1163 1536 1229 1574 Xi.
1252 1536 1271 1555 a
1292 1536 1540 1586 Scripturus
1562 1535 1617 1573 de
1639 1546 1760 1572 more
1783 1532 1833 1572 ad

217 1611 334 1644 tuam
358 1606 405 1643 R.
431 1607 477 1643 P.
502 1605 845 1655 quadrimestres
875 1607 1000 1644 huius
1024 1607 1199 1657 collegij
1231 1607 1394 1654 literas,
1429 1607 1481 1644 ab
1512 1606 1565 1655 ijs
1586 1605 1687 1644 mihi
1711 1618 1832 1643 exor-
1888 1624 1889 1627 ¹

218 1676 333 1714 dium
367 1677 625 1714 sumendum
648 1677 751 1715 duxi
783 1690 894 1728 quae
931 1678 1066 1728 prima
1100 1683 1200 1728 post
1233 1679 1253 1703 b
1288 1679 1460 1716 vltimas
1507 1678 1832 1728 Ccontigerunt.

217 1748 326 1785 Cum
348 1749 477 1797 ΒΑΜ-5·
500 1749 733 1799 episcopus
764 1748 1026 1787 forliuiensis
1059 1755 1102 1787 et
1134 1750 1226 1788 eius
1248 1750 1369 1788 R.d⁰⁵
1392 1749 1621 1788 coadiutor
1642 1749 1654 1767 ²
1676 1748 1754 1786 sibi
1786 1760 1836 1786 ea

219 1820 437 1869 opinione,
462 1832 588 1870 quam
612 1821 817 1870 optimam
838 1821 1002 1858 habent
1018 1821 1073 1858 de
1090 1821 1317 1859 Societate
1334 1827 1497 1868 nostra,
1517 1820 1835 1871 persuasissent

218 1891 315 1928 fore
338 1891 627 1929 uehementer
651 1904 674 1928 e
696 1904 742 1929 re
773 1892 899 1929 huius
931 1893 1170 1930 iuuentutis
1200 1893 1235 1930 si
1256 1906 1279 1930 a
1301 1893 1526 1931 Societate
1556 1892 1681 1930 bonis
1701 1891 1834 1929 literis

218 1963 499 2013 moribusque
520 1962 839 2010 institueretur3
863 1965 1102 2001 communis
1125 1963 1322 2002 utilitatis
1344 1963 1486 2002 studio
1511 1963 1630 2002 ducti
1662 1963 1753 2000 eius
1781 1962 1835 2001 ci-

218 2034 379 2081 uitatis,
404 2034 525 2071 cuius
546 2037 644 2071 sunt
666 2034 746 2084 ipsi
769 2040 811 2072 et
835 2035 954 2072 ciues
978 2040 1021 2072 et
1056 2039 1270 2085 pastores,
1295 2035 1337 2073 id
1368 2041 1413 2073 ut
1447 2035 1725 2086 perficerent,
1759 2031 1836 2071 sibi

220 2105 393 2143 omnino
417 2104 726 2143 connitendum
757 2111 972 2156 putarant.
1012 2107 1117 2144 Rem
1140 2107 1270 2157 igitur
1300 2108 1383 2145 hac
1413 2106 1483 2145 uia
1513 2111 1611 2144 sunt
1641 2104 1836 2157 aggressi

218 2181 263 2214 ut
285 2189 309 2214 a
329 2177 501 2227 publico
524 2175 649 2214 huius
671 2177 858 2215 ciuitatis
881 2178 1061 2216 consilio
1084 2183 1288 2229 peterent
1309 2177 1523 2228 publicam
1545 2176 1835 2216 instituendae

217 2247 455 2285 iuuentutis
472 2247 739 2298 prouinciam
758 2248 969 2286 Societati
988 2248 1196 2299 delegari.
1215 2251 1485 2288 Concessum
1503 2249 1556 2287 ab
1571 2249 1624 2298 ijs
1640 2261 1727 2287 non
1743 2260 1835 2298 gra-

221 2324 336 2366 uate,
374 2322 419 2355 ut
450 2317 670 2369 quomodo
707 2319 802 2368 alijs
836 2319 1144 2370 ludimagistris
1174 2320 1277 2358 dare
1307 2325 1438 2358 antea
1466 2321 1643 2358 soleret.
1680 2319 1834 2357 eodem

219 2390 345 2429 nobis
367 2402 542 2440 quoque
572 2389 835 2428 traderetur.
866 2392 1028 2429 Verum
1061 2404 1157 2430 cum
1187 2405 1264 2443 per
1297 2397 1469 2430 nostras
1501 2391 1835 2429 constitutiones

218 2461 541 2513 impediremur,
566 2461 795 2511 quominus
816 2464 1021 2512 pecunias
1042 2476 1119 2514 pro
1142 2463 1309 2515 premio
1334 2467 1377 2502 et
1399 2463 1605 2501 mercede
1633 2462 1727 2512 alijs
1748 2459 1836 2501 dari

220 2534 384 2579 solitas,
429 2532 584 2570 eadem
623 2533 793 2571 ratione
828 2534 1142 2584 reciperemus,
1180 2540 1224 2573 et
1258 2535 1330 2584 qui
1365 2540 1469 2573 tune
1502 2533 1544 2572 in
1583 2532 1835 2584 magistratu

265 2670 284 2693 a
333 2670 457 2717 Quae
484 2673 731 2716 sequuntur
757 2681 895 2716 usque
923 2671 983 2707 ad
1013 2670 1197 2707 maximis
1227 2672 1456 2709 scholarum
1485 2670 1684 2717 angustiis
1714 2671 1767 2715 (n.
1799 2669 1836 2714 3)

218 2732 345 2768 lineis
363 2729 636 2766 circumdata
656 2732 760 2765 sunt
778 2730 822 2764 in
843 2740 937 2773 ms,
950 2729 1070 2774 forte
1087 2733 1137 2766 ut
1158 2731 1203 2767 in
1230 2730 1498 2776 apographis
1523 2731 1833 2767 omitterentur.

218 2792 285 2816 —b
304 2790 440 2827 Prius
460 2794 610 2835 postea.
666 2795 727 2814 —0
747 2788 900 2826 Praec.
922 2800 957 2826 v.
980 2795 1119 2835 supra
1136 2800 1325 2827 versum.
1351 2831 1359 2841 ¹

268 2923 276 2942 ¹
329 2920 391 2957 Ex
409 2924 566 2965 autogr.
590 2920 633 2964 (P)
652 2920 692 2956 in
711 2921 795 2957 cod.
829 2920 965 2957 Venet.
989 2920 1081 2965 IOO,
1102 2920 1143 2957 ff.
1168 2919 1222 2963 13,
1245 2919 1300 2966 143
1321 2919 1431 2967 prius
1448 2919 1530 2963 340,
1555 2919 1637 2956 341.
1659 2918 1834 2966 Aliquae

222 2979 523 3020 emendationes
543 2991 662 3016 manu
681 2979 847 3016 Polanci
865 2985 974 3016 certo
993 2980 1124 3016 factae
1142 2984 1248 3024 sunt,
1268 2980 1374 3017 aliae
1393 2980 1532 3027 ignota
1549 2992 1684 3017 manu.

270 3041 282 3060 ²
334 3038 441 3076 Vide
459 3038 657 3086 superius,
679 3052 714 3085 p.
739 3038 804 3075 180
821 3052 907 3086 sqq.
