1908 3446
230 150 298 190 786
689 155 908 192 LITTERAE
935 156 1289 202 QUADRIMESTRES

234 268 272 305 4.
332 258 429 297 Duo
453 260 583 298 etiam
615 273 669 298 ex
699 261 860 298 nostris
891 261 1194 312 collegialibus
1223 262 1277 300 ad
1307 263 1447 301 aulam
1479 263 1600 303 ducis
1632 265 1801 303 vrbina-

182 326 237 364 tis
260 328 267 346 ¹
291 327 467 367 fuerunt
488 331 541 368 ab
565 331 816 368 obedientia
838 331 1058 379 destinati,
1082 338 1129 370 vt
1150 333 1192 370 in
1210 345 1262 370 ea
1282 333 1441 383 aliquid
1463 336 1630 386 negotii
1651 337 1800 374 transi-

181 403 351 447 gerent,
391 405 434 437 et
463 400 647 451 aliquam
685 401 1006 440 edificationem
1041 403 1166 441 nobis
1202 402 1506 442 addictissimis
1539 406 1802 457 principibus

179 467 402 508 afferrent.
428 471 614 521 Excepit
635 472 731 509 illos
753 473 1078 522 perhumaniter
1096 474 1182 512 dux
1202 480 1245 512 et
1262 475 1449 523 ducissa,
1469 476 1627 528 aliique
1649 479 1801 528 prima-

179 539 229 576 rii
259 539 337 578 viri
370 547 414 579 et
443 543 614 580 nobiles
649 543 869 591 dominia,
905 545 982 582 sed
1017 547 1225 596 precipue
1262 559 1412 586 comes
1447 549 1727 596 Landrianus,
1760 549 1801 588 in

179 610 301 649 cuius
322 612 341 637 b
365 614 576 664 obsequio
599 614 737 652 nostri
767 615 825 652 illi
855 617 1138 666 perstiterant
1159 624 1190 664 ⁰,
1224 624 1456 669 antequam
1488 619 1723 658 Societatis
1753 633 1800 658 se

178 681 446 731 dedicarant,
481 690 524 723 et
554 699 663 735 quos
694 699 780 724 non
811 687 947 725 multo
983 693 1113 726 antea
1142 688 1185 726 in
1214 702 1293 727 suo
1316 689 1336 713 d
1356 690 1548 728 habebat
1570 691 1798 741 obsequio,

178 766 256 792 eos
276 768 391 793 nunc
413 763 430 781 θ
458 757 517 794 ita
538 763 769 795 reueretur
793 762 836 795 et
858 759 978 806 colit,
1003 764 1048 797 vt
1071 772 1287 810 nunquam
1310 761 1401 799 sine
1424 761 1527 811 ipsis
1550 762 1711 800 mensis
1732 774 1800 800 ac-

176 826 335 865 cubare
358 829 509 875 vellet,
533 834 606 866 aut
627 829 669 866 in
701 835 942 881 conspectu
966 843 1118 869 eorum
1139 838 1445 882 praeterquam
1467 832 1522 870 de
1553 834 1685 871 rebus
1706 846 1800 884 gra-

175 897 330 947 ui[bus]
356 904 642 949 pertractare;
666 907 766 950 post
796 903 928 952 longa
949 915 1056 940 vero
1081 903 1298 953 colloquia
1318 903 1330 927 f
1358 903 1412 941 de
1441 904 1666 942 Societate
1701 917 1799 942 nos-

174 973 239 1006 tra
260 970 402 1019 deque
435 971 668 1009 christiana
698 973 863 1022 pietate
887 986 983 1011 cum
1014 974 1178 1012 nostris
1208 974 1370 1022 habita,
1405 976 1555 1013 statuit
1587 977 1692 1014 eniti
1720 989 1797 1027 pro

174 1041 285 1079 virili
308 1047 353 1079 vt
375 1042 600 1090 Anconae,
634 1057 744 1094 quae
766 1045 847 1096 ipsi
870 1051 937 1084 est
959 1046 1211 1084 charissima
1241 1047 1392 1096 patria,
1430 1052 1680 1085 nostrorum
1712 1049 1798 1085 col-

176 1112 339 1162 legium
378 1112 585 1164 erigatur.
619 1116 673 1152 Et
694 1115 748 1153 ad
785 1116 871 1154 hoc
892 1117 1117 1154 Anconam
1153 1130 1201 1155 se
1232 1123 1465 1155 venturum
1488 1118 1601 1156 inter
1635 1131 1799 1169 paucos

173 1182 267 1220 dies
290 1188 355 1221 est
376 1185 611 1234 pollicitus3
634 1188 772 1237 pollet
793 1192 940 1226 autem
963 1189 1005 1226 in
1029 1201 1080 1226 ea
1101 1190 1209 1226 vrbe
1233 1196 1277 1226 et
1307 1190 1571 1228 auctoritate
1594 1195 1638 1228 et
1659 1189 1798 1241 gratia

173 1254 286 1304 apud
309 1268 476 1303 omnes,
502 1264 546 1295 et
567 1258 764 1296 fortassis
786 1272 863 1310 per
882 1272 979 1298 eum
997 1261 1158 1299 ibidem
1176 1261 1337 1311 aliquid
1354 1262 1457 1299 boni
1475 1262 1638 1300 efficiet
1659 1263 1793 1309 Deus,

173 1337 269 1364 cum
291 1329 549 1377 praesertim
571 1330 641 1367 alii
659 1330 781 1368 multi
803 1331 901 1378 sint,
925 1332 997 1382 qui
1019 1332 1104 1370 hoc
1125 1332 1263 1383 ipsum
1285 1333 1369 1370 iam
1391 1345 1415 1370 a
1436 1334 1572 1371 multo
1595 1339 1793 1383 tempore

169 1398 459 1437 vehementer
480 1400 690 1439 affectant
712 1402 738 1440 ².
763 1402 827 1440 De
851 1402 973 1441 ducis
1004 1408 1150 1441 autem
1175 1408 1217 1441 et
1250 1403 1423 1442 ducisse
1454 1405 1496 1442 in
1517 1417 1597 1442 nos
1627 1418 1791 1452 amore,

170 1470 367 1519 quamuis
389 1471 443 1508 sit
464 1478 594 1510 antea
614 1474 837 1524 scriptum,
861 1475 1007 1525 placet
1036 1479 1185 1513 tamen
1217 1481 1260 1513 et
1290 1489 1404 1514 nunc
1434 1476 1595 1526 aliquid
1626 1476 1788 1515 dicere.

169 1541 549 1592 Deprehendimus
572 1545 716 1583 multis
738 1548 1010 1597 argumentis
1042 1560 1250 1585 summam
1285 1560 1390 1598 erga
1420 1560 1500 1585 nos
1521 1549 1790 1587 beneuolen-

167 1612 285 1660 tiam,
311 1620 356 1651 et
376 1616 525 1665 quanti
546 1629 626 1654 nos
647 1616 805 1655 faciant
829 1630 963 1668 opera
984 1618 1075 1668 ipsa
1096 1617 1336 1657 declarant.
1363 1620 1471 1658 Cum
1494 1619 1609 1658 enim.
1631 1620 1792 1658 scirent

165 1689 362 1722 nostrum
384 1686 470 1724 hoc
491 1687 727 1738 collegium
749 1689 884 1726 iustas
907 1690 962 1726 ob
994 1702 1148 1728 causas
1178 1690 1317 1728 nullas
1348 1691 1540 1740 priuatas
1563 1691 1791 1729 eleemosi-

163 1768 240 1792 nas
262 1757 407 1794 solere
433 1758 651 1808 accipere,
676 1760 815 1797 voluit
836 1765 983 1798 tamen
1014 1766 1201 1811 vterque
1233 1774 1443 1799 summam
1468 1761 1697 1811 quamdam
1719 1774 1791 1812 pe-

166 1827 388 1866 cuniarum
410 1829 464 1866 ad
481 1842 563 1867 nos
580 1831 894 1879 transmittere,
914 1838 962 1870 vt
977 1845 1055 1883 per
1076 1838 1328 1871 nostrorum
1353 1845 1505 1871 manus
1525 1826 1791 1884 pauperibus

167 1899 470 1950 elargirentur.
504 1902 558 1939 Et
589 1914 636 1939 se
668 1904 831 1953 optima
862 1904 1038 1942 ducissa
1067 1905 1318 1943 infoelicem
1356 1905 1580 1955 appellitat
1615 1906 1790 1955 quoties

164 1971 356 2009 oblatum
378 1973 538 2022 aliquid
559 1975 612 2011 ab
635 1987 688 2013 ea
709 1987 975 2014 recusamus.
1002 1978 1056 2014 Et
1076 1977 1178 2027 quia
1208 1977 1292 2015 iam
1313 1977 1478 2027 aliquot
1509 1990 1645 2015 annos
1676 1991 1788 2015 sum-

162 2055 231 2080 mo
253 2048 429 2082 tenetur
452 2045 672 2084 desiderio
697 2047 895 2098 erigendi
917 2049 1151 2099 collegium
1172 2055 1324 2087 nostre
1343 2049 1580 2088 Societatis
1603 2049 1783 2097 Pisauri,

163 2114 216 2153 de
241 2128 294 2153 eo
317 2116 603 2155 libentissime
625 2120 831 2169 loquitur,
856 2125 1090 2171 speratque
1111 2122 1235 2159 breui
1258 2127 1481 2160 tantorum
1503 2134 1551 2159 se
1573 2128 1595 2154 g
1616 2121 1786 2160 deside-

161 2187 325 2224 riorum
360 2200 407 2226 se
439 2196 690 2240 compotem
720 2191 909 2230 futuram
930 2196 957 2231 ³.
983 2192 1027 2230 Si
1049 2194 1197 2240 talem,
1222 2193 1379 2243 inquit,
1402 2206 1524 2244 spem
1544 2205 1633 2230 non
1655 2193 1785 2230 habe-

160 2270 267 2304 rem,
291 2258 466 2297 tederet
494 2273 563 2299 me
594 2262 866 2301 Societatem
897 2264 996 2301 Iesu
1026 2264 1279 2315 agnouisse.
1313 2264 1440 2303 Solet
1472 2264 1585 2302 enim
1616 2264 1711 2314 ipsa
1742 2269 1787 2302 et

159 2330 297 2376 multi,
321 2332 392 2380 qui
415 2331 455 2369 ei
477 2331 646 2380 adsunt,
670 2335 830 2372 nostris
852 2335 1138 2373 libentissime
1158 2335 1374 2382 confiteri,
1402 2341 1445 2372 et
1469 2335 1524 2373 de
1542 2348 1680 2385 regno
1704 2337 1784 2374 Dei

159 2413 326 2439 summa
347 2414 444 2440 cum
463 2404 690 2454 voluptate
712 2406 931 2457 proloqui.

219 2538 239 2557 a
289 2540 447 2576 domine
467 2549 546 2576 ms.
601 2541 666 2566 —b
687 2541 800 2578 cuius
818 2547 958 2587 supra
976 2553 1103 2587 vers„
1131 2543 1268 2580 deleto
1295 2544 1383 2581 alio
1411 2555 1450 2581 v.
1517 2552 1580 2570 —0
1601 2545 1784 2591 perstite-

156 2602 246 2635 rent
263 2609 343 2635 ms.
397 2599 463 2624 —d
484 2612 555 2636 sue
572 2611 651 2637 ms.
707 2609 770 2627 —e
791 2613 896 2638 nune
911 2607 1049 2647 supra
1064 2613 1189 2643 vers..
1207 2603 1345 2640 deleto
1361 2605 1448 2640 alio
1464 2615 1503 2640 v.
1547 2605 1604 2629 —f
1630 2604 1780 2642 Praec.

155 2668 194 2694 v.
215 2662 349 2705 supra
367 2669 464 2695 vers
485 2688 492 2702 ‚
514 2659 649 2696 deleto
669 2666 818 2697 nostra.
873 2669 941 2695 —g
962 2675 1004 2698 se
1024 2667 1161 2709 supra
1179 2673 1288 2700 vers.

202 2789 213 2808 ¹
266 2789 374 2826 Vide
393 2801 526 2836 supra,
548 2802 584 2836 p.
605 2788 704 2826 664-
719 2788 800 2826 665.

201 2848 215 2868 ²
266 2848 464 2886 Anconae
493 2848 657 2885 tandem
688 2848 899 2885 fundatum
931 2854 990 2886 est
1020 2850 1240 2897 collegium
1271 2850 1364 2889 Soc.
1396 2851 1495 2898 Jesu
1530 2864 1635 2888 anno
1673 2851 1775 2889 1598.

155 2907 219 2945 Cf.
231 2907 614 2955 JUVENc1UM‚Hist.
631 2908 857 2954 Soasesu,
874 2915 976 2955 part.
992 2909 1045 2955 V,
1063 2915 1157 2947 tom.
1173 2915 1318 2958 poster.
1330 2939 1338 2954 ‚
1358 2912 1384 2948 l.
1401 2910 1499 2952 XV,
1514 2924 1552 2948 n.
1572 2911 1627 2956 11,
1642 2924 1678 2958 p.
1694 2911 1776 2949 288.

199 2967 212 2986 ³
265 2966 425 3004 Pisauri
442 2980 661 3015 nunquam,
681 2968 785 3015 quod
805 2968 990 3013 sciamus,
1013 2969 1165 3006 exstitit
1181 2970 1402 3017 collegium
1421 2970 1512 3007 Soc.
1527 2969 1643 3016 Jesu.

1879 3284 1884 3335 1

1873 3342 1884 3419 l

1872 3421 1884 3446 ,l
