1908 3446
2 233 5 243 ·
2 185 11 211 .‘-
0 101 11 157 ἠδτ
9 61 11 72 n

6 379 11 397 l

469 220 857 258 296.—V1N120130NA
892 220 904 256 l
934 219 1196 255 SEPTEMBRIS
1227 218 1315 254 1559
1592 215 1661 252 329

85 337 182 363 rum
215 325 405 368 exteros,
433 333 590 371 eosque
612 321 757 371 plures
779 319 831 358 ad
857 320 971 358 uitae
995 320 1254 358 christianae
1277 319 1598 369 perfectionem
1621 317 1708 366 pie-

82 401 304 445 tatemque
333 394 588 445 religiosam
612 393 821 439 excitant,
855 390 1116 437 accendunt,
1150 398 1168 415 a
1203 390 1483 428 inflammant.
1524 389 1708 437 Progre-

83 467 253 506 diuntur
274 465 553 503 nihilominus
576 464 779 515 gnauiter
800 464 841 501 in
872 462 1028 512 studijs
1064 462 1287 500 literarum
1323 473 1476 500 omnes
1511 453 1709 498 multum'-

83 551 166 590 que
196 538 237 576 in
260 543 354 575 arte
373 535 662 582 declamandi,
696 535 899 573 rhetores
921 534 1110 572 maxime
1141 535 1175 580 b,
1201 538 1428 572 exercent.
1458 533 1510 570 Et
1533 533 1574 570 in
1595 531 1710 569 festo

83 608 254 661 quidem
276 612 580 659 pentecostes,
603 619 626 644 e
648 606 810 645 nostris
828 604 1000 656 quidam
1025 605 1270 643 orationem
1298 603 1634 654 pulcherrimam
1657 601 1711 639 de

83 682 126 721 S.
150 680 326 731 Spiritu,
350 679 528 719 clariss.
549 679 666 717 Dno.
692 681 868 716 rectore
890 678 1017 716 huius
1039 678 1187 716 almae
1204 673 1711 722 uniuersitatisscanoni-

84 753 158 800 cis,
183 752 454 798 doctoribus,
484 751 703 801 magistris
736 755 780 788 et
807 762 965 801 magna
995 748 1288 787 studiosorum
1318 752 1444 798 parte
1473 745 1712 797 praesenti-

83 825 175 871 bus,
198 823 240 862 in
262 834 431 861 summo
453 822 618 873 templo
642 820 858 860 recitauit
886 827 917 860 0.
943 822 1000 860 Vt
1021 826 1169 859 autem
1186 832 1284 858 cum
1306 819 1528 857 literarum
1547 817 1713 856 exerci-

74 894 141 934 ¹tio
178 894 355 946 pietatis
385 892 577 931 studium
609 905 661 931 ac
690 898 868 931 nostrae
900 891 1146 931 uocationis
1185 891 1401 929 rationem
1442 887 1715 928 commodius

84 971 298 1012 tueamur,
332 964 590 1015 quibusdam
623 976 646 1002 e
668 965 830 1002 nostris
860 965 932 1015 qui
954 963 1007 1002 ad
1029 964 1141 1001 hanc
1160 962 1431 1014 prouinciam
1453 959 1715 999 uidebantur

83 1037 288 1088 aptiores,
311 1035 354 1074 id
375 1036 543 1087 negotij
570 1041 637 1074 est
659 1035 822 1082 datum,
848 1039 893 1073 ut
917 1048 971 1073 ex
995 1034 1194 1074 omnibus
1215 1034 1473 1084 quibuscum
1507 1032 1579 1069 uel
1613 1044 1714 1069 con-

83 1116 255 1148 traxere
285 1108 641 1155 familiaritatem,
678 1108 746 1146 uel
777 1107 1010 1146 amicitiam
1032 1107 1141 1145 inire
1164 1106 1440 1146 christianam
1463 1107 1712 1156 peroptant,

84 1193 212 1220 unum
243 1185 374 1230 atque
405 1180 591 1217 alterum
626 1179 899 1229 potissimum
937 1179 1114 1229 eligant,
1144 1177 1215 1229 qui
1250 1177 1413 1228 ingenij
1449 1174 1717 1227 praestantia

85 1252 305 1291 excellere
324 1256 367 1289 et
384 1256 565 1289 naturae
583 1250 761 1289 dotibus
782 1250 951 1288 anteire
970 1249 1216 1297 uideantur,
1235 1261 1286 1287 ac
1300 1253 1392 1286 tum
1409 1246 1600 1293 demum,
1624 1257 1716 1284 ora-

84 1324 203 1363 tione
223 1323 477 1375 praemissa,
504 1323 719 1361 charitate
737 1322 866 1370 duce,
886 1322 940 1360 de
963 1321 1120 1371 medijs
1142 1321 1341 1372 cogitent
1361 1320 1517 1371 quibus
1537 1316 1597 1356 illi
1626 1318 1716 1368 plu-

84 1395 234 1434 rimum
268 1395 437 1446 possint
467 1395 621 1433 iuuari.
657 1395 783 1445 Quae
817 1394 889 1432 ubi
918 1395 1102 1446 primum
1131 1393 1292 1431 fuerint
1322 1392 1514 1437 inuenta,
1546 1402 1599 1428 ac
1619 1389 1715 1427 Deo

85 1466 184 1518 Opt.
209 1466 322 1505 Max.
346 1466 388 1504 in
409 1465 558 1516 primis
576 1466 736 1513 oblata,
761 1464 996 1504 maioribus
1029 1465 1273 1503 offeruntur
1304 1460 1597 1514 approbanda,
1630 1472 1716 1511 quo

87 1544 130 1578 et
149 1538 378 1576 uberiores
401 1540 444 1576 et
467 1537 714 1576 sanctiores
735 1542 906 1575 mature
927 1536 1096 1587 possint
1117 1535 1315 1574 laborum
1344 1534 1511 1572 fructus
1539 1530 1717 1570 suauis-

83 1609 191 1649 sime
207 1609 434 1660 colligere.
460 1609 573 1647 Hinc
589 1609 751 1647 factum
771 1612 852 1655 est,
873 1613 919 1646 ut
935 1607 1019 1646 iam
1035 1607 1182 1659 plures
1200 1605 1432 1656 colloquijs
1449 1610 1715 1650 nostrorum,

84 1693 169 1720 non
189 1680 329 1720 solum
350 1680 629 1718 retrahantur
651 1693 675 1718 a
696 1680 829 1729 uitijs,
863 1679 943 1718 sed
977 1679 1031 1718 ad
1066 1678 1318 1730 religiosam
1347 1675 1570 1716 hominum
1592 1673 1718 1714 disci-

84 1752 239 1803 plinam
260 1751 396 1802 (quod
420 1751 810 1790 exulceratissimis
831 1750 924 1790 istis
945 1751 1218 1802 temporibus
1241 1754 1307 1788 est
1329 1746 1648 1800 propemodum
1676 1747 1717 1785 in

85 1823 319 1863 Germania
339 1823 611 1873 miraculum)
633 1836 682 1862 se
703 1822 1058 1868 accommodent,
1082 1822 1136 1860 ad
1159 1823 1411 1872 cultumque
1428 1818 1621 1858 diuinum
1645 1819 1718 1858 ob-

86 1894 347 1934 seruandum
382 1907 433 1933 ac
469 1894 681 1933 tuendum
716 1895 885 1933 facilius
916 1893 1174 1941 alliciantur,
1206 1892 1519 1943 ardentiusque
1553 1891 1595 1928 in
1626 1889 1720 1929 dies

87 1966 223 2017 magis
244 1977 296 2004 ac
315 1964 455 2017 magis
475 1966 682 2016 aspirent.

142 2048 201 2077 10.
261 2037 415 2076 Solent
437 2044 671 2089 praeterea
691 2038 948 2088 plerumque
969 2038 1108 2076 nostri
1130 2037 1308 2075 uisitare
1327 2035 1652 2074 xenodochium
1677 2042 1720 2074 et

87 2108 356 2160 praestitutis
387 2108 542 2148 diebus
563 2109 864 2148 hebdomatim
885 2121 986 2148 sese
1010 2121 1224 2147 exercere
1246 2108 1287 2147 in
1320 2107 1525 2160 operibus
1556 2108 1720 2147 miseri-

89 2180 278 2229 cordiae,
303 2180 591 2228 consolando‚
616 2180 908 2227 subleuando,
943 2179 1218 2219 exhortando
1242 2178 1432 2231 denique
1465 2192 1543 2219 eos
1573 2179 1627 2218 ad
1658 2192 1720 2218 sa-

88 2258 355 2291 cramentum
377 2252 670 2290 confessionis
692 2252 1033 2303 suscipiendum3
1053 2257 1098 2290 et
1118 2252 1204 2290 hoc
1222 2264 1327 2290 sane
1343 2264 1431 2290 non
1447 2251 1541 2290 sine
1565 2251 1720 2302 aliquo

87 2323 241 2363 fructu.
265 2324 590 2374 Semperenim
625 2324 904 2374 reperiuntur
926 2323 998 2374 qui
1019 2323 1120 2361 dum
1143 2322 1302 2361 nostris
1336 2323 1420 2373 pijs
1451 2322 1645 2372 consilijs
1677 2327 1720 2360 et

90 2395 468 2434 exhortationibus
490 2395 793 2446 acquiescunt,
817 2394 859 2433 id
883 2394 1092 2442 efficiunt,
1118 2399 1163 2433 ut
1185 2394 1392 2433 libentius
1413 2394 1455 2432 in
1488 2406 1540 2432 ea
1561 2406 1608 2432 re
1631 2406 1719 2432 om-

87 2477 185 2504 nem
214 2471 408 2505 nostram
432 2478 612 2517 operam
635 2471 678 2504 et
701 2466 1042 2505 sollicitudinem
1065 2466 1350 2504 collocemus.
1371 2467 1569 2516 Cumque
1591 2470 1722 2503 antea

87 2536 461 2589 negligentissime
483 2549 530 2576 se
552 2537 700 2576 famuli
723 2538 990 2587 xenodochij
1016 2550 1069 2576 ea
1089 2538 1131 2576 in
1158 2550 1205 2575 re
1227 2542 1453 2589 gererent,
1479 2538 1549 2575 uel
1573 2549 1720 2575 exem-

88 2607 156 2658 plo
177 2613 426 2647 nostrorum
447 2609 650 2659 permoti,
676 2610 746 2647 uel
768 2622 823 2647 ne
846 2622 870 2648 a
889 2609 1052 2648 nostris
1073 2612 1336 2648 accusentur
1357 2608 1540 2656 incitati,
1565 2608 1720 2647 melius

90 2691 139 2718 ac
165 2679 402 2719 studiosius
431 2692 510 2719 sua
531 2680 647 2719 circa
677 2680 872 2719 infirmos
904 2680 1049 2719 officia
1077 2680 1161 2719 iam
1192 2679 1368 2718 tandem
1400 2679 1718 2718 administrant.

91 2750 281 2790 ‘Tametsi
301 2750 508 2790 ministri
526 2764 614 2790 non
633 2749 778 2791 desint
799 2752 912 2790 inter
932 2764 1009 2790 eos
1026 2752 1097 2802 qui
1120 2751 1417 2799 xenodochio,
1439 2751 1653 2802 pecuniae
1670 2764 1722 2790 ac

91 2821 254 2861 uentris
273 2822 420 2874 potius
441 2835 570 2873 quarn
592 2823 675 2861 Dei
703 2835 849 2871 causa,
873 2823 1132 2871 inseruiunt3
1154 2823 1227 2873 qui
1256 2834 1430 2861 omnem
1461 2827 1642 2861 mouent
1663 2823 1720 2861 la-

138 3029 157 3049 a
204 3036 260 3068 et.
312 3033 376 3057 —b
397 3044 459 3069 se.
511 3038 576 3057 —0
603 3031 754 3069 habuit.
