1908 3446
261 273 331 313 308
736 273 957 311 LITTERAE
984 273 1341 319 QUADersssrRss

216 381 468 428 sequantur,
494 375 703 427 expedire
725 376 862 427 magis
892 375 1132 415 videretur.
1166 375 1344 414 Interim
1374 388 1422 414 se
1453 376 1539 415 hoc
1570 387 1656 414 vno
1689 386 1840 413 conso-

212 450 369 496 lantur,
393 448 511 499 quod
531 447 688 485 litteris
712 459 766 484 ex
790 447 1044 485 obedientia
1063 448 1330 486 incumbant.
1352 447 1467 497 Quin
1486 447 1616 485 etiarn
1633 458 1689 484 ne
1710 446 1763 483 ab
1784 444 1840 484 in-

214 521 367 560 stituto
391 519 643 565 deflectant,
669 523 768 556 sunt
789 519 861 569 qui
881 531 929 557 se
953 524 997 558 et
1018 519 1242 569 religionis
1264 524 1443 557 nostrae
1467 524 1511 556 et
1533 517 1747 557 castitatis
1767 529 1840 555 vo—

213 598 259 632 to
295 592 541 643 alligarunt.
579 590 662 639 Alij
685 591 704 609 a
724 591 806 629 alia
836 590 999 629 adeunt
1034 590 1316 637 monasteria,
1349 590 1419 640 alij
1451 591 1494 628 in
1529 588 1737 639 hospicia
1756 588 1776 613 b
1796 601 1841 627 se

213 664 445 703 conferunt
466 663 732 714 pauperibus
753 662 1051 701 ministraturi.
1076 662 1171 701 Sint
1197 662 1365 713 gratiae
1386 662 1656 700 immortales
1678 661 1788 699 Deo.

265 748 303 786 7.
364 734 497 774 Hisce
533 734 689 773 diebus
724 734 880 784 quibus
914 736 965 773 ab
1001 734 1157 784 studijs
1186 735 1407 782 feriamur,
1434 739 1487 772 .vt
1517 734 1659 773 acrius
1688 736 1731 771 et
1761 733 1841 771 ala-

213 808 326 847 crius
348 807 574 846 auditores
602 807 746 845 studia
774 812 978 859 repetant
1008 808 1286 859 (quamquam
1316 819 1400 845 nec
1428 819 1544 845 nunc
1569 805 1745 856 quidem
1774 791 1842 843 ab*-

212 885 311 918 sunt
331 880 385 918 ab
408 879 591 929 schola),
617 884 662 916 et
682 880 896 917 lectorum
919 879 1047 917 animi
1069 878 1123 917 ad
1144 878 1341 917 laborem
1369 877 1621 917 reficiantur
1644 889 1695 915 ac
1723 888 1842 927 repa·

211 955 376 998 rentur,
410 950 566 989 crebro
589 950 835 988 inuisuntur
867 949 1072 1001 hospicia
1093 957 1124 997 0,
1151 956 1195 988 et
1224 951 1311 989 hoc
1332 948 1451 1001 quod
1486 949 1610 988 datur
1642 948 1718 998 otij
1742 947 1776 996 ἃ,
1799 947 1861 986 li·-

210 1023 367 1060 benter
388 1022 618 1060 insumitur
648 1021 690 1059 in
721 1020 1014 1073 spiritualibus
1051 1021 1291 1071 exercitijs‚
1329 1034 1480 1060 amore
1515 1021 1610 1070 alijs
1644 1020 1687 1058 in
1721 1019 1851 1068 alios.

211 1106 314 1133 cura
330 1093 566 1144 studioque
585 1092 848 1132 obseruandi
864 1094 1051 1133 instituti
1064 1094 1406 1132 decertantibus.
1422 1094 1563 1144 Quam
1580 1105 1673 1131 rem
1688 1105 1841 1144 proue-

210 1167 317 1204 here
340 1164 544 1217 dignetur
560 1165 595 1203 is
617 1172 635 1191 e
665 1164 786 1203 cuius
820 1165 1025 1216 auspicijs
1060 1165 1300 1217 benigniss.
1320 1165 1417 1204 fieri
1439 1169 1599 1216 coepta
1620 1169 1702 1203 est.
1726 1165 1841 1204 Tuae

210 1251 306 1285 2208,
332 1239 478 1285 Pater,
499 1236 732 1289 gaudium
758 1239 970 1276 nosfrum
991 1240 1030 1276 et
1052 1250 1225 1277 corona
1251 1238 1499 1277 secundum
1523 1235 1772 1284 Christum,
1795 1248 1843 1275 ac

209 1315 461 1348 nostrorum
484 1310 660 1347 Patrum
682 1321 734 1348 ac
753 1308 934 1348 fratrum
955 1321 1112 1360 preces
1133 1308 1336 1348 assiduae
1359 1307 1555 1348 efficient
1575 1312 1622 1347 vt
1649 1307 1662 1333 f
1695 1320 1842 1348 omnes

210 1381 252 1419 in
271 1379 419 1420 officio
448 1381 581 1419 simus
602 1393 776 1431 semper
796 1386 854 1428 et,
882 1380 1000 1419 obita
1021 1380 1187 1428 militia,
1212 1393 1310 1420 cum
1333 1380 1506 1420 Christo
1528 1392 1780 1432 regnemus,
1802 1379 1842 1421 in

210 1465 296 1503 quo
319 1458 363 1490 te
391 1452 467 1501 filij
491 1452 554 1490 tui
584 1464 737 1490 omnes
766 1465 980 1504 prospere
1010 1453 1161 1491 valere
1194 1457 1395 1503 optamus
1425 1465 1554 1504 quam
1585 1450 1839 1491 diutissime.

212 1524 274 1561 Ex
311 1523 500 1575 collegio
522 1523 607 1562 isto
631 1523 868 1562 Societatis
885 1524 921 1574 J.
947 1523 1238 1562 cordubensis
1272 1522 1412 1575 pridie
1449 1524 1588 1562 calen.
1613 1521 1836 1574 Septemb.

210 1606 322 1633 anno
350 1603 465 1644 1559.

291 1666 356 1704 ,Ex
384 1665 650 1705 comissione
673 1667 718 1704 Ρ.
741 1666 915 1705 Zarate.

295 1740 340 1777 P.
364 1738 414 1778 T.
437 1736 664 1789 indigniss.
687 1738 802 1776 filius
823 1739 865 1777 in
883 1738 1089 1786 Domino,

1388 1794 1417 1842 †
1447 1791 1650 1829 AZEUEDO
1683 1797 1707 1828 ¹.

290 1899 458 1937 Patres:
496 1900 543 1937 P.
580 1898 753 1947 Zarate,
792 1900 839 1938 P.
871 1900 995 1950 Jaen,
1033 1900 1080 1937 P.
1120 1900 1248 1946 Paez,
1288 1900 1334 1937 P.
1374 1900 1571 1946 Camara,
1613 1899 1658 1936 P.
1693 1897 1835 1945 Galar,

211 1971 257 2010 P.
282 1969 511 2018 Azeuedo‚
537 1971 584 2009 P.
615 1972 828 2022 Vergara.

290 2043 480 2081 Fratres:
524 2043 575 2080 F.
613 2042 805 2092 Joannes
843 2041 1092 2089 Guterrius,
1133 2042 1180 2080 F.
1224 2038 1562 2088 Brachamonte‚
1604 2041 1658 2079 F.
1700 2040 1836 2088 Tello,

208 2114 255 2152 F.
297 2114 512 2160 Cauallar,
556 2115 601 2153 F.
643 2114 856 2161 Ramire2‚
898 2114 945 2153 F.
989 2115 1135 2161 Parra,
1178 2114 1225 2152 F.
1267 2113 1477 2160 Saelizes‚
1517 2113 1564 2151 F.
1608 2112 1836 2164 Figueroa,

209 2186 255 2224 F.
280 2187 372 2224 P.¹¹S
401 2186 585 2233 Nunius,
609 2187 656 2225 F.
671 2187 877 2236 Jacobus,
896 2187 943 2225 F.
962 2187 1169 2236 Joannes,
1186 2186 1233 2224 F.
1258 2185 1542 2233 Valencuela,
1564 2185 1609 2223 F.
1626 2185 1835 2230 Fonseca,

212 2257 255 2294 F.
280 2257 510 2309 Iosephus,
534 2258 580 2296 F.
604 2257 789 2309 Gaspar,
814 2259 860 2296 F.
880 2257 1241 2308 Christophorus,
1264 2258 1312 2296 F.
1334 2257 1546 2307 Baptista.

290 2327 484 2367 Polanci
503 2340 658 2367 manu.
684 2328 940 2367 Emendata.

290 2399 593 2439 Desideratur
619 2399 878 2451 inscriptio.

254 2559 273 2578 a
330 2559 511 2597 Emend.
533 2570 583 2597 ex
602 2559 696 2596 alia.
751 2561 815 2586 —b
837 2560 1100 2597 xenodochia.
1154 2566 1216 2584 -0
1243 2558 1492 2595 xenodochia
1512 2556 1751 2594 huiusmodi.

257 2619 275 2643 11
328 2618 513 2655 Emend.
531 2631 582 2656 ex
600 2619 726 2656 otius?
776 2627 841 2645 *e
864 2620 895 2656 is
914 2624 1051 2664 supra
1071 2628 1263 2656 versum.
1319 2618 1378 2642 —f
1400 2630 1484 2654 nos.

257 2776 264 2794 ¹
318 2773 383 2810 De
404 2773 601 2820 epistolae
620 2778 799 2818 auctore,
820 2773 869 2810 cf.
895 2773 994 2811 Litt.
1012 2772 1247 2819 Quadrz'd.,
1269 2773 1314 2816 V,
1333 2771 1416 2815 471,
1437 2775 1574 2808 annot.
1597 2770 1629 2807 1.
