1908 3446
229 287 299 326 498
694 285 913 323 LITTERAE
940 284 1298 329 QUADR1MESTRES

184 389 403 440 mediocrj
439 402 491 428 ac
521 388 598 439 pio
633 389 738 426 tono
774 385 899 425 uocis
935 385 1200 424 decantatae
1227 382 1464 434 afuerunt
1497 382 1677 434 ingenti
1711 396 1808 423 cum
1842 412 1843 418 ,

186 460 439 499 astantium
456 461 639 511 plausu.

238 534 275 571 8.
336 534 465 570 Pater
483 534 672 583 Joannes
703 530 899 580 Baptista
930 528 1204 576 Carmjnatus
1235 527 1300 577 (ut
1341 527 1540 576 omjttam
1576 526 1810 566 conciones

185 607 227 644 in
261 605 415 655 quibus
452 604 643 652 omnjum
679 603 758 640 sibi
794 602 901 651 mjre
938 600 1132 649 deujncit
1169 601 1300 649 atque
1337 598 1507 650 alligat
1546 599 1733 648 anjmos)
1770 599 1810 638 in

185 677 378 715 lectione
419 675 646 713 doctrinae
683 674 958 719 christianae,
996 683 1124 720 quam
1159 670 1315 708 diebus
1352 670 1529 708 veneris
1569 670 1611 707 in
1650 670 1810 720 templo
1856 707 1858 710 ,

187 747 334 794 docet,
358 747 500 785 adhuc
521 759 678 797 magno
703 758 799 782 cum
820 744 964 781 fructu
987 742 1237 793 gaudioque
1265 740 1513 778 auditorum
1542 745 1810 790 perseuerat.

188 819 303 857 Κῶς
331 820 460 856 Pater
491 820 653 857 Rector
686 817 710 863 ¹,
756 822 930 867 praeter
961 827 1087 865 quam
1118 813 1236 863 quod
1263 825 1403 860 casus,
1434 818 1481 850 ut
1501 818 1677 859 uocant,
1715 824 1812 851 con-

187 891 396 929 scientiae
418 889 578 928 nostris
600 888 904 927 sacerdotibus
927 885 1107 936 singulis
1129 885 1283 922 diebus
1313 885 1517 923 enucleat
1533 885 1573 923 et
1597 883 1758 922 enodat
1776 885 1810 933 b,

185 961 301 1000 idem
324 973 498 1012 quoque
521 960 700 1011 singulis
722 959 875 997 diebus
907 957 1082 996 veneris
1118 956 1319 1005 omnjbus
1355 961 1399 994 et
1433 955 1614 1005 noujtijs
1651 961 1695 993 et
1729 957 1812 994 col·
1858 947 1859 950 Ἰ

186 1033 416 1083 legialibus
433 1032 487 1070 de
509 1032 658 1081 foeljci
680 1031 987 1081 religiosorum
1010 1028 1265 1083 conditione
1283 1028 1419 1065 uerba
1445 1027 1563 1074 facit,
1588 1027 1811 1078 proposito

185 1104 312 1142 nobis
346 1104 432 1142 hoc
464 1105 676 1149 themate,
713 1114 885 1152 nempe:
928 1102 1121 1138 «Bonum
1158 1104 1226 1138 est
1260 1112 1340 1137 nos
1374 1099 1446 1137 hic
1481 1111 1602 1137 esse»
1641 1097 1669 1146 ²3
1699 1098 1816 1149 quod.
1842 1108 1858 1124 ¹

186 1175 361 1226 quidem
391 1176 540 1213 thema
570 1174 767 1224 dilataujt
797 1174 1010 1212 hactenus
1036 1175 1118 1223 per
1147 1179 1164 1197 0
1191 1172 1243 1210 D.
1278 1171 1563 1218 Bernardum,
1596 1171 1668 1222 qui
1696 1171 1810 1210 dicit:

190 1248 357 1285 «Homo
406 1247 448 1285 in
496 1247 710 1297 religione
760 1245 870 1294 ujuit
918 1244 1088 1295 purim,
1139 1243 1256 1282 cadit
1301 1243 1461 1291 rarius,
1513 1243 1652 1294 surgit
1697 1243 1812 1282 uelo*-

189 1319 296 1366 cius,
322 1324 434 1357 etc.»
458 1321 486 1357 ³.

240 1401 278 1439 9.
338 1390 418 1428 Die
440 1389 555 1428 festo
577 1389 819 1438 natiujtatis
840 1388 1120 1426 beatissimae
1151 1385 1345 1437 Ujrginis
1376 1385 1536 1423 Mariae
1566 1385 1741 1423 fuerunt
1773 1378 1813 1423 in

189 1461 460 1499 Societatem
483 1461 657 1498 admissi
681 1466 770 1498 tres
791 1457 1128 1507 adolescentulj‚
1155 1457 1318 1508 optima
1348 1469 1440 1507 spe,
1472 1456 1683 1507 mjrzfz'ca
1705 1455 1726 1481 ἅ
1757 1456 1812 1494 in·
1856 1466 1857 1469 ’
1904 1467 1907 1475 ’

189 1532 289 1571 dole
311 1532 510 1582 praediti,
544 1545 727 1581 quorum
756 1532 919 1582 primus
951 1529 1111 1579 dicjtur
1150 1529 1447 1579 Hieronymus
1481 1528 1659 1578 Regius,
1697 1527 1811 1577 Petrj
1850 1515 1861 1555 Ρ
1905 1539 1908 1562 ³

188 1603 312 1654 Regij
349 1604 482 1642 frater
516 1603 738 1653 patruelis,
776 1603 886 1640 alter
922 1602 1138 1639 Marianus
1161 1600 1353 1647 Rubeus,
1380 1599 1504 1648 cujus
1524 1599 1659 1637 frater
1681 1599 1813 1637 maior
1840 1582 1858 1636 il

187 1681 291 1712 natu
311 1675 453 1712 fuerat
475 1675 697 1725 ingressus
718 1674 867 1724 paucis
888 1673 1046 1710 abhinc
1068 1672 1189 1710 annis
1224 1672 1266 1709 in
1300 1677 1495 1709 nostram
1529 1671 1812 1718 Societatem3
1850 1669 1858 1722 'f
1904 1683 1908 1719 ς

187 1746 344 1785 tertius
374 1746 538 1784 Caesar
568 1746 810 1784 Villanoua.
849 1746 932 1784 Hic
965 1744 1195 1796 plurimum
1226 1744 1344 1781 ualet
1365 1743 1566 1791 acumjne
1587 1741 1749 1794 ingenij
1773 1745 1815 1780 et

189 1818 443 1856 celerrimos
466 1830 725 1868 progressus
745 1817 848 1855 facit
870 1818 911 1854 in
934 1816 1104 1866 studijs,
1129 1816 1327 1867 quamuis
1346 1815 1547 1866 proficiat
1576 1814 1619 1852 in
1652 1814 1813 1865 pietate

187 1901 275 1927 non
297 1889 452 1938 mjnus.
492 1889 657 1939 Reliquj
681 1889 766 1926 (luo
804 1895 1031 1939 utramque
1066 1888 1229 1938 pariter
1266 1887 1487 1937 complent
1520 1887 1736 1937 paginam,
1765 1885 1814 1924 si·
1850 1898 1852 1938 ξ

189 1961 364 2012 quidem
400 1965 445 1998 et
478 1961 711 2010 proficjunt
746 1961 787 1998 in
822 1961 958 1999 literis
991 1966 1034 1998 et
1063 1958 1309 2011 procedunt
1339 1958 1540 1996 alacriter
1561 1958 1604 1996 in
1625 1957 1697 2006 uja
1717 1956 1812 2006 Dej.

189 2033 288 2070 Non
308 2032 411 2081 nullj
437 2037 672 2082 expectant
702 2031 954 2080 aujdissime
986 2032 1101 2070 diem
1131 2044 1186 2069 ex
1221 2031 1307 2078 die,
1345 2043 1431 2080 quo
1466 2029 1643 2068 tandem
1677 2030 1813 2080 ingre·
1850 2014 1852 2019 .

189 2102 375 2150 diantur,
399 2103 468 2152 alij
493 2108 591 2140 sunt
612 2103 812 2153 ingressi.
837 2103 934 2141 Duo
958 2103 1120 2153 pariter
1142 2103 1327 2140 iuuenes
1349 2100 1596 2149 mamertinj
1620 2102 1816 2139 Messana

188 2175 369 2213 huiusce
391 2174 454 2223 rej
478 2175 618 2225 gratia
638 2175 839 2225 profecti,
863 2180 1095 2225 postquam
1118 2174 1246 2223 unjus
1268 2174 1432 2212 mensis
1467 2185 1564 2211 cum
1599 2173 1737 2211 altero
1759 2170 1814 2210 di-
1839 2198 1841 2204 ,

190 2246 322 2295 mjdio
345 2245 438 2284 fere
459 2246 764 2295 probationem
785 2259 872 2284 non
893 2247 1058 2296 absque
1082 2258 1160 2284 suo
1183 2245 1387 2296 profectu
1409 2243 1618 2295 spiritualj
1644 2248 1688 2281 et
1715 2242 1813 2281 alio-

188 2331 282 2356 rum
299 2318 577 2357 edificatione
598 2325 616 2343 <³
638 2318 922 2356 absoluerunt
942 2318 984 2356 in
1005 2318 1209 2368 primario
1232 2318 1358 2355 huius
1376 2317 1494 2355 urbis
1515 2313 1809 2366 ptocodochio
1850 2317 1854 2339 Ψ

193 2388 302 2438 [sich
327 2389 501 2428 demum
524 2390 793 2428 Societatem
815 2395 914 2428 sunt
933 2390 1136 2440 ingressi.
1160 2390 1348 2439 Ujdetur
1368 2388 1570 2440 profecto
1592 2388 1644 2426 D.
1677 2388 1730 2425 N.
1749 2387 1814 2438 Je-
1850 2371 1852 2375 V

235 2559 255 2577 a
282 2551 432 2588 dietae.
490 2552 554 2577 -b
577 2551 720 2588 enodat
739 2553 865 2596 prz‘us
884 2551 981 2592 del..
1000 2556 1098 2599 post
1116 2553 1278 2589 iterum
1296 2551 1442 2598 script.
1463 2555 1603 2597 supra
1620 2560 1728 2587 vers.

188 2618 254 2637 -c
277 2615 456 2647 secutus.
515 2611 581 2636 ——d
611 2623 670 2647 ac.
726 2618 789 2637 -θ
810 2611 947 2648 Prius
966 2611 1225 2660 edificationj.

238 2779 247 2799 ¹
300 2778 344 2816 P.
366 2777 518 2816 Paulus
537 2778 586 2814 de
606 2778 786 2815 Achille.

236 2837 250 2857 ²
299 2837 487 2880 MATTH.‚
508 2837 644 2879 XVII,
665 2838 700 2874 4.

235 2897 248 2918 ³
298 2897 451 2934 Homil.
473 2898 512 2934 in
531 2897 630 2934 illud
652 2897 835 2941 MA'rTH.,
855 2896 967 2942 XIII,
988 2898 1046 2935 45:
1070 2897 1235 2936 «Simile
1256 2904 1316 2935 est
1335 2911 1508 2945 regnum
1528 2898 1732 2935 caelorum
1750 2896 1812 2947 hof*
1848 2899 1850 2933 ἶ

189 2957 543 3002 mlninegotiaton
555 2969 694 3003 quaer
709 2956 834 2993 bonas
849 2970 982 3005 ma1g.
994 2972 1010 2988 »
1029 2957 1092 2995 Cf
1108 2957 1182 2995 Stz.
1199 2957 1333 2995 Rern.
1349 2962 1463 3004 oper
1481 2957 1559 3002 (ed.
1578 2956 1810 2999 MABILLoNs.
1846 2990 1849 2994 Α

190 3016 306 3053 Paris
341 3016 456 3062 1719)
490 3017 567 3053 vol.
598 3015 647 3060 II
680 3018 755 3053 col.
783 3017 866 3054 787.
899 3017 1040 3054 Editor
1071 3018 1175 3054 hanc
1205 3022 1286 3054 not.
1320 3016 1556 3063 praemittit:
1589 3015 1814 3058 ‹Tribuitia-
1839 3014 1841 3018 ’

189 3077 456 3114 communiter
474 3075 721 3122 BERNARDO‚
742 3077 927 3123 quamvis
944 3090 1020 3115 nec
1038 3077 1148 3114 illius
1173 3090 1264 3114 esse
1283 3076 1515 3114 videatur.»
1847 3079 1848 3083 ’
