1908 3446
10 1480 18 1547 „3⁸
10 1334 18 1474 ——sb-

13 2017 20 2105 -ρ-

464 164 849 203 328.—V1N1>0130NA
882 165 894 200 1
920 163 1121 210 JANUARH
1152 161 1241 197 1560
1550 158 1612 195 461

101 273 159 311 16.
219 272 341 309 Haec
363 275 475 316 sunt,
504 271 569 307 Pr.
595 270 636 306 in
663 270 738 305 X.¹'
769 267 875 311 Rfle,
909 278 1019 316 quae
1051 266 1099 303 T.
1137 266 1182 301 R.
1208 265 1293 301 hoc
1314 269 1510 312 tempore
1532 262 1665 312 quali-

16 370 17 378 1
47 356 212 394 cunque
244 342 453 379 orationis
484 340 555 377 filo
588 339 819 377 scribenda
842 341 1142 375 occurrerunt.
1167 335 1276 371 Nam
1299 341 1317 358 a
1339 346 1450 383 quae
1476 346 1667 370 commu-

45 416 218 455 nissima
239 419 335 451 sunt
358 413 439 450 toti
462 411 680 456 societati,
707 416 750 446 et
772 410 855 455 hic,
880 410 972 446 laus
1002 408 1112 453 Deo,
1146 407 1250 444 satis
1282 405 1457 451 usitata,
1490 403 1562 442 hic
1594 405 1668 440 ml-

46 486 278 536 iung‘enda
310 497 394 521 non
427 494 695 532 magnopere
728 482 840 519 (luco
863 481 896 516 ¹).
932 477 1063 528 Quod
1089 477 1225 515 nostri
1259 488 1461 514 carceres
1483 475 1669 513 inuisant

49 571 142 597 eum
164 557 321 599 fructu,
344 560 386 592 et
404 553 648 603 hospitalia,
673 552 790 602 quod
812 552 1067 601 frequenter
1089 549 1142 587 ad
1159 550 1353 586 infirmos
1376 551 1606 592 nocentur,
1627 553 1671 582 ut

50 642 196 668 eorum
219 625 393 664 audiant
412 624 731 665 confessiones,
750 622 867 673 quod
889 622 943 660 ad
965 635 1044 659 nos
1063 620 1229 668 consilij
1255 616 1520 669 suscipiendi
1544 629 1673 655 causa

48 710 373 747 nonnunquam
408 696 607 734 homines
642 707 729 732 non
764 694 890 744 pauci
926 692 1153 737 accedant,
1191 691 1308 741 quod
1343 690 1598 740 frequenter
1633 686 1673 724 in

50 771 141 820 alijs
162 769 333 819 templis
356 767 498 818 rogati
520 768 672 804 Patres
705 765 1021 803 concionentur
1052 762 1204 809 nostri,
1243 774 1401 813 magno
1439 760 1542 798 satis
1578 772 1674 797 cum

51 840 279 886 auditorio,
312 852 397 890 quo
433 838 524 887 [sic]
560 837 594 875 si
624 838 767 887 aliqua
797 835 1045 874 huiusmodi
1074 834 1317 872 necessitas
1339 834 1380 870 in
1403 832 1582 870 ciuitate
1606 842 1675 868 oc-

52 917 206 957 currat,
231 910 284 948 ad
305 923 385 947 nos
408 908 551 947 statim
574 909 646 945 fiat
669 920 923 950 concursus,
957 919 1044 943 non
1074 905 1231 942 attinet
1261 903 1397 953 (quod
1428 914 1561 952 saepe
1593 902 1676 939 iam

51 983 283 1034 repetitum
307 984 405 1027 est),
431 986 477 1018 ut
497 979 700 1025 arbitror,
724 979 807 1016 iam
829 978 899 1015 hic
920 977 1113 1027 pluribus
1137 976 1282 1013 uerbis
1306 972 1623 1025 perstringere
1644 980 1676 1009 0.

54 1055 147 1093 Hoc
166 1052 295 1103 igitur
318 1065 464 1097 unum,
489 1049 606 1099 quod
627 1050 753 1099 plane
775 1049 942 1086 fueram
966 1047 1141 1093 oblitus,
1167 1046 1201 1084 si
1222 1046 1393 1092 dixero,
1417 1045 1548 1082 finem
1578 1043 1679 1081 scri-

53 1123 180 1164 bendi
210 1123 380 1161 faciam.
414 1122 554 1159 Tanta
589 1126 656 1158 est
685 1119 798 1169 apud
831 1131 998 1165 omnes,
1031 1118 1126 1155 Deo
1159 1117 1260 1168 Opt.
1295 1117 1407 1154 Max.
1438 1116 1546 1162 laus,
1584 1114 1639 1152 de
1662 1113 1681 1138 d

55 1196 249 1235 doctrina
285 1195 459 1232 Patrum
492 1198 534 1230 et
570 1192 735 1242 pietate
772 1189 916 1241 opinio
952 1195 1220 1235 nostrorum,
1261 1190 1306 1225 nt
1343 1201 1370 1225 a
1401 1185 1682 1237 primatibus

57 1267 196 1307 multa
221 1278 333 1315 qnae
355 1265 422 1303 nel
439 1263 581 1302 nullis
597 1265 707 1301 nota
722 1264 842 1309 sunt,
865 1262 933 1300 nel
946 1259 1255 1311 paucissimis,
1275 1259 1337 1298 eis
1354 1257 1682 1297 communicen-

58 1340 145 1385 tur,
170 1335 333 1387 magni
353 1335 467 1374 satis
487 1333 716 1381 momenti,
743 1346 796 1372 ac
817 1333 1077 1372 renerenter
1099 1332 1155 1370 ab
1178 1330 1385 1369 omnibus
1409 1328 1569 1379 ubique
1589 1341 1683 1366 sus-

58 1408 299 1460 cipiantur.
325 1406 476 1456 Neque
496 1419 605 1444 sane
626 1404 675 1453 fit
699 1403 828 1442 ullibi
850 1403 1117 1442 conuiuium
1138 1402 1186 1440 ivn
1208 1415 1294 1452 quo
1322 1415 1414 1440 non
1436 1402 1613 1452 agatur
1635 1402 1684 1439 de

57 1479 238 1527 nostris,
262 1481 305 1517 vt
336 1478 416 1517 uix
450 1478 573 1515 ullus
606 1476 665 1514 sztt
700 1483 717 1500 e
752 1476 822 1526 qui
858 1488 945 1513 non
982 1476 1161 1525 optime,
1200 1487 1275 1525 per
1306 1474 1387 1512 Dei
1423 1474 1682 1520 bonitatem,

60 1551 113 1595 de
133 1550 358 1589 Societate
377 1555 420 1587 et
443 1549 601 1587 sentiat
629 1548 640 1571 ἱ
668 1553 712 1585 et
728 1548 930 1598 loquatur
952 1553 990 1593 g,
1009 1546 1182 1584 tametsi
1200 1546 1273 1595 (ne
1293 1545 1439 1584 officio
1458 1557 1537 1583 suo
1555 1543 1687 1593 desit)

60 1623 222 1661 animos
257 1619 475 1659 interdum
506 1632 683 1657 suorum
720 1618 915 1656 concitet
950 1617 1150 1655 diabolus
1186 1622 1340 1655 contra
1369 1629 1465 1664 nos,
1498 1616 1569 1667 qui
1600 1629 1687 1654 non

61 1694 212 1732 minori
234 1705 336 1731 cura
356 1693 525 1743 piorum
547 1691 770 1729 hominum
792 1695 964 1728 mentes
986 1690 1149 1727 alienas
1181 1701 1205 1726 a
1234 1689 1360 1727 nobis
1391 1688 1581 1727 reddere
1618 1700 1688 1726 co-

61 1772 198 1804 natur.
222 1766 335 1804 Hine
355 1765 417 1811 fit,
444 1769 489 1802 ut
509 1777 596 1801 non
619 1762 733 1800 desit
755 1763 908 1812 aliquis
930 1774 1117 1812 unquam
1139 1761 1242 1812 (quo
1266 1762 1345 1799 sub
1368 1761 1522 1799 maiori
1543 1765 1690 1798 custo-

65 1838 131 1876 dia
157 1837 377 1875 humilitas
407 1836 627 1885 seruetur)
658 1835 731 1885 qui
752 1835 911 1872 acriter
935 1839 1161 1884 oppugnet
1183 1833 1471 1879 Societatem,
1510 1833 1528 1856 ¹¹
1563 1832 1690 1883 pluri-

65 1922 155 1947 mos
176 1907 402 1959 quamuis,
426 1907 551 1946 nobis
575 1907 706 1944 etiam
737 1906 908 1955 inscijs,
940 1909 1293 1955 propugnatores
1328 1905 1537 1942 inueniat.
1580 1902 1692 1941 Hinc

67 1981 193 2018 etiarn
225 1985 291 2017 est
321 1978 438 2029 quod
469 1978 641 2016 interim
672 1977 901 2028 contingit,
932 1982 978 2013 ut
1014 1975 1166 2014 uerbis
1200 1976 1360 2014 saltem
1394 1974 1619 2026 malignis
1654 1976 1693 2013 et

66 2051 311 2089 fictionibus
345 2050 588 2088 dilacerent
618 2061 928 2099 nonnunquam
959 2048 1121 2085 bonum
1153 2059 1314 2085 nomen
1349 2045 1586 2085 Societatis
1608 2058 1692 2083 ma-

68 2122 181 2173 ligni,
218 2134 269 2160 ac
289 2122 492 2171 antiquae
516 2120 740 2171 religionis
761 2120 930 2165 hostes,
954 2119 1024 2167 alij
1049 2131 1156 2156 uero
1181 2130 1235 2155 ex
1258 2117 1463 2164 aduerso,
1487 2117 1694 2155 audacius

69 2192 179 2231 forte
201 2205 327 2243 quam
351 2204 626 2242 cuperemus,
652 2196 696 2228 et
718 2191 853 2228 multo
878 2189 1228 2240 magnificentius
1245 2201 1372 2238 quam
1391 2187 1445 2226 de
1467 2187 1593 2226 nobis
1615 2200 1695 2225 nos

69 2263 146 2315 ipsi
165 2264 418 2311 sentiamus,
442 2262 681 2301 defendant
704 2261 917 2300 exercitia
939 2260 1097 2307 omnia,
1122 2273 1210 2298 non
1231 2260 1407 2310 pietatis
1435 2259 1583 2307 modo,
1618 2258 1695 2297 sed

69 2336 255 2376 literaria
275 2341 439 2381 nostra,
464 2339 508 2372 ut
530 2335 645 2372 nulla
668 2333 871 2372 credatur
895 2331 1167 2371 concertatio
1191 2331 1382 2369 literaria
1402 2331 1529 2369 laude
1549 2331 1693 2381 digna,

71 2406 111 2445 in
131 2421 214 2459 qua
233 2407 371 2446 nostri
391 2393 481 2444 nori
508 2406 784 2444 inueniantur
820 2405 891 2442 uel
919 2407 1262 2455 oppugnatores,
1296 2404 1367 2441 uel
1402 2407 1696 2453 propugnato-

73 2491 155 2517 res.
178 2480 323 2530 Atque
344 2479 455 2516 hanc
478 2477 533 2515 ob
556 2489 729 2515 causam
750 2489 838 2514 non
860 2475 992 2514 modo
1016 2473 1169 2525 quiuis
1191 2473 1394 2513 aliorum
1427 2474 1437 2499 i
1460 2473 1698 2512 catholico-

73 2563 179 2597 rum,
220 2550 297 2588 sed
329 2549 557 2600 principes
591 2549 722 2587 etiarn
749 2547 760 2579 J'
792 2547 1020 2598 dignitate,
1054 2547 1320 2585 authoritate
1351 2550 1481 2595 atque
1517 2543 1701 2583 scientia

77 2622 369 2671 doctrinaque
400 2620 504 2659 clari
525 2620 544 2644 ¹<
566 2620 620 2658 ad
654 2624 831 2658 nostros
863 2620 1016 2657 Patres
1047 2630 1159 2668 quae
1190 2618 1260 2655 uel
1293 2617 1428 2654 edere
1461 2617 1637 2667 cupiunt
1660 2616 1701 2653 in

76 2694 230 2740 lucem,
254 2694 324 2731 uel
354 2692 600 2739 ediderunt,
632 2692 642 2716 1
675 2690 958 2742 approbanda
985 2689 1158 2740 scripta
1181 2702 1234 2728 ac
1254 2689 1537 2728 emendanda
1564 2694 1700 2726 trans-

126 2868 144 2886 a
192 2861 230 2897 in
251 2860 311 2897 iis.
366 2861 431 2885 —b
454 2858 708 2895 immorabor.
764 2865 827 2882 *⁰
854 2856 1058 2903 persequi.
1126 2877 1137 2879 -
1170 2856 1190 2880 d
1222 2855 1270 2892 de
1292 2854 1398 2891 add.
1427 2859 1564 2901 supra
1591 2864 1702 2890 vers.

83 2927 144 2946 -e
177 2925 218 2956 vt
249 2921 327 2956 rari
360 2920 452 2956 sint.
519 2918 576 2943 —f
601 2917 792 2953 sentiant.
858 2923 927 2940 —0
949 2917 1176 2962 loquantur.
1236 2915 1298 2939 —h
1320 2913 1505 2961 quamuis
1525 2918 1562 2950 et
1579 2914 1705 2959 prius

83 2980 162 3016 sed.
215 2980 271 3006 ——i
301 2979 460 3026 vulgus.
514 2977 568 3009 —J‘
599 2977 624 3013 ii
643 2977 724 3024 qui.
778 2977 843 3000 —k
866 2980 970 3012 sunt.
1027 2975 1081 3000 —1
1109 2974 1400 3011 consideranda
1420 2972 1569 3020 scripta
1590 2978 1641 3010 et.
