1908 3446
259 267 328 305 304
732 269 1336 317 LITTERAEEQUADRIMESTRES

212 369 258 407 ri
276 382 364 408 non
386 370 539 409 debere
560 368 805 409 monuisset
828 372 853 408 ¹.
878 371 1119 421 Elegerunt
1150 372 1305 422 singuli
1326 373 1484 411 fratres
1506 387 1637 411 unum
1671 376 1744 410 aut
1778 373 1835 410 al-

210 445 353 478 terum
377 454 431 479 ex
454 440 676 491 discipulis
698 442 949 489 maioribus,
983 442 1054 479 uel
1091 442 1220 479 etiam
1243 442 1338 491 alijs
1361 444 1570 492 externis,
1593 445 1612 462 'd
1632 456 1742 495 quos
1762 457 1835 494 pe-

212 512 359 550 culiari
382 511 606 563 diligentia
627 513 668 550 in
692 513 1045 560 conuersatione,
1071 514 1141 551 uel
1165 514 1363 551 oratione
1380 515 1549 562 saltem,
1570 516 1757 554 Domino
1775 516 1835 553 lu-

210 583 449 631 crifaciant>
475 584 596 621 cuius
626 583 866 622 industriae
887 585 1074 623 fructum
1103 585 1186 623 iam
1209 584 1396 635 aliquem
1418 586 1617 624 uidimus.
1652 587 1833 625 Vnicum

208 655 357 692 italum
379 656 599 702 iuuenem,
622 655 786 693 bonum
810 659 853 693 et
874 656 1140 694 laboriosum
1170 657 1212 693 in
1240 656 1511 695 Societatem
1547 658 1832 708 suscepimus,

207 727 279 776 qui
318 727 444 764 nobis
478 727 520 764 in
561 726 705 765 multis
741 728 872 766 rebus
907 727 1161 766 domesticis
1200 727 1317 765 utilis
1353 740 1450 766 esse
1485 729 1662 779 poterit.
1702 729 1833 779 Quin·

206 810 291 847 que
313 798 331 822 b
355 810 408 835 ex
430 798 634 835 fratribus
656 798 857 836 fecerunt
880 799 1093 837 exercitia
1114 798 1365 849 spiritualia,
1389 812 1467 850 per
1483 812 1595 850 quae
1613 800 1698 838 duo
1721 801 1832 851 ipso·
1898 796 1902 817 ³

206 882 298 906 rum
321 882 346 906 a
366 869 572 919 grauibus
595 870 911 908 tentationibus
932 870 1151 908 foeliciter
1174 876 1272 908 sunt
1302 871 1488 918 liberati,
1514 877 1557 909 et
1584 872 1627 909 in
1661 884 1738 910 sua
1758 884 1832 910 uo·
1898 917 1901 933 i

205 940 379 978 catione
421 953 574 979 omnes
607 942 723 979 bene
756 941 939 991 fundatj.
982 941 1311 993 [Exz'gnfttatem
1338 942 1530 993 fructus
1563 945 1760 991 excusat,
1793 945 1832 983 et
1896 987 1902 1005 r

200 1014 355 1062 preces
380 1013 617 1061 postulat]
643 1011 914 1051 Salzfzftamus
935 1013 1072 1052 esiam
1094 1014 1142 1051 R.
1166 1014 1215 1051 P.
1241 1013 1511 1061 assistentes,
1535 1016 1575 1053 et
1595 1014 1644 1053 in
1666 1015 1832 1065 primis
1896 1053 1902 1066 ,

207 1085 485 1122 aduocatum
518 1085 728 1122 nostrum
758 1085 811 1122 R.
849 1085 1034 1123 Patrem
1066 1085 1278 1124 Natalem
1314 1089 1326 1108 2
1360 1088 1400 1124 et
1434 1086 1486 1124 R.
1520 1086 1568 1124 P.
1607 1084 1830 1126 Sebastia-

202 1167 312 1194 num
341 1160 354 1179 ³
377 1168 479 1194 cum
501 1157 592 1195 toto
616 1169 699 1194 suo
731 1156 939 1207 collegio.
967 1158 1133 1207 Pragae
1156 1156 1267 1207 apud
1290 1157 1334 1195 S.
1360 1158 1635 1196 Clementem
1665 1168 1717 1205 30
1745 1158 1829 1196 Au·
1894 1151 1900 1183 ’ὖ

201 1227 314 1277 gusti
341 1236 456 1277 1559.

278 1299 342 1337 Ex
365 1300 675 1338 commissione
698 1300 745 1339 R.
772 1301 816 1338 Ρ.
839 1300 1039 1338 rectoris.

278 1371 329 1408 V.
356 1371 402 1409 R.
428 1372 474 1409 P.
500 1371 701 1409 minimus
725 1376 769 1408 et
790 1369 993 1422 indignus
1014 1371 1127 1408 filius
1148 1370 1190 1408 in
1207 1371 1399 1419 Christo,

1184 1459 1432 1499 STEPHANUS
1463 1461 1660 1500 LlssERIUS
1689 1462 1717 1500 ⁴.

277 1582 471 1622 Polanci
490 1596 647 1622 manu.
681 1583 939 1621 Emendata.
978 1583 1087 1622 Alia
1116 1596 1274 1623 manu.
1313 1584 1439 1622 Fatta
1471 1597 1549 1635 per
1581 1586 1755 1636 Spagna
1782 1595 1847 1635 43⁴
1888 1623 1890 1628 ,

194 1654 316 1693 Italia
337 1665 376 1702 23
399 1654 555 1705 Napoli
581 1659 624 1693 et
646 1655 794 1693 Sicilia
819 1666 854 1703 13
878 1655 1060 1694 Francia
1086 1666 1118 1693 1.

240 1841 259 1860 a
311 1840 496 1878 Emend.
519 1851 569 1877 ex
588 1840 804 1876 extraneis.
860 1840 925 1864 ——b
953 1839 1101 1877 Ρναεε.
1122 1840 1236 1876 verb.
1259 1841 1304 1876 in
1326 1851 1462 1886 marg.
1484 1841 1638 1879 eadem
1669 1853 1824 1888 manu:
1884 1864 1890 1873 -ι

193 1900 332 1938 deleto
351 1901 398 1936 in
418 1902 535 1936 textu
554 1899 655 1942 alio,
676 1899 793 1946 quod
811 1899 897 1945 legi
914 1910 1000 1936 non
1017 1900 1168 1945 potest.

240 2070 248 2088 ¹
303 2067 418 2105 Haec
438 2066 599 2113 pietatis
618 2064 813 2102 exercitia
831 2065 1027 2112 imperata
1047 2065 1129 2102 illis
1149 2070 1265 2102 erant
1284 2078 1354 2112 pro
1372 2065 1481 2103 felici
1508 2068 1618 2105 exitu
1645 2070 1817 2107 comitio·
1881 2059 1889 2093 Ῐ·’

191 2142 279 2165 rum
301 2131 635 2174 augustanorum.

237 2189 250 2208 ²
301 2187 344 2224 P.
365 2186 640 2233 Hieronymus
659 2184 819 2222 Natalis
838 2183 1004 2231 (Nadal)
1025 2198 1195 2222 munere
1215 2185 1442 2223 assistentis
1469 2185 1718 2233 fungebatur
1748 2201 1817 2236 pro

190 2247 429 2286 Germania.

236 2307 249 2327 ³
300 2305 345 2342 P.
366 2305 634 2342 Sebastianus
653 2304 811 2348 Romei,
833 2303 997 2351 collegii
1016 2304 1240 2351 germanici
1259 2305 1299 2341 in
1319 2304 1433 2342 Urbe
1452 2311 1595 2343 rector.

234 2368 248 2386 ⁴
300 2365 363 2402 De
382 2377 460 2411 quo
480 2364 524 2401 P.
545 2363 758 2407 Hoffaeus,
779 2369 924 2408 rector,
945 2364 1046 2401 haec
1065 2364 1129 2401 die
1147 2364 1193 2401 30
1212 2363 1393 2411 Augusti
1412 2365 1531 2412 hujus
1557 2366 1652 2403 anni
1670 2366 1815 2405 scribe·
1876 2377 1884 2385 ·

188 2428 270 2464 bat:
302 2425 569 2472 «Stephanus.
598 2423 695 2461 Fuit
725 2424 766 2460 in
795 2423 1002 2461 Soeietate
1034 2436 1107 2470 per
1137 2424 1315 2471 quinque
1347 2437 1486 2461 annos.
1520 2424 1610 2462 Non
1642 2426 1707 2463 diu
1741 2426 1814 2463 fuit
1873 2433 1879 2454 ἒ

187 2490 426 2534 praeceptor
452 2482 592 2520 classis
619 2483 894 2529 humanitatis,
924 2483 1113 2520 transiuit
1141 2496 1212 2529 per
1230 2483 1360 2520 officia
1388 2484 1620 2522 domestica.
1641 2485 1814 2523 Vacauit
1874 2508 1876 2510 v

186 2546 335 2582 litteris
353 2543 545 2591 quamdiu
564 2542 638 2580 fuit
659 2544 698 2580 in
717 2542 938 2588 Societate,
960 2550 1082 2580 antea
1100 2543 1200 2580 nihil
1219 2544 1351 2589 sciuit;
1380 2550 1619 2581 consecutus
1647 2549 1708 2582 est
1733 2558 1812 2582 me-

187 2605 362 2642 diocrem
382 2602 556 2639 fructum
577 2603 616 2639 in
635 2602 879 2640 Rhetoricis.
901 2602 1071 2649 Ingenio
1089 2602 1349 2639 mediocriter
1367 2604 1491 2647 valet,
1511 2608 1651 2641 tamen
1672 2605 1812 2652 practi-

186 2677 231 2702 co
261 2663 393 2709 magis
422 2674 544 2709 quam
574 2663 839 2710 speculatiuo.
870 2661 1007 2700 Habet
1035 2661 1082 2699 22
1112 2675 1249 2700 annos¹
1277 2653 1517 2710 'Propensus
1543 2667 1604 2700 est
1629 2665 1679 2701 ad
1698 2659 1812 2702 uaria
1872 2667 1882 2692 ‚5

185 2737 289 2771 quae
309 2729 537 2767 occurrunt,
567 2734 812 2771 quamquam
839 2727 933 2760 sunt
959 2722 1218 2760 excellentia.
1243 2722 1418 2760 Videtur
1444 2730 1579 2761 tamen
1606 2724 1745 2765 valere
1771 2724 1810 2760 in

185 2782 458 2821 concionando
477 2787 516 2820 et
535 2782 726 2824 docendo,
747 2782 781 2819 si
799 2783 981 2819 studeret
999 2781 1173 2828 utrique.
1198 2781 1321 2818 Vires
1341 2783 1517 2829 corporis
1536 2783 1659 2820 habet
1672 2783 1806 2827 bonas,
1860 2831 1861 2834 Ἰ

185 2854 357 2890 magnus
391 2853 572 2888 corpore;
604 2841 837 2888 spirituales
868 2841 977 2879 uires
1004 2842 1125 2878 habet
1152 2842 1290 2887 bonas,
1321 2847 1462 2890 estque
1482 2855 1529 2879 ac
1548 2842 1622 2879 {uit
1650 2853 1809 2890 semper
1875 2862 1879 2870 v

184 2906 386 2945 constans:
407 2902 538 2948 magis
557 2902 743 2948 aptus-ad
761 2902 906 2944 studia,
926 2914 1048 2948 quam
1067 2913 1206 2938 curam
1226 2902 1468 2940 animarum,
1490 2902 1662 2939 Idoneus
1687 2901 1807 2939 etiam

182 2962 233 2999 ad
251 2972 390 2998 omnes
408 2961 639 3007 superiores
657 2959 912 2997 facultates.»
931 2960 992 3006 (In
1014 2961 1098 2997 cod.
1122 2960 1267 2998 Germ.
1294 2960 1382 3002 131,
1403 2960 1430 2997 f.
1457 2960 1680 3007 302v-303).
1709 2960 1806 2998 Erat

183 3033 280 3058 vero
311 3019 543 3066 Stephanus
575 3019 764 3057 Liberius
791 3021 955 3057 natione
982 3032 1215 3066 germanus.
1247 3032 1296 3056 ex
1323 3019 1476 3067 Styria.
1506 3019 1574 3057 Cf.
1613 3020 1802 3058 Monum.

183 3080 344 3127 Ignat.,
364 3090 443 3116 ser.
467 3078 535 3121 La,
553 3077 626 3123 ΧΙ,
647 3078 729 3116 524.
1686 3091 1688 3095 ’
