<?xml version="1.0" encoding="UTF-8"?>
<!DOCTYPE html PUBLIC "-//W3C//DTD XHTML 1.0 Transitional//EN"
    "http://www.w3.org/TR/xhtml1/DTD/xhtml1-transitional.dtd">
<html xmlns="http://www.w3.org/1999/xhtml" xml:lang="en" lang="en">
 <head>
  <title>
</title>
<meta http-equiv="Content-Type" content="text/html;charset=utf-8" />
  <meta name='ocr-system' content='tesseract 3.04.00' />
  <meta name='ocr-capabilities' content='ocr_page ocr_carea ocr_par ocr_line ocrx_word'/>
</head>
<body>
  <div class='ocr_page' id='page_1' title='image "./litteraequadrime1806lain_0172.png"; bbox 0 0 1908 3446; ppageno 0'>
   <div class='ocr_carea' id='block_1_1' title="bbox 209 224 1278 270">
    <p class='ocr_par' dir='ltr' id='par_1_1' title="bbox 209 224 1278 270">
     <span class='ocr_line' id='line_1_1' title="bbox 209 224 1278 270; baseline -0.001 -9"><span class='ocrx_word' id='word_1_1' title='bbox 209 225 276 262; x_wconf 79' lang='lat'>152</span> <span class='ocrx_word' id='word_1_2' title='bbox 670 224 891 262; x_wconf 80' lang='lat' dir='ltr'>LITTERAE</span> <span class='ocrx_word' id='word_1_3' title='bbox 919 224 1278 270; x_wconf 75' lang='lat' dir='ltr'><strong>QUADRIMESTRES</strong></span> 
     </span>
    </p>
   </div>
   <div class='ocr_carea' id='block_1_2' title="bbox 141 324 1793 875">
    <p class='ocr_par' dir='ltr' id='par_1_2' title="bbox 141 324 1853 875">
     <span class='ocr_line' id='line_1_2' title="bbox 159 324 1787 378; baseline -0.002 -13"><span class='ocrx_word' id='word_1_4' title='bbox 159 327 355 378; x_wconf 83' lang='lat' dir='ltr'><strong>insignes</strong></span> <span class='ocrx_word' id='word_1_5' title='bbox 377 327 576 373; x_wconf 90' lang='lat' dir='ltr'>iuuenes,</span> <span class='ocrx_word' id='word_1_6' title='bbox 601 326 673 377; x_wconf 92' lang='lat' dir='ltr'>qui</span> <span class='ocrx_word' id='word_1_7' title='bbox 699 326 1013 377; x_wconf 81' lang='lat' dir='ltr'>quamprimum</span> <span class='ocrx_word' id='word_1_8' title='bbox 1037 326 1215 363; x_wconf 82' lang='lat' dir='ltr'>Romam</span> <span class='ocrx_word' id='word_1_9' title='bbox 1242 324 1285 362; x_wconf 92' lang='lat' dir='ltr'>in</span> <span class='ocrx_word' id='word_1_10' title='bbox 1312 324 1547 375; x_wconf 78' lang='lat' dir='ltr'>collegium</span> <span class='ocrx_word' id='word_1_11' title='bbox 1578 324 1787 373; x_wconf 86' lang='lat' dir='ltr'>germani-</span> 
     </span>
     <span class='ocr_line' id='line_1_3' title="bbox 161 394 1786 446; baseline -0.002 -10"><span class='ocrx_word' id='word_1_12' title='bbox 161 410 258 436; x_wconf 89' lang='lat' dir='ltr'>cum</span> <span class='ocrx_word' id='word_1_13' title='bbox 290 397 630 443; x_wconf 82' lang='lat' dir='ltr'>contenderent,</span> <span class='ocrx_word' id='word_1_14' title='bbox 664 396 877 446; x_wconf 83' lang='lat' dir='ltr'>siquidem</span> <span class='ocrx_word' id='word_1_15' title='bbox 911 397 972 434; x_wconf 90' lang='lat' dir='ltr'>eis</span> <span class='ocrx_word' id='word_1_16' title='bbox 1005 394 1340 434; x_wconf 83' lang='lat' dir='ltr'>concederetur.</span> <span class='ocrx_word' id='word_1_17' title='bbox 1375 395 1575 432; x_wconf 86' lang='lat' dir='ltr'>Recitant</span> <span class='ocrx_word' id='word_1_18' title='bbox 1607 394 1786 433; x_wconf 82' lang='lat' dir='ltr'>subinde</span> 
     </span>
     <span class='ocr_line' id='line_1_4' title="bbox 162 465 1787 517; baseline -0.002 -10"><span class='ocrx_word' id='word_1_19' title='bbox 162 470 471 516; x_wconf 87' lang='lat' dir='ltr'>oratiunculas,</span> <span class='ocrx_word' id='word_1_20' title='bbox 495 481 611 507; x_wconf 91' lang='lat' dir='ltr'>nunc</span> <span class='ocrx_word' id='word_1_21' title='bbox 636 472 678 506; x_wconf 87' lang='lat' dir='ltr'>et</span> <span class='ocrx_word' id='word_1_22' title='bbox 702 469 905 515; x_wconf 82' lang='lat' dir='ltr'>carmina,</span> <span class='ocrx_word' id='word_1_23' title='bbox 930 480 1043 505; x_wconf 91' lang='lat' dir='ltr'>nunc</span> <span class='ocrx_word' id='word_1_24' title='bbox 1064 479 1238 517; x_wconf 83' lang='lat' dir='ltr'>graeca,</span> <span class='ocrx_word' id='word_1_25' title='bbox 1262 479 1376 504; x_wconf 92' lang='lat' dir='ltr'>nunc</span> <span class='ocrx_word' id='word_1_26' title='bbox 1397 467 1529 503; x_wconf 87' lang='lat' dir='ltr'>latina</span> <span class='ocrx_word' id='word_1_27' title='bbox 1559 465 1601 503; x_wconf 91' lang='lat' dir='ltr'>in</span> <span class='ocrx_word' id='word_1_28' title='bbox 1630 465 1787 504; x_wconf 89' lang='lat' dir='ltr'>scholis</span> 
     </span>
     <span class='ocr_line' id='line_1_5' title="bbox 161 536 1790 591; baseline -0.002 -13"><span class='ocrx_word' id='word_1_29' title='bbox 161 540 320 579; x_wconf 79' lang='lat' dir='ltr'>nostris</span> <span class='ocrx_word' id='word_1_30' title='bbox 350 541 538 591; x_wconf 89' lang='lat' dir='ltr'>publice.</span> <span class='ocrx_word' id='word_1_31' title='bbox 573 540 808 590; x_wconf 84' lang='lat' dir='ltr'>Dialoguin</span> <span class='ocrx_word' id='word_1_32' title='bbox 841 539 970 576; x_wconf 85' lang='lat' dir='ltr'>etiam</span> <span class='ocrx_word' id='word_1_33' title='bbox 1004 538 1279 576; x_wconf 79' lang='lat' dir='ltr'>exhibuimus</span> <span class='ocrx_word' id='word_1_34' title='bbox 1310 537 1365 575; x_wconf 90' lang='lat' dir='ltr'>de</span> <span class='ocrx_word' id='word_1_35' title='bbox 1386 550 1532 588; x_wconf 83' lang='lat' dir='ltr'>pugna</span> <span class='ocrx_word' id='word_1_36' title='bbox 1553 536 1725 587; x_wconf 88' lang='lat' dir='ltr'>spiritus</span> <span class='ocrx_word' id='word_1_37' title='bbox 1747 543 1790 575; x_wconf 85' lang='lat' dir='ltr'>et</span> 
     </span>
     <span class='ocr_line' id='line_1_6' title="bbox 141 609 1787 662; baseline -0.001 -13"><span class='ocrx_word' id='word_1_38' title='bbox 141 612 316 659; x_wconf 65' lang='lat' dir='ltr'>carnis,</span> <span class='ocrx_word' id='word_1_39' title='bbox 342 618 541 662; x_wconf 88' lang='lat' dir='ltr'>tempore</span> <span class='ocrx_word' id='word_1_40' title='bbox 565 611 934 653; x_wconf 70' lang='lat' dir='ltr'>bachanaliorum.</span> <span class='ocrx_word' id='word_1_41' title='bbox 961 623 984 647; x_wconf 89' lang='lat' dir='ltr'>a</span> <span class='ocrx_word' id='word_1_42' title='bbox 1005 622 1098 647; x_wconf 89' lang='lat' dir='ltr'>nro.</span> <span class='ocrx_word' id='word_1_43' title='bbox 1125 610 1180 647; x_wconf 89' lang='lat' dir='ltr'>M.</span> <span class='ocrx_word' id='word_1_44' title='bbox 1212 609 1410 648; x_wconf 86' lang='lat' dir='ltr'>Gerardo</span> <span class='ocrx_word' id='word_1_45' title='bbox 1442 610 1448 628; x_wconf 87' lang='lat'>¹</span> <span class='ocrx_word' id='word_1_46' title='bbox 1484 609 1787 659; x_wconf 88' lang='lat' dir='ltr'>compositum,</span> 
     </span>
     <span class='ocr_line' id='line_1_7' title="bbox 164 679 1790 732; baseline -0.002 -10"><span class='ocrx_word' id='word_1_47' title='bbox 164 690 283 722; x_wconf 85' lang='lat' dir='ltr'>tanta</span> <span class='ocrx_word' id='word_1_48' title='bbox 305 697 401 722; x_wconf 90' lang='lat' dir='ltr'>cum</span> <span class='ocrx_word' id='word_1_49' title='bbox 428 683 708 721; x_wconf 88' lang='lat' dir='ltr'>edificatione</span> <span class='ocrx_word' id='word_1_50' title='bbox 741 687 784 719; x_wconf 93' lang='lat' dir='ltr'>et</span> <span class='ocrx_word' id='word_1_51' title='bbox 816 682 1038 732; x_wconf 74' lang='lat' dir='ltr'>applausu,</span> <span class='ocrx_word' id='word_1_52' title='bbox 1073 685 1118 718; x_wconf 91' lang='lat' dir='ltr'>ut</span> <span class='ocrx_word' id='word_1_53' title='bbox 1149 693 1279 718; x_wconf 93' lang='lat' dir='ltr'>nemo</span> <span class='ocrx_word' id='word_1_54' title='bbox 1310 680 1404 718; x_wconf 85' lang='lat' dir='ltr'>fere</span> <span class='ocrx_word' id='word_1_55' title='bbox 1435 679 1551 718; x_wconf 90' lang='lat' dir='ltr'>aliud</span> <span class='ocrx_word' id='word_1_56' title='bbox 1581 692 1707 730; x_wconf 83' lang='lat' dir='ltr'>quarn</span> <span class='ocrx_word' id='word_1_57' title='bbox 1738 679 1790 718; x_wconf 89' lang='lat' dir='ltr'>de</span> 
     </span>
     <span class='ocr_line' id='line_1_8' title="bbox 163 749 1792 805; baseline -0.002 -14"><span class='ocrx_word' id='word_1_58' title='bbox 163 755 382 793; x_wconf 89' lang='lat' dir='ltr'>breuitate</span> <span class='ocrx_word' id='word_1_59' title='bbox 415 758 727 805; x_wconf 82' lang='lat' dir='ltr'>conqueretur.</span> <span class='ocrx_word' id='word_1_60' title='bbox 762 754 859 790; x_wconf 89' lang='lat' dir='ltr'>Non</span> <span class='ocrx_word' id='word_1_61' title='bbox 890 756 955 789; x_wconf 79' lang='lat' dir='ltr'>est</span> <span class='ocrx_word' id='word_1_62' title='bbox 984 752 1076 789; x_wconf 87' lang='lat' dir='ltr'>uisa</span> <span class='ocrx_word' id='word_1_63' title='bbox 1098 751 1234 789; x_wconf 89' lang='lat' dir='ltr'>maior</span> <span class='ocrx_word' id='word_1_64' title='bbox 1255 750 1478 789; x_wconf 90' lang='lat' dir='ltr'>hominum</span> <span class='ocrx_word' id='word_1_65' title='bbox 1500 749 1730 788; x_wconf 89' lang='lat' dir='ltr'>multitudo</span> <span class='ocrx_word' id='word_1_66' title='bbox 1751 750 1792 788; x_wconf 92' lang='lat' dir='ltr'>in</span> 
     </span>
     <span class='ocr_line' id='line_1_9' title="bbox 162 822 1793 875; baseline -0.003 -10"><span class='ocrx_word' id='word_1_67' title='bbox 162 826 324 865; x_wconf 89' lang='lat' dir='ltr'>scholis</span> <span class='ocrx_word' id='word_1_68' title='bbox 358 827 535 873; x_wconf 85' lang='lat' dir='ltr'>nostris,</span> <span class='ocrx_word' id='word_1_69' title='bbox 573 838 699 875; x_wconf 89' lang='lat' dir='ltr'>quam</span> <span class='ocrx_word' id='word_1_70' title='bbox 733 837 829 862; x_wconf 87' lang='lat' dir='ltr'>cum</span> <span class='ocrx_word' id='word_1_71' title='bbox 865 824 936 861; x_wconf 92' lang='lat' dir='ltr'>ille</span> <span class='ocrx_word' id='word_1_72' title='bbox 973 823 1172 874; x_wconf 73' lang='lat' dir='ltr'>dialogus</span> <span class='ocrx_word' id='word_1_73' title='bbox 1209 823 1507 860; x_wconf 83' lang='lat' dir='ltr'>exhiberetur.</span> <span class='ocrx_word' id='word_1_74' title='bbox 1541 822 1793 872; x_wconf 89' lang='lat' dir='ltr'>Coeperunt</span> 
     </span>
    </p>
   </div>
   <div class='ocr_carea' id='block_1_3' title="bbox 165 888 1877 947">
    <p class='ocr_par' dir='ltr' id='par_1_3' title="bbox 165 888 1877 947">
     <span class='ocr_line' id='line_1_10' title="bbox 165 888 1877 947; baseline -0.004 -10"><span class='ocrx_word' id='word_1_75' title='bbox 165 899 299 937; x_wconf 89' lang='lat' dir='ltr'>etiam</span> <span class='ocrx_word' id='word_1_76' title='bbox 322 898 460 936; x_wconf 84' lang='lat' dir='ltr'>nostri</span> <span class='ocrx_word' id='word_1_77' title='bbox 482 896 681 947; x_wconf 89' lang='lat' dir='ltr'>discipuli</span> <span class='ocrx_word' id='word_1_78' title='bbox 702 908 858 946; x_wconf 84' lang='lat' dir='ltr'>magna</span> <span class='ocrx_word' id='word_1_79' title='bbox 881 907 977 932; x_wconf 87' lang='lat' dir='ltr'>cum</span> <span class='ocrx_word' id='word_1_80' title='bbox 1001 894 1242 932; x_wconf 90' lang='lat' dir='ltr'>deuotione</span> <span class='ocrx_word' id='word_1_81' title='bbox 1273 894 1449 932; x_wconf 89' lang='lat' dir='ltr'>uariatis</span> <span class='ocrx_word' id='word_1_82' title='bbox 1480 892 1662 931; x_wconf 85' lang='lat' dir='ltr'>uocibus</span> <span class='ocrx_word' id='word_1_83' title='bbox 1693 907 1793 931; x_wconf 87' lang='lat' dir='ltr'>suos</span> <span class='ocrx_word' id='word_1_84' title='bbox 1852 888 1854 930; x_wconf 71' lang='lat' dir='ltr'>J</span> <span class='ocrx_word' id='word_1_85' title='bbox 1876 913 1877 917; x_wconf 64' lang='lat'><em>=</em></span> 
     </span>
    </p>
   </div>
   <div class='ocr_carea' id='block_1_4' title="bbox 163 956 1856 1444">
    <p class='ocr_par' dir='ltr' id='par_1_4' title="bbox 163 956 1856 1444">
     <span class='ocr_line' id='line_1_11' title="bbox 163 956 1853 1020; baseline -0.004 -12"><span class='ocrx_word' id='word_1_86' title='bbox 163 972 351 1020; x_wconf 88' lang='lat' dir='ltr'>hymnos</span> <span class='ocrx_word' id='word_1_87' title='bbox 375 973 417 1007; x_wconf 90' lang='lat' dir='ltr'>et</span> <span class='ocrx_word' id='word_1_88' title='bbox 444 969 702 1015; x_wconf 81' lang='lat' dir='ltr'>uersiculos,</span> <span class='ocrx_word' id='word_1_89' title='bbox 728 966 827 1005; x_wconf 83' lang='lat' dir='ltr'>dum</span> <span class='ocrx_word' id='word_1_90' title='bbox 852 967 1024 1005; x_wconf 86' lang='lat' dir='ltr'>scholas</span> <span class='ocrx_word' id='word_1_91' title='bbox 1045 965 1347 1017; x_wconf 90' lang='lat' dir='ltr'>ingrediuntur</span> <span class='ocrx_word' id='word_1_92' title='bbox 1370 978 1420 1004; x_wconf 90' lang='grc'>36</span> <span class='ocrx_word' id='word_1_93' title='bbox 1443 968 1620 1012; x_wconf 87' lang='lat' dir='ltr'>exeunt,</span> <span class='ocrx_word' id='word_1_94' title='bbox 1647 964 1794 1002; x_wconf 90' lang='lat' dir='ltr'>modu·</span> <span class='ocrx_word' id='word_1_95' title='bbox 1852 956 1853 965; x_wconf 43' lang='lat' dir='ltr'><em>J</em></span> 
     </span>
     <span class='ocr_line' id='line_1_12' title="bbox 166 1036 1792 1090; baseline -0.004 -9"><span class='ocrx_word' id='word_1_96' title='bbox 166 1043 260 1089; x_wconf 82' lang='lat' dir='ltr'>lari,</span> <span class='ocrx_word' id='word_1_97' title='bbox 286 1047 333 1080; x_wconf 90' lang='lat' dir='ltr'>ut</span> <span class='ocrx_word' id='word_1_98' title='bbox 360 1040 536 1079; x_wconf 85' lang='lat' dir='ltr'>tandem</span> <span class='ocrx_word' id='word_1_99' title='bbox 570 1040 902 1090; x_wconf 83' lang='lat' dir='ltr'>quibuscunque</span> <span class='ocrx_word' id='word_1_100' title='bbox 933 1037 1074 1076; x_wconf 88' lang='lat' dir='ltr'>modis</span> <span class='ocrx_word' id='word_1_101' title='bbox 1104 1038 1335 1088; x_wconf 89' lang='lat' dir='ltr'>possimus,</span> <span class='ocrx_word' id='word_1_102' title='bbox 1368 1038 1514 1087; x_wconf 90' lang='lat' dir='ltr'>plures</span> <span class='ocrx_word' id='word_1_103' title='bbox 1544 1036 1792 1075; x_wconf 86' lang='lat' dir='ltr'>alliciamus.</span> 
     </span>
     <span class='ocr_line' id='line_1_13' title="bbox 166 1107 1854 1159; baseline -0.004 -7"><span class='ocrx_word' id='word_1_104' title='bbox 166 1113 245 1152; x_wconf 91' lang='lat' dir='ltr'>His</span> <span class='ocrx_word' id='word_1_105' title='bbox 268 1114 481 1151; x_wconf 82' lang='lat' dir='ltr'>classibus</span> <span class='ocrx_word' id='word_1_106' title='bbox 503 1116 787 1151; x_wconf 89' lang='lat' dir='ltr'>accesserunt</span> <span class='ocrx_word' id='word_1_107' title='bbox 809 1110 918 1148; x_wconf 91' lang='lat' dir='ltr'>aliae</span> <span class='ocrx_word' id='word_1_108' title='bbox 942 1109 1053 1148; x_wconf 93' lang='lat' dir='ltr'>duae</span> <span class='ocrx_word' id='word_1_109' title='bbox 1082 1109 1286 1155; x_wconf 80' lang='lat' dir='ltr'>maiores,</span> <span class='ocrx_word' id='word_1_110' title='bbox 1316 1107 1570 1159; x_wconf 89' lang='lat' dir='ltr'>theologiae</span> <span class='ocrx_word' id='word_1_111' title='bbox 1601 1107 1796 1146; x_wconf 89' lang='lat' dir='ltr'>nimirum</span> <span class='ocrx_word' id='word_1_112' title='bbox 1852 1127 1854 1135; x_wconf 85' lang='lat'><em>=</em></span> 
     </span>
     <span class='ocr_line' id='line_1_14' title="bbox 169 1179 1854 1231; baseline -0.004 -8"><span class='ocrx_word' id='word_1_113' title='bbox 169 1190 211 1223; x_wconf 90' lang='lat' dir='ltr'>et</span> <span class='ocrx_word' id='word_1_114' title='bbox 243 1184 518 1223; x_wconf 87' lang='lat' dir='ltr'>dialecticae.</span> <span class='ocrx_word' id='word_1_115' title='bbox 558 1182 752 1231; x_wconf 76' lang='lat' dir='ltr'>Quando</span> <span class='ocrx_word' id='word_1_116' title='bbox 781 1183 799 1200; x_wconf 53' lang='grc' dir='ltr'><strong><em>ἃ</em></strong></span> <span class='ocrx_word' id='word_1_117' title='bbox 836 1181 949 1219; x_wconf 86' lang='grc'>6111111</span> <span class='ocrx_word' id='word_1_118' title='bbox 980 1182 1062 1219; x_wconf 84' lang='grc'>1136</span> <span class='ocrx_word' id='word_1_119' title='bbox 1092 1180 1297 1218; x_wconf 90' lang='lat' dir='ltr'>transiret</span> <span class='ocrx_word' id='word_1_120' title='bbox 1328 1181 1374 1218; x_wconf 79' lang='lat' dir='ltr'>R.</span> <span class='ocrx_word' id='word_1_121' title='bbox 1401 1181 1447 1219; x_wconf 80' lang='lat' dir='ltr'>P.</span> <span class='ocrx_word' id='word_1_122' title='bbox 1470 1179 1748 1231; x_wconf 88' lang='lat' dir='ltr'>prouincialis</span> <span class='ocrx_word' id='word_1_123' title='bbox 1769 1183 1795 1227; x_wconf 80' lang='lat'>²,</span> <span class='ocrx_word' id='word_1_124' title='bbox 1852 1197 1854 1202; x_wconf 95' lang='lat'>·</span> 
     </span>
     <span class='ocr_line' id='line_1_15' title="bbox 169 1251 1856 1306; baseline -0.004 -12"><span class='ocrx_word' id='word_1_125' title='bbox 169 1255 321 1294; x_wconf 83' lang='lat' dir='ltr'>effecit</span> <span class='ocrx_word' id='word_1_126' title='bbox 344 1254 457 1306; x_wconf 90' lang='lat' dir='ltr'>apud</span> <span class='ocrx_word' id='word_1_127' title='bbox 479 1254 701 1293; x_wconf 91' lang='lat' dir='ltr'>dominum</span> <span class='ocrx_word' id='word_1_128' title='bbox 722 1253 1020 1303; x_wconf 89' lang='lat' dir='ltr'>praepositum</span> <span class='ocrx_word' id='word_1_129' title='bbox 1043 1257 1085 1290; x_wconf 86' lang='lat' dir='ltr'>et</span> <span class='ocrx_word' id='word_1_130' title='bbox 1108 1251 1323 1290; x_wconf 90' lang='lat' dir='ltr'>decanum</span> <span class='ocrx_word' id='word_1_131' title='bbox 1352 1251 1567 1290; x_wconf 90' lang='lat' dir='ltr'>ecclesiae</span> <span class='ocrx_word' id='word_1_132' title='bbox 1598 1251 1724 1298; x_wconf 86' lang='lat' dir='ltr'>arcis,</span> <span class='ocrx_word' id='word_1_133' title='bbox 1754 1256 1798 1289; x_wconf 91' lang='lat' dir='ltr'>ut</span> <span class='ocrx_word' id='word_1_134' title='bbox 1853 1293 1856 1300; x_wconf 53' lang='lat'>‚</span> 
     </span>
     <span class='ocr_line' id='line_1_16' title="bbox 166 1321 1856 1378; baseline -0.004 -13"><span class='ocrx_word' id='word_1_135' title='bbox 166 1327 360 1378; x_wconf 90' lang='lat' dir='ltr'>ipsorum</span> <span class='ocrx_word' id='word_1_136' title='bbox 396 1325 656 1365; x_wconf 84' lang='lat' dir='ltr'>sacerdotes</span> <span class='ocrx_word' id='word_1_137' title='bbox 692 1324 745 1363; x_wconf 91' lang='lat' dir='ltr'>ad</span> <span class='ocrx_word' id='word_1_138' title='bbox 779 1337 860 1362; x_wconf 93' lang='lat' dir='ltr'>nos</span> <span class='ocrx_word' id='word_1_139' title='bbox 895 1323 1220 1362; x_wconf 83' lang='lat' dir='ltr'>descenderent</span> <span class='ocrx_word' id='word_1_140' title='bbox 1254 1322 1443 1361; x_wconf 88' lang='lat' dir='ltr'>audituri</span> <span class='ocrx_word' id='word_1_141' title='bbox 1476 1322 1666 1373; x_wconf 87' lang='lat' dir='ltr'>priorem</span> <span class='ocrx_word' id='word_1_142' title='bbox 1700 1322 1720 1346; x_wconf 77' lang='lat' dir='ltr'>b</span> <span class='ocrx_word' id='word_1_143' title='bbox 1747 1321 1798 1360; x_wconf 90' lang='lat' dir='ltr'>ad</span> <span class='ocrx_word' id='word_1_144' title='bbox 1854 1347 1856 1355; x_wconf 65' lang='lat'><em>,</em></span> 
     </span>
     <span class='ocr_line' id='line_1_17' title="bbox 170 1389 1855 1444; baseline -0.004 -8"><span class='ocrx_word' id='word_1_145' title='bbox 170 1397 216 1436; x_wconf 79' lang='lat' dir='ltr'>S.</span> <span class='ocrx_word' id='word_1_146' title='bbox 242 1397 537 1443; x_wconf 87' lang='lat' dir='ltr'>Timotheum,</span> <span class='ocrx_word' id='word_1_147' title='bbox 563 1408 587 1434; x_wconf 94' lang='lat' dir='ltr'>a</span> <span class='ocrx_word' id='word_1_148' title='bbox 608 1398 659 1434; x_wconf 90' lang='lat' dir='ltr'>D.</span> <span class='ocrx_word' id='word_1_149' title='bbox 685 1396 894 1433; x_wconf 91' lang='lat' dir='ltr'>Henrico.</span> <span class='ocrx_word' id='word_1_150' title='bbox 919 1395 1138 1444; x_wconf 86' lang='lat' dir='ltr'>Coeptum</span> <span class='ocrx_word' id='word_1_151' title='bbox 1162 1398 1228 1431; x_wconf 92' lang='lat' dir='ltr'>est</span> <span class='ocrx_word' id='word_1_152' title='bbox 1248 1392 1482 1441; x_wconf 81' lang='lat' dir='ltr'>foeliciter,</span> <span class='ocrx_word' id='word_1_153' title='bbox 1506 1392 1697 1443; x_wconf 83' lang='lat' dir='ltr'>satisque</span> <span class='ocrx_word' id='word_1_154' title='bbox 1719 1393 1798 1431; x_wconf 89' lang='lat' dir='ltr'>fre·</span> <span class='ocrx_word' id='word_1_155' title='bbox 1854 1389 1855 1396; x_wconf 72' lang='grc'>’</span> 
     </span>
    </p>
   </div>
   <div class='ocr_carea' id='block_1_5' title="bbox 169 1456 1857 1520">
    <p class='ocr_par' dir='ltr' id='par_1_5' title="bbox 169 1456 1857 1520">
     <span class='ocr_line' id='line_1_18' title="bbox 169 1456 1857 1520; baseline -0.004 -13"><span class='ocrx_word' id='word_1_156' title='bbox 169 1469 319 1520; x_wconf 87' lang='lat' dir='ltr'>quenti</span> <span class='ocrx_word' id='word_1_157' title='bbox 342 1467 580 1514; x_wconf 79' lang='lat' dir='ltr'>auditorio,</span> <span class='ocrx_word' id='word_1_158' title='bbox 598 1467 623 1506; x_wconf 84' lang='lat'>6</span> <span class='ocrx_word' id='word_1_159' title='bbox 641 1466 814 1518; x_wconf 84' lang='lat' dir='ltr'>Aprilis3</span> <span class='ocrx_word' id='word_1_160' title='bbox 840 1471 882 1504; x_wconf 93' lang='lat' dir='ltr'>et</span> <span class='ocrx_word' id='word_1_161' title='bbox 904 1470 1079 1517; x_wconf 86' lang='lat' dir='ltr'>praeter</span> <span class='ocrx_word' id='word_1_162' title='bbox 1102 1465 1358 1504; x_wconf 88' lang='lat' dir='ltr'>sacerdotes</span> <span class='ocrx_word' id='word_1_163' title='bbox 1375 1465 1500 1512; x_wconf 89' lang='lat' dir='ltr'>arcis,</span> <span class='ocrx_word' id='word_1_164' title='bbox 1520 1469 1800 1503; x_wconf 86' lang='lat' dir='ltr'>accesserunt</span> <span class='ocrx_word' id='word_1_165' title='bbox 1854 1456 1857 1486; x_wconf 62' lang='grc' dir='ltr'>ἶ</span> 
     </span>
    </p>
   </div>
   <div class='ocr_carea' id='block_1_6' title="bbox 171 1533 1871 1590">
    <p class='ocr_par' dir='ltr' id='par_1_6' title="bbox 171 1533 1871 1590">
     <span class='ocr_line' id='line_1_19' title="bbox 171 1533 1871 1590; baseline -0.004 -11"><span class='ocrx_word' id='word_1_166' title='bbox 171 1541 303 1579; x_wconf 91' lang='lat' dir='ltr'>etiam</span> <span class='ocrx_word' id='word_1_167' title='bbox 326 1540 413 1590; x_wconf 81' lang='lat' dir='ltr'>alij3</span> <span class='ocrx_word' id='word_1_168' title='bbox 436 1540 508 1590; x_wconf 91' lang='lat' dir='ltr'>qui</span> <span class='ocrx_word' id='word_1_169' title='bbox 540 1551 694 1577; x_wconf 89' lang='lat' dir='ltr'>omnes</span> <span class='ocrx_word' id='word_1_170' title='bbox 725 1536 1014 1577; x_wconf 87' lang='lat' dir='ltr'>constantiam</span> <span class='ocrx_word' id='word_1_171' title='bbox 1047 1542 1089 1575; x_wconf 90' lang='lat' dir='ltr'>et</span> <span class='ocrx_word' id='word_1_172' title='bbox 1121 1550 1242 1588; x_wconf 82' lang='lat' dir='ltr'>spem</span> <span class='ocrx_word' id='word_1_173' title='bbox 1272 1537 1432 1575; x_wconf 88' lang='lat' dir='ltr'>bonam</span> <span class='ocrx_word' id='word_1_174' title='bbox 1461 1537 1674 1575; x_wconf 88' lang='lat' dir='ltr'>hactenus</span> <span class='ocrx_word' id='word_1_175' title='bbox 1704 1539 1800 1574; x_wconf 91' lang='lat' dir='ltr'>sunt</span> <span class='ocrx_word' id='word_1_176' title='bbox 1856 1533 1871 1556; x_wconf 44' lang='lat'>⁸*</span> 
     </span>
    </p>
   </div>
   <div class='ocr_carea' id='block_1_7' title="bbox 170 1606 1800 1663">
    <p class='ocr_par' dir='ltr' id='par_1_7' title="bbox 170 1606 1800 1663">
     <span class='ocr_line' id='line_1_20' title="bbox 170 1606 1800 1663; baseline -0.004 -12"><span class='ocrx_word' id='word_1_177' title='bbox 170 1611 367 1663; x_wconf 88' lang='lat' dir='ltr'>polliciti.</span> <span class='ocrx_word' id='word_1_178' title='bbox 402 1611 457 1649; x_wconf 92' lang='lat' dir='ltr'>M.</span> <span class='ocrx_word' id='word_1_179' title='bbox 491 1610 716 1650; x_wconf 88' lang='lat' dir='ltr'>Gerardus</span> <span class='ocrx_word' id='word_1_180' title='bbox 748 1622 924 1659; x_wconf 90' lang='lat' dir='ltr'>quoque</span> <span class='ocrx_word' id='word_1_181' title='bbox 962 1621 1017 1646; x_wconf 85' lang='lat' dir='ltr'>ex</span> <span class='ocrx_word' id='word_1_182' title='bbox 1051 1607 1172 1647; x_wconf 90' lang='lat' dir='ltr'>iussu</span> <span class='ocrx_word' id='word_1_183' title='bbox 1208 1608 1405 1647; x_wconf 90' lang='lat' dir='ltr'>eiusdem</span> <span class='ocrx_word' id='word_1_184' title='bbox 1441 1609 1487 1646; x_wconf 87' lang='lat' dir='ltr'>P.</span> <span class='ocrx_word' id='word_1_185' title='bbox 1524 1606 1800 1658; x_wconf 89' lang='lat' dir='ltr'>prouincialis</span> 
     </span>
    </p>
   </div>
   <div class='ocr_carea' id='block_1_8' title="bbox 172 1678 1884 1732">
    <p class='ocr_par' dir='ltr' id='par_1_8' title="bbox 172 1678 1884 1732">
     <span class='ocr_line' id='line_1_21' title="bbox 172 1678 1884 1732; baseline -0.004 -10"><span class='ocrx_word' id='word_1_186' title='bbox 172 1682 446 1723; x_wconf 88' lang='lat' dir='ltr'>dialecticam</span> <span class='ocrx_word' id='word_1_187' title='bbox 492 1681 765 1732; x_wconf 70' lang='lat' dir='ltr'>TiteZmannj</span> <span class='ocrx_word' id='word_1_188' title='bbox 799 1680 998 1732; x_wconf 83' lang='lat' dir='ltr'>profiteri</span> <span class='ocrx_word' id='word_1_189' title='bbox 1035 1680 1197 1730; x_wconf 81' lang='lat' dir='ltr'>coepit3</span> <span class='ocrx_word' id='word_1_190' title='bbox 1233 1692 1339 1730; x_wconf 91' lang='lat' dir='ltr'>quas</span> <span class='ocrx_word' id='word_1_191' title='bbox 1379 1679 1593 1717; x_wconf 90' lang='lat' dir='ltr'>lectiones</span> <span class='ocrx_word' id='word_1_192' title='bbox 1628 1678 1798 1729; x_wconf 89' lang='lat' dir='ltr'>publico</span> <span class='ocrx_word' id='word_1_193' title='bbox 1856 1683 1884 1710; x_wconf 74' lang='grc' dir='ltr'>ἰ</span> 
     </span>
    </p>
   </div>
   <div class='ocr_carea' id='block_1_9' title="bbox 172 1749 1862 2302">
    <p class='ocr_par' dir='ltr' id='par_1_9' title="bbox 172 1749 1862 1945">
     <span class='ocr_line' id='line_1_22' title="bbox 172 1749 1862 1806; baseline -0.004 -12"><span class='ocrx_word' id='word_1_194' title='bbox 172 1756 335 1806; x_wconf 89' lang='lat' dir='ltr'>scripto</span> <span class='ocrx_word' id='word_1_195' title='bbox 361 1767 435 1806; x_wconf 85' lang='lat' dir='ltr'>per</span> <span class='ocrx_word' id='word_1_196' title='bbox 459 1755 641 1805; x_wconf 88' lang='lat' dir='ltr'>Pragam</span> <span class='ocrx_word' id='word_1_197' title='bbox 665 1753 967 1804; x_wconf 89' lang='lat' dir='ltr'>euulgauimus</span> <span class='ocrx_word' id='word_1_198' title='bbox 988 1758 1020 1790; x_wconf 80' lang='lat'>0.</span> <span class='ocrx_word' id='word_1_199' title='bbox 1047 1753 1366 1803; x_wconf 85' lang='lat' dir='ltr'>Praeceptores</span> <span class='ocrx_word' id='word_1_200' title='bbox 1390 1763 1542 1789; x_wconf 91' lang='lat' dir='ltr'>omnes</span> <span class='ocrx_word' id='word_1_201' title='bbox 1568 1763 1619 1788; x_wconf 91' lang='lat' dir='ltr'>ac</span> <span class='ocrx_word' id='word_1_202' title='bbox 1646 1749 1798 1801; x_wconf 88' lang='lat' dir='ltr'>singulj</span> <span class='ocrx_word' id='word_1_203' title='bbox 1857 1792 1862 1806; x_wconf 41' lang='lat'><em>⁹</em></span> 
     </span>
     <span class='ocr_line' id='line_1_23' title="bbox 172 1819 1860 1877; baseline -0.005 -11"><span class='ocrx_word' id='word_1_204' title='bbox 172 1827 329 1866; x_wconf 89' lang='lat' dir='ltr'>ardent</span> <span class='ocrx_word' id='word_1_205' title='bbox 350 1825 518 1877; x_wconf 91' lang='lat' dir='ltr'>magnis</span> <span class='ocrx_word' id='word_1_206' title='bbox 539 1824 771 1874; x_wconf 86' lang='lat' dir='ltr'>desiderijs</span> <span class='ocrx_word' id='word_1_207' title='bbox 791 1823 1122 1875; x_wconf 88' lang='lat' dir='ltr'>promouendae</span> <span class='ocrx_word' id='word_1_208' title='bbox 1143 1821 1398 1870; x_wconf 83' lang='lat' dir='ltr'>iuuentutis,</span> <span class='ocrx_word' id='word_1_209' title='bbox 1419 1826 1462 1860; x_wconf 92' lang='lat' dir='ltr'>et</span> <span class='ocrx_word' id='word_1_210' title='bbox 1481 1822 1655 1862; x_wconf 88' lang='lat' dir='ltr'>Christo</span> <span class='ocrx_word' id='word_1_211' title='bbox 1678 1819 1801 1860; x_wconf 87' lang='lat' dir='ltr'>lucri·</span> <span class='ocrx_word' id='word_1_212' title='bbox 1857 1831 1860 1838; x_wconf 93' lang='lat'>·</span> 
     </span>
     <span class='ocr_line' id='line_1_24' title="bbox 173 1894 1382 1945; baseline -0.004 -7"><span class='ocrx_word' id='word_1_213' title='bbox 173 1898 418 1945; x_wconf 88' lang='lat' dir='ltr'>faciendae,</span> <span class='ocrx_word' id='word_1_214' title='bbox 442 1910 526 1936; x_wconf 91' lang='lat' dir='ltr'>nec</span> <span class='ocrx_word' id='word_1_215' title='bbox 546 1896 673 1935; x_wconf 90' lang='lat' dir='ltr'>ullius</span> <span class='ocrx_word' id='word_1_216' title='bbox 696 1909 773 1935; x_wconf 92' lang='lat' dir='ltr'>eos</span> <span class='ocrx_word' id='word_1_217' title='bbox 795 1896 957 1934; x_wconf 88' lang='lat' dir='ltr'>laboris</span> <span class='ocrx_word' id='word_1_218' title='bbox 978 1895 1129 1934; x_wconf 88' lang='lat' dir='ltr'>taedet</span> <span class='ocrx_word' id='word_1_219' title='bbox 1151 1899 1225 1933; x_wconf 91' lang='lat' dir='ltr'>aut</span> <span class='ocrx_word' id='word_1_220' title='bbox 1244 1894 1382 1945; x_wconf 89' lang='lat' dir='ltr'>piget.</span> 
     </span>
    </p>

    <p class='ocr_par' dir='ltr' id='par_1_10' title="bbox 175 1962 1861 2302">
     <span class='ocr_line' id='line_1_25' title="bbox 226 1962 1857 2019; baseline -0.006 -10"><span class='ocrx_word' id='word_1_221' title='bbox 226 1970 265 2009; x_wconf 85' lang='lat'>6.</span> <span class='ocrx_word' id='word_1_222' title='bbox 327 1968 453 2018; x_wconf 77' lang='lat' dir='ltr'>Quae</span> <span class='ocrx_word' id='word_1_223' title='bbox 475 1970 535 2007; x_wconf 85' lang='lat' dir='ltr'>ad</span> <span class='ocrx_word' id='word_1_224' title='bbox 560 1967 832 2019; x_wconf 75' lang='lat' dir='ltr'>spiritualia</span> <span class='ocrx_word' id='word_1_225' title='bbox 859 1965 1055 2019; x_wconf 80' lang='lat' dir='ltr'>negocia</span> <span class='ocrx_word' id='word_1_226' title='bbox 1083 1966 1299 2017; x_wconf 73' lang='lat' dir='ltr'>spectant,</span> <span class='ocrx_word' id='word_1_227' title='bbox 1333 1965 1442 2004; x_wconf 79' lang='lat' dir='ltr'>haec</span> <span class='ocrx_word' id='word_1_228' title='bbox 1474 1963 1637 2014; x_wconf 78' lang='lat' dir='ltr'>accipe,</span> <span class='ocrx_word' id='word_1_229' title='bbox 1667 1963 1719 2001; x_wconf 83' lang='lat' dir='ltr'>R.</span> <span class='ocrx_word' id='word_1_230' title='bbox 1752 1962 1800 2001; x_wconf 88' lang='lat' dir='ltr'>P.</span> <span class='ocrx_word' id='word_1_231' title='bbox 1856 1965 1857 1970; x_wconf 77' lang='grc'>’</span> 
     </span>
     <span class='ocr_line' id='line_1_26' title="bbox 176 2035 1802 2091; baseline -0.006 -10"><span class='ocrx_word' id='word_1_232' title='bbox 176 2043 343 2081; x_wconf 91' lang='lat' dir='ltr'>Doctor</span> <span class='ocrx_word' id='word_1_233' title='bbox 373 2039 591 2079; x_wconf 90' lang='lat' dir='ltr'>Henricus</span> <span class='ocrx_word' id='word_1_234' title='bbox 619 2043 877 2091; x_wconf 90' lang='lat' dir='ltr'>perseuerat</span> <span class='ocrx_word' id='word_1_235' title='bbox 905 2039 947 2077; x_wconf 89' lang='lat' dir='ltr'>in</span> <span class='ocrx_word' id='word_1_236' title='bbox 968 2038 1056 2076; x_wconf 90' lang='lat' dir='ltr'>suis</span> <span class='ocrx_word' id='word_1_237' title='bbox 1079 2035 1364 2076; x_wconf 89' lang='lat' dir='ltr'>concionibus</span> <span class='ocrx_word' id='word_1_238' title='bbox 1385 2036 1427 2074; x_wconf 95' lang='lat' dir='ltr'>in</span> <span class='ocrx_word' id='word_1_239' title='bbox 1449 2048 1549 2074; x_wconf 88' lang='lat' dir='ltr'>arce</span> <span class='ocrx_word' id='word_1_240' title='bbox 1573 2047 1719 2074; x_wconf 91' lang='lat' dir='ltr'>coram</span> <span class='ocrx_word' id='word_1_241' title='bbox 1741 2046 1802 2072; x_wconf 90' lang='lat' dir='ltr'>ar-</span> 
     </span>
     <span class='ocr_line' id='line_1_27' title="bbox 176 2107 1800 2162; baseline -0.003 -11"><span class='ocrx_word' id='word_1_242' title='bbox 176 2111 377 2160; x_wconf 89' lang='lat' dir='ltr'>chiduce,</span> <span class='ocrx_word' id='word_1_243' title='bbox 400 2111 443 2150; x_wconf 92' lang='lat' dir='ltr'>in</span> <span class='ocrx_word' id='word_1_244' title='bbox 464 2125 549 2162; x_wconf 93' lang='lat' dir='ltr'>quo</span> <span class='ocrx_word' id='word_1_245' title='bbox 584 2111 833 2162; x_wconf 83' lang='lat' dir='ltr'>experimur</span> <span class='ocrx_word' id='word_1_246' title='bbox 862 2109 1077 2161; x_wconf 85' lang='lat' dir='ltr'>insignem</span> <span class='ocrx_word' id='word_1_247' title='bbox 1107 2108 1277 2147; x_wconf 90' lang='lat' dir='ltr'>illarum</span> <span class='ocrx_word' id='word_1_248' title='bbox 1308 2108 1570 2146; x_wconf 92' lang='lat' dir='ltr'>concionum</span> <span class='ocrx_word' id='word_1_249' title='bbox 1599 2107 1800 2145; x_wconf 89' lang='lat' dir='ltr'>fructum.</span> 
     </span>
     <span class='ocr_line' id='line_1_28' title="bbox 175 2177 1800 2230; baseline -0.005 -7"><span class='ocrx_word' id='word_1_250' title='bbox 175 2183 297 2223; x_wconf 90' lang='lat' dir='ltr'>Idem</span> <span class='ocrx_word' id='word_1_251' title='bbox 327 2185 495 2222; x_wconf 85' lang='lat' dir='ltr'>Doctor</span> <span class='ocrx_word' id='word_1_252' title='bbox 526 2183 744 2221; x_wconf 91' lang='lat' dir='ltr'>Henricus</span> <span class='ocrx_word' id='word_1_253' title='bbox 774 2181 925 2220; x_wconf 89' lang='lat' dir='ltr'>habuit</span> <span class='ocrx_word' id='word_1_254' title='bbox 956 2181 1087 2219; x_wconf 90' lang='lat' dir='ltr'>etiarn</span> <span class='ocrx_word' id='word_1_255' title='bbox 1118 2180 1358 2219; x_wconf 89' lang='lat' dir='ltr'>conciones</span> <span class='ocrx_word' id='word_1_256' title='bbox 1387 2177 1800 2230; x_wconf 81' lang='lat' dir='ltr'>quadragesimales·‚</span> 
     </span>
     <span class='ocr_line' id='line_1_29' title="bbox 175 2243 1861 2302; baseline -0.003 -10"><span class='ocrx_word' id='word_1_257' title='bbox 175 2260 244 2294; x_wconf 91' lang='lat' dir='ltr'>ter</span> <span class='ocrx_word' id='word_1_258' title='bbox 267 2254 475 2293; x_wconf 89' lang='lat' dir='ltr'>uidelicet</span> <span class='ocrx_word' id='word_1_259' title='bbox 496 2255 540 2292; x_wconf 94' lang='lat' dir='ltr'>in</span> <span class='ocrx_word' id='word_1_260' title='bbox 560 2253 853 2301; x_wconf 84' lang='lat' dir='ltr'>hebdomada,</span> <span class='ocrx_word' id='word_1_261' title='bbox 878 2266 903 2291; x_wconf 93' lang='lat' dir='ltr'>a</span> <span class='ocrx_word' id='word_1_262' title='bbox 923 2252 1078 2302; x_wconf 91' lang='lat' dir='ltr'>quibus</span> <span class='ocrx_word' id='word_1_263' title='bbox 1098 2264 1317 2302; x_wconf 91' lang='lat' dir='ltr'>nunquam</span> <span class='ocrx_word' id='word_1_264' title='bbox 1348 2250 1471 2288; x_wconf 85' lang='lat' dir='ltr'>affuit</span> <span class='ocrx_word' id='word_1_265' title='bbox 1502 2249 1803 2288; x_wconf 86' lang='lat' dir='ltr'>serenissimus</span> <span class='ocrx_word' id='word_1_266' title='bbox 1856 2243 1861 2274; x_wconf 51' lang='lat' dir='ltr'>l</span> 
     </span>
    </p>
   </div>
   <div class='ocr_carea' id='block_1_10' title="bbox 176 2312 1881 2378">
    <p class='ocr_par' dir='ltr' id='par_1_11' title="bbox 176 2312 1881 2378">
     <span class='ocr_line' id='line_1_30' title="bbox 176 2312 1881 2378; baseline -0.005 -12"><span class='ocrx_word' id='word_1_267' title='bbox 176 2328 396 2378; x_wconf 88' lang='lat' dir='ltr'>princeps.</span> <span class='ocrx_word' id='word_1_268' title='bbox 420 2326 467 2363; x_wconf 90' lang='lat' dir='ltr'>In</span> <span class='ocrx_word' id='word_1_269' title='bbox 488 2326 652 2376; x_wconf 88' lang='lat' dir='ltr'>templo</span> <span class='ocrx_word' id='word_1_270' title='bbox 675 2328 827 2364; x_wconf 89' lang='lat' dir='ltr'>nostro</span> <span class='ocrx_word' id='word_1_271' title='bbox 858 2323 1120 2362; x_wconf 90' lang='lat' dir='ltr'>mutauimus</span> <span class='ocrx_word' id='word_1_272' title='bbox 1151 2322 1411 2361; x_wconf 89' lang='lat' dir='ltr'>concionem</span> <span class='ocrx_word' id='word_1_273' title='bbox 1441 2321 1735 2372; x_wconf 87' lang='lat' dir='ltr'>germanicam</span> <span class='ocrx_word' id='word_1_274' title='bbox 1763 2320 1804 2358; x_wconf 91' lang='lat' dir='ltr'>in</span> <span class='ocrx_word' id='word_1_275' title='bbox 1856 2312 1881 2362; x_wconf 60' lang='grc' dir='ltr'>ἐ·</span> 
     </span>
    </p>
   </div>
   <div class='ocr_carea' id='block_1_11' title="bbox 177 2382 1871 2448">
    <p class='ocr_par' dir='ltr' id='par_1_12' title="bbox 177 2382 1871 2448">
     <span class='ocr_line' id='line_1_31' title="bbox 177 2382 1871 2448; baseline -0.004 -12"><span class='ocrx_word' id='word_1_276' title='bbox 177 2396 438 2445; x_wconf 69' lang='grc'>1306111163111,</span> <span class='ocrx_word' id='word_1_277' title='bbox 463 2409 591 2447; x_wconf 91' lang='lat' dir='ltr'>quam</span> <span class='ocrx_word' id='word_1_278' title='bbox 612 2395 715 2434; x_wconf 86' lang='lat' dir='ltr'>facit</span> <span class='ocrx_word' id='word_1_279' title='bbox 737 2395 792 2433; x_wconf 89' lang='lat' dir='ltr'>M.</span> <span class='ocrx_word' id='word_1_280' title='bbox 817 2394 1108 2434; x_wconf 89' lang='lat' dir='ltr'>Wenceslaus</span> <span class='ocrx_word' id='word_1_281' title='bbox 1128 2395 1157 2441; x_wconf 81' lang='lat'>⁵3</span> <span class='ocrx_word' id='word_1_282' title='bbox 1188 2398 1288 2444; x_wconf 90' lang='lat' dir='ltr'>post</span> <span class='ocrx_word' id='word_1_283' title='bbox 1318 2392 1545 2443; x_wconf 90' lang='lat' dir='ltr'>prandium</span> <span class='ocrx_word' id='word_1_284' title='bbox 1580 2403 1686 2430; x_wconf 88' lang='lat' dir='ltr'>uero</span> <span class='ocrx_word' id='word_1_285' title='bbox 1719 2391 1804 2429; x_wconf 92' lang='lat' dir='ltr'>die·</span> <span class='ocrx_word' id='word_1_286' title='bbox 1856 2382 1871 2448; x_wconf 90' lang='lat' dir='ltr'><em>J</em></span> 
     </span>
    </p>
   </div>
   <div class='ocr_carea' id='block_1_12' title="bbox 178 2462 1805 2518">
    <p class='ocr_par' dir='ltr' id='par_1_13' title="bbox 178 2450 1883 2518">
     <span class='ocr_line' id='line_1_32' title="bbox 178 2462 1805 2518; baseline -0.006 -10"><span class='ocrx_word' id='word_1_287' title='bbox 178 2470 259 2508; x_wconf 91' lang='lat' dir='ltr'>bus</span> <span class='ocrx_word' id='word_1_288' title='bbox 281 2468 510 2507; x_wconf 84' lang='lat' dir='ltr'>dominicis</span> <span class='ocrx_word' id='word_1_289' title='bbox 532 2481 583 2506; x_wconf 91' lang='lat' dir='ltr'>ac</span> <span class='ocrx_word' id='word_1_290' title='bbox 603 2467 727 2505; x_wconf 86' lang='lat' dir='ltr'>festis</span> <span class='ocrx_word' id='word_1_291' title='bbox 750 2466 992 2518; x_wconf 86' lang='lat' dir='ltr'>explicatur</span> <span class='ocrx_word' id='word_1_292' title='bbox 1014 2466 1176 2516; x_wconf 91' lang='lat' dir='ltr'>populo</span> <span class='ocrx_word' id='word_1_293' title='bbox 1200 2465 1219 2490; x_wconf 81' lang='lat'>&lt;¹</span> <span class='ocrx_word' id='word_1_294' title='bbox 1242 2464 1534 2503; x_wconf 89' lang='lat' dir='ltr'>catechismus</span> <span class='ocrx_word' id='word_1_295' title='bbox 1556 2470 1574 2488; x_wconf 76' lang='lat' dir='ltr'>e</span> <span class='ocrx_word' id='word_1_296' title='bbox 1595 2462 1805 2515; x_wconf 89' lang='lat' dir='ltr'>germani·</span> 
     </span>
    </p>
   </div>
   <div class='ocr_carea' id='block_1_13' title="bbox 179 2532 1879 2590">
    <p class='ocr_par' dir='ltr' id='par_1_14' title="bbox 179 2532 1879 2590">
     <span class='ocr_line' id='line_1_33' title="bbox 179 2532 1879 2590; baseline -0.005 -10"><span class='ocrx_word' id='word_1_297' title='bbox 179 2553 270 2588; x_wconf 86' lang='lat' dir='ltr'>eus,</span> <span class='ocrx_word' id='word_1_298' title='bbox 303 2539 610 2590; x_wconf 89' lang='lat' dir='ltr'>praesentibus</span> <span class='ocrx_word' id='word_1_299' title='bbox 643 2537 773 2576; x_wconf 89' lang='lat' dir='ltr'>etiam</span> <span class='ocrx_word' id='word_1_300' title='bbox 808 2537 969 2576; x_wconf 88' lang='lat' dir='ltr'>nostris</span> <span class='ocrx_word' id='word_1_301' title='bbox 1000 2535 1235 2587; x_wconf 89' lang='lat' dir='ltr'>discipulis.</span> <span class='ocrx_word' id='word_1_302' title='bbox 1269 2535 1391 2574; x_wconf 92' lang='lat' dir='ltr'>Multi</span> <span class='ocrx_word' id='word_1_303' title='bbox 1422 2536 1627 2574; x_wconf 88' lang='lat' dir='ltr'>oberrant</span> <span class='ocrx_word' id='word_1_304' title='bbox 1653 2535 1696 2572; x_wconf 92' lang='lat' dir='ltr'>in</span> <span class='ocrx_word' id='word_1_305' title='bbox 1722 2535 1806 2572; x_wconf 88' lang='lat' dir='ltr'>hoc</span> <span class='ocrx_word' id='word_1_306' title='bbox 1856 2532 1879 2586; x_wconf 55' lang='grc' dir='ltr'>ξ»</span> 
     </span>
    </p>
   </div>
   <div class='ocr_carea' id='block_1_14' title="bbox 181 2644 284 2648">
    <p class='ocr_par' dir='ltr' id='par_1_15' title="bbox 181 2644 284 2648">
     <span class='ocr_line' id='line_1_34' title="bbox 181 2644 284 2648; baseline 0 0"><span class='ocrx_word' id='word_1_307' title='bbox 181 2644 284 2648; x_wconf 95' lang='lat' dir='ltr'> </span> 
     </span>
    </p>
   </div>
   <div class='ocr_carea' id='block_1_15' title="bbox 180 2692 1882 2804">
    <p class='ocr_par' dir='ltr' id='par_1_16' title="bbox 180 2692 1882 2804">
     <span class='ocr_line' id='line_1_35' title="bbox 225 2692 1882 2747; baseline -0.005 -9"><span class='ocrx_word' id='word_1_308' title='bbox 225 2702 246 2722; x_wconf 82' lang='lat' dir='ltr'>a</span> <span class='ocrx_word' id='word_1_309' title='bbox 294 2714 400 2739; x_wconf 88' lang='lat' dir='ltr'>cum.</span> <span class='ocrx_word' id='word_1_310' title='bbox 455 2702 519 2726; x_wconf 83' lang='lat' dir='ltr'>——b</span> <span class='ocrx_word' id='word_1_311' title='bbox 542 2700 753 2747; x_wconf 86' lang='lat' dir='ltr'>epistolam</span> <span class='ocrx_word' id='word_1_312' title='bbox 774 2698 902 2736; x_wconf 87' lang='lat' dir='ltr'>Pauli.</span> <span class='ocrx_word' id='word_1_313' title='bbox 959 2704 1022 2723; x_wconf 72' lang='lat' dir='ltr'>—c</span> <span class='ocrx_word' id='word_1_314' title='bbox 1054 2696 1232 2734; x_wconf 72' lang='lat' dir='ltr'>Videtur</span> <span class='ocrx_word' id='word_1_315' title='bbox 1258 2695 1427 2733; x_wconf 82' lang='lat' dir='ltr'>emend.</span> <span class='ocrx_word' id='word_1_316' title='bbox 1455 2706 1506 2732; x_wconf 85' lang='lat' dir='ltr'>ex</span> <span class='ocrx_word' id='word_1_317' title='bbox 1535 2693 1804 2742; x_wconf 85' lang='lat' dir='ltr'>promulgavi·</span> <span class='ocrx_word' id='word_1_318' title='bbox 1856 2692 1882 2739; x_wconf 58' lang='grc' dir='ltr'>ς’</span> 
     </span>
     <span class='ocr_line' id='line_1_36' title="bbox 180 2743 1862 2804; baseline -0.006 -5"><span class='ocrx_word' id='word_1_319' title='bbox 180 2775 281 2800; x_wconf 83' lang='grc'>111115.</span> <span class='ocrx_word' id='word_1_320' title='bbox 337 2760 403 2785; x_wconf 76' lang='lat' dir='ltr'>——d</span> <span class='ocrx_word' id='word_1_321' title='bbox 440 2759 594 2797; x_wconf 77' lang='lat' dir='ltr'>Praec.</span> <span class='ocrx_word' id='word_1_322' title='bbox 616 2771 654 2796; x_wconf 88' lang='lat' dir='ltr'>v.</span> <span class='ocrx_word' id='word_1_323' title='bbox 676 2760 722 2796; x_wconf 82' lang='lat' dir='ltr'>in</span> <span class='ocrx_word' id='word_1_324' title='bbox 741 2759 944 2804; x_wconf 77' lang='lat' dir='ltr'>margine</span> <span class='ocrx_word' id='word_1_325' title='bbox 961 2757 1114 2794; x_wconf 86' lang='lat' dir='ltr'>eadem</span> <span class='ocrx_word' id='word_1_326' title='bbox 1134 2766 1287 2793; x_wconf 81' lang='lat' dir='ltr'>manu.</span> <span class='ocrx_word' id='word_1_327' title='bbox 1342 2763 1406 2781; x_wconf 75' lang='lat' dir='ltr'>——e</span> <span class='ocrx_word' id='word_1_328' title='bbox 1428 2754 1529 2791; x_wconf 88' lang='lat' dir='ltr'>Pris.</span> <span class='ocrx_word' id='word_1_329' title='bbox 1552 2753 1720 2792; x_wconf 90' lang='lat' dir='ltr'>Canisii.</span> <span class='ocrx_word' id='word_1_330' title='bbox 1856 2743 1862 2761; x_wconf 60' lang='lat'>²</span> 
     </span>
    </p>
   </div>
   <div class='ocr_carea' id='block_1_16' title="bbox 229 2913 838 3077">
    <p class='ocr_par' dir='ltr' id='par_1_17' title="bbox 229 2913 838 3077">
     <span class='ocr_line' id='line_1_37' title="bbox 231 2913 838 2954; baseline -0.01 1"><span class='ocrx_word' id='word_1_331' title='bbox 231 2919 239 2938; x_wconf 93' lang='lat'>¹</span> <span class='ocrx_word' id='word_1_332' title='bbox 292 2917 337 2954; x_wconf 88' lang='lat' dir='ltr'>P.</span> <span class='ocrx_word' id='word_1_333' title='bbox 358 2915 571 2954; x_wconf 85' lang='lat' dir='ltr'>Gerardus</span> <span class='ocrx_word' id='word_1_334' title='bbox 590 2913 838 2951; x_wconf 88' lang='lat' dir='ltr'>Werdenus.</span> 
     </span>
     <span class='ocr_line' id='line_1_38' title="bbox 229 2973 732 3013; baseline -0.01 1"><span class='ocrx_word' id='word_1_335' title='bbox 229 2978 243 2997; x_wconf 78' lang='lat'>²</span> <span class='ocrx_word' id='word_1_336' title='bbox 293 2977 339 3013; x_wconf 89' lang='lat' dir='ltr'>P.</span> <span class='ocrx_word' id='word_1_337' title='bbox 360 2975 507 3013; x_wconf 83' lang='lat' dir='ltr'>Petrus</span> <span class='ocrx_word' id='word_1_338' title='bbox 527 2973 732 3011; x_wconf 86' lang='lat' dir='ltr'>Canisius.</span> 
     </span>
     <span class='ocr_line' id='line_1_39' title="bbox 230 3032 807 3077; baseline -0.009 -3"><span class='ocrx_word' id='word_1_339' title='bbox 230 3038 244 3059; x_wconf 82' lang='lat'>⁸</span> <span class='ocrx_word' id='word_1_340' title='bbox 297 3035 572 3077; x_wconf 84' lang='lat' dir='ltr'>Wenceslaus</span> <span class='ocrx_word' id='word_1_341' title='bbox 590 3032 807 3074; x_wconf 82' lang='lat' dir='ltr'>Sturmius.</span> 
     </span>
    </p>
   </div>
   <div class='ocr_carea' id='block_1_17' title="bbox 1808 0 1908 3446">
    <p class='ocr_par' dir='ltr' id='par_1_18' title="bbox 1808 0 1908 3446">
     <span class='ocr_line' id='line_1_40' title="bbox 1808 0 1908 3446; baseline 0 0"><span class='ocrx_word' id='word_1_342' title='bbox 1808 0 1908 3446; x_wconf 95' lang='lat' dir='ltr'> </span> 
     </span>
    </p>
   </div>
  </div>
 </body>
</html>
