1908 3446
239 233 308 270 248
700 229 919 266 LITTERAE
954 228 1308 273 QUADfflMEsmEs

190 336 231 373 in
253 335 470 386 publicum
495 333 631 383 magis
653 345 703 369 ac
725 331 862 381 magis
885 331 1124 369 educimur.
1150 329 1383 368 Suollanus
1402 334 1567 378 pastor,
1592 329 1655 366 uir
1677 328 1815 366 bonus

192 411 233 443 et
257 407 443 451 zelosus,
469 405 620 442 diebus
644 402 941 453 superioribus
969 402 1113 440 multis
1145 400 1372 438 nobiscum
1405 400 1495 450 egit
1525 399 1580 438 de
1612 412 1715 438 suae
1748 413 1815 438 ec-

190 478 349 515 clesiae
379 482 510 522 statu3
543 473 747 512 auxilium
779 478 975 511 nostrum
1003 471 1265 523 implorauit,
1293 471 1558 508 sacellanum
1578 471 1720 521 petijt,
1745 469 1814 508 ali-

190 561 317 598 quem
341 546 575 586 Societatis
598 557 701 582 suos
724 544 914 581 inuisere
932 541 1338 593 uellem-hospitium
1360 542 1523 580 bonum
1545 541 1658 592 apud
1678 542 1814 593 ipsum

190 633 275 657 non
298 620 490 657 deesset.
516 617 689 655 Vtinam
711 613 948 653 Societatis
970 613 1122 665 aliquis
1150 613 1389 651 uicinarum
1421 613 1645 651 ciuitatum
1674 618 1816 663 pasto-

191 704 259 727 165
291 689 472 727 subinde
511 687 722 725 inuiseret
754 691 798 723 et
827 686 868 723 in
898 686 1016 724 bono
1050 685 1344 731 confirmaret,
1369 684 1645 735 animumque
1667 689 1818 722 contra

190 761 375 800 aduersa
409 759 605 798 adderet.
646 757 865 808 Optimam
902 756 1117 795 666165136
1152 756 1187 794 15
1224 767 1402 805 operam
1441 760 1636 793 nauaret.
1674 755 1817 806 Saepe

191 832 303 871 enim
326 831 642 882 angustiantur,
668 828 768 866 dum
792 841 899 866 oues
921 827 1073 866 uident
1093 827 1420 865 haereticorum
1442 826 1561 865 libris
1585 832 1629 864 et
1655 838 1816 865 sermo-

189 903 314 941 nibus
344 902 499 952 decipi,
535 907 579 938 et
611 913 657 938 se
693 912 717 937 a
752 899 1051 949 superioribus
1086 897 1279 936 destitui.
1320 898 1548 947 Quaerunt
1581 898 1817 937 Societatis

189 973 435 1019 amicitiam,
469 977 516 1010 ut
546 972 713 1010 animus
746 983 897 1008 eorum
930 969 1113 1008 subinde
1150 968 1364 1016 deiectus,
1401 973 1651 1007 nostrorum
1681 969 1817 1008 literis

189 1050 262 1083 aut
284 1044 558 1083 sermonibus
581 1041 775 1081 nonnihil
799 1041 1005 1092 erigatur.
1039 1041 1092 1079 D.
1125 1041 1401 1078 Hermannus
1431 1039 1698 1088 Schilderus‚
1732 1053 1817 1079 ern-

189 1115 399 1154 bricensis
430 1114 638 1160 decanus,
676 1113 798 1151 breui
829 1111 970 1151 missis
1001 1110 1054 1149 ad
1075 1111 1292 1161 quendam
1313 1111 1466 1159 literis,
1491 1111 1655 1163 cupiuit
1677 1111 1818 1151 studia

191 1194 234 1226 et
255 1188 371 1226 uires
391 1186 619 1224 nobiscum
643 1185 913 1235 coniungere
936 1183 990 1222 ad
1011 1182 1337 1221 haereticorum
1358 1182 1554 1221 iniuriam
1579 1188 1622 1222 et
1654 1184 1816 1222 uiolen-'

190 1260 291 1297 tiam
312 1256 684 1310 propugnandam.

248 1341 306 1377 13.
373 1329 470 1368 Pari
508 1328 640 1367 modo
683 1327 812 1366 uicini
852 1327 1002 1366 rustici
1040 1332 1291 1366 nostrorum
1331 1327 1537 1365 auxilium
1577 1327 1815 1378 requirunt,

189 1416 323 1455 quare
346 1416 453 1440 unus
473 1401 627 1439 diebus
648 1399 741 1438 istis
764 1399 818 1438 ad
839 1412 998 1450 pagum
1016 1398 1233 1450 quendam
1251 1399 1560 1437 concionatum
1579 1398 1672 1438 ibit.
1693 1398 1817 1438 Adsit

188 1476 266 1525 ipsi
289 1475 422 1521 Deus,
447 1486 531 1524 quo
554 1478 640 1510 tam
663 1477 857 1522 paratam
881 1483 1069 1509 messem
1090 1471 1299 1518 inueniat,
1329 1476 1376 1508 ut
1406 1471 1566 1508 multos
1596 1470 1651 1509 ad
1680 1471 1817 1510 simile

187 1546 229 1584 in
251 1546 426 1596 reliquis
448 1544 704 1583 tentandum
725 1544 848 1595 pagis
871 1543 1115 1581 extimulet.

246 1628 304 1666 14.
366 1616 656 1666 Pauperiores
687 1614 826 1653 nostri
856 1613 1055 1665 discipuli
1089 1615 1306 1653 bonorum
1341 1615 1533 1653 uirorum
1569 1615 1818 1654 liberalitati

187 1688 440 1737 frequenter
471 1686 847 1725 commendantur.
878 1686 1035 1737 Neque
1061 1686 1234 1724 frustra.
1259 1685 1381 1725 Alius
1405 1687 1518 1725 6111111
1540 1700 1686 1735 unum,
1711 1686 1818 1725 alius

187 1760 332 1810 plures
369 1759 575 1797 clientum
611 1758 710 1796 albo
747 1756 966 1804 asscribit,
1004 1757 1174 1806 illisque
1209 1756 1264 1795 ad
1299 1757 1415 1796 uitae
1452 1757 1817 1796 sustentationem

189 1830 438 1881 septimanis
479 1828 658 1881 singulis
697 1829 893 1867 nonnihil
932 1828 1097 1866 tribuit.
1135 1829 1255 1866 Vnus
1294 1828 1421 1867 nobis
1454 1829 1685 1880 pecuniam
1718 1829 1819 1879 ipsis

188 1901 531 1940 distribuendam
562 1901 708 1948 tradit,
742 1901 850 1939 alius
880 1901 973 1952 ipse
1011 1899 1184 1939 confert
1215 1900 1544 1948 eleemosinam,
1581 1900 1660 1940 sed
1692 1906 1821 1951 prout

188 1986 268 2012 nos
299 1973 598 2011 testimonium
631 1972 686 2010 de
718 1972 931 2023 discipulo
964 1971 1130 2010 (13111115.
1165 1971 1352 2022 Quidam
1384 1972 1570 2011 Ioannes
1602 1972 1817 2020 Sutorius,

191 2046 241 2083 D.
267 2044 468 2082 Seuerini
490 2044 741 2091 canonicus,
767 2048 936 2081 certum
959 2042 1177 2081 redditum
1200 2055 1358 2082 annum
1380 2044 1440 2082 ita
1469 2044 1512 2082 in
1542 2048 1688 2094 partes
1715 2043 1820 2083 duas

189 2115 420 2163 distribuit,
445 2121 492 2153 ut
512 2127 641 2153 unam
665 2113 745 2152 sibi
766 2119 1087 2162 reseruaturus,
1106 2114 1288 2152 alteram
1306 2114 1496 2166 collegio
1518 2115 1561 2153 in
1581 2127 1819 2166 pauperum

190 2199 293 2224 usus
314 2185 493 2225 daturus
516 2186 583 2224 sit.

246 2266 305 2306 15.
365 2257 807 2295 Senatusconsultum
830 2255 984 2294 diebus
1005 2256 1098 2294 istis
1129 2256 1291 2295 factum
1324 2261 1392 2295 est
1423 2261 1467 2294 et
1496 2255 1820 2307 parrochiarum

191 2327 379 2366 omnium
401 2327 650 2379 pastoribus
672 2332 803 2378 atque
825 2325 1039 2365 aedilibus
1067 2327 1332 2375 mandatum,
1365 2333 1412 2366 ut
1443 2327 1677 2378 diligenter
1707 2327 1820 2378 apud

188 2411 290 2437 suos
320 2399 550 2450 inquirant,
585 2411 687 2436 num
708 2398 876 2449 uspiam
896 2399 1107 2437 haeretici
1129 2399 1309 2438 lateant.
1336 2400 1496 2437 Rumor
1517 2410 1705 2449 namque
1728 2403 1820 2437 erat

189 2470 402 2520 quaedam
424 2470 478 2508 ab
498 2470 550 2519 ijs
574 2469 835 2508 clancularia
864 2470 958 2508 fieri
989 2470 1312 2509 conuenticula.
1347 2469 1473 2508 Adsit
1502 2470 1603 2508 huic
1631 2474 1720 2508 tam
1749 2469 1818 2521 pio

188 2541 369 2590 negotio
402 2541 536 2588 Deus,
571 2546 613 2578 et
645 2541 697 2578 ab
731 2540 848 2578 omni
877 2541 1118 2579 haereseos
1148 2541 1246 2579 labe
1278 2553 1399 2579 suam
1431 2546 1668 2579 conseruet
1690 2541 1821 2579 Colo-

188 2613 316 2650 niam.
1735 2655 1738 2657 Α

241 2682 300 2721 16.
348 2683 477 2720 Plura
493 2695 604 2732 quae
622 2684 707 2722 1106
725 2696 876 2722 11161156
894 2684 1095 2731 scribam,
1114 2696 1201 2722 non
1218 2684 1362 2721 habeo
1377 2695 1385 2730 3
1403 2683 1482 2721 sed
1500 2685 1547 2722 R.
1567 2685 1615 2722 P.
1634 2684 1684 2722 T.
1703 2695 1822 2721 sanc-

190 2755 243 2792 tis
264 2752 467 2804 precibus
489 2754 760 2806 aliorumque
784 2757 960 2794 Patrum
983 2768 1034 2794 ac
1053 2755 1234 2793 fratrum
1257 2756 1532 2794 orationibus
1562 2768 1642 2794 nos
1671 2754 1821 2793 humil-

191 2825 292 2863 lime
315 2825 688 2874 commendamus,
713 2839 798 2877 quo
822 2827 864 2865 in
893 2827 1140 2877 proximum
1169 2839 1366 2865 mensem
1398 2812 1565 2865 fructus
1595 2826 1822 2865 uberiores

190 2897 438 2934 afferamus.
463 2897 660 2935 Salutant
683 2899 729 2936 P.
754 2899 803 2936 T.
838 2899 889 2936 D.
924 2897 1194 2945 LeonardUS,
1231 2898 1286 2936 M.
1323 2898 1540 2937 Henricus
1570 2897 1819 2948 Dionysius,

192 2968 246 3005 M.
270 2967 527 3005 Franciscus
549 2967 777 3015 Costerus,
802 2969 856 3006 M.
883 2968 1123 3007 Balduinus
1152 2968 1364 3019 Angelus,
1395 2969 1449 3007 M.
1482 2968 1681 3007 Andreas
1712 2969 1820 3007 Boc-

192 3038 344 3086 eatius,
378 3038 433 3077 M.
467 3039 654 3077 Ioannes
685 3039 929 3089 Berkelius,
963 3040 1018 3078 M.
1053 3039 1297 3094 Gregorius
1327 3040 1500 3088 Fabius,
1526 3040 1580 3080 M.
1606 3039 1820 3080 Henricus
