1908 3446
252 253 299 291 24
716 253 935 290 Lir'rERAE
972 254 1064 298 QUA
1073 263 1330 289 DRIMESTRES

206 364 315 402 pore
339 357 383 390 et
403 352 540 399 annis,
572 364 659 390 non
690 356 836 390 tamen
871 351 1047 402 ingenio
1081 355 1124 388 et
1158 354 1407 397 venustate,
1441 350 1547 388 ciuis
1576 351 1833 389 nobilissimi

208 423 334 470 filius,
358 423 444 474 qui,
468 427 698 474 postquam
719 423 926 461 nonnulla
942 422 1145 468 carmina,
1168 434 1255 459 non
1273 421 1364 459 sine
1382 421 1568 459 maxima
1584 421 1830 459 auditorum

208 494 509 541 admiratione,
535 494 884 545 pronunciasset,
908 506 1117 531 summam
1152 493 1432 544 praehabitae
1457 493 1664 531 orationis
1685 492 1829 531 italico

205 564 413 604 idiomate
438 566 669 604 enarrauit.
696 565 827 614 Quod
848 565 1023 616 quidem
1044 570 1164 603 tanta
1184 568 1419 602 venustate
1447 569 1490 602 et
1523 565 1675 615 lepore
1697 577 1830 616 agere

213 637 332 675 visus
355 642 435 685 est,
459 643 506 675 ut
527 650 670 688 neque
693 642 885 684 senatus,
909 649 1051 687 neque
1073 636 1234 673 Illrnus.
1260 635 1362 682 dux,
1385 648 1528 685 neque
1550 636 1642 686 ipse
1665 635 1830 686 episco-

207 721 301 759 pus,
324 708 462 746 nostri
483 707 817 755 amantissimus,
842 706 1069 746 continere
1092 719 1139 745 se
1160 706 1398 757 potuerint,
1422 706 1523 756 quin
1538 707 1581 745 in
1598 708 1830 746 maximum

205 779 438 830 irruperint
459 779 605 825 risum,
629 791 900 829 puerumque
922 778 1121 816 admirati
1143 778 1240 816 sint.
1270 778 1365 816 Deo
1390 776 1443 815 sit
1464 778 1615 828 gloria.

257 850 294 888 8.
354 850 436 888 Die
472 850 687 900 sequenti,
715 850 787 899 qui
822 854 972 887 sextus
1008 849 1086 888 fuit
1114 849 1395 897 Novembris,
1429 862 1553 888 sacro
1585 849 1640 888 de
1670 850 1830 900 Spiritu

204 925 355 960 sancto
378 921 633 960 solemniter
654 925 834 971 peracto
856 922 898 959 in
920 921 1030 959 aede
1060 921 1217 959 baetae
1248 920 1451 972 Virginis,
1480 922 1714 972 habitaque
1738 935 1829 960 ora-

206 993 325 1031 tione
362 992 416 1030 de
452 992 651 1030 laudibus
686 992 945 1039 studiorum,
984 991 1052 1029 eui
1088 992 1218 1030 etiam
1252 992 1468 1031 interesse
1504 994 1643 1032 voluit
1683 995 1827 1031 Rmus.

1130 1063 1155 1111 ¹,
1181 1063 1321 1102 studia
1350 1069 1500 1103 nostra
1529 1065 1829 1116 redintegrare

206 1065 452 1115 episcopus,
478 1069 521 1101 et
543 1065 770 1115 anglorum
791 1063 908 1115 regis
936 1064 1107 1115 legatus

206 1136 270 1185 (ut
292 1134 471 1186 singulis
505 1135 627 1173 annis
647 1133 742 1172 fieri
764 1135 895 1184 solet)
918 1133 1176 1173 curauimus.
1204 1135 1372 1185 Quibus
1395 1137 1592 1175 omnibus
1613 1137 1831 1175 foeliciter

203 1206 407 1257 peractis,
432 1206 728 1257 vnusquisque
763 1211 1099 1257 praeceptorum
1136 1220 1234 1245 suas
1256 1220 1460 1258 agressus
1497 1213 1563 1246 est
1597 1209 1827 1246 lectiones.

209 1276 472 1325 [Domestici
493 1290 644 1317 omnes
664 1291 746 1316 suo
769 1290 951 1317 munere
974 1277 1195 1317 alacriter
1207 1277 1514 1330 funguntur]

288 1349 473 1388 Genuae
495 1349 594 1388 VIII
614 1348 712 1387 idus
730 1350 918 1401 Januarii
944 1358 1056 1399 1559.

279 1422 409 1472 Jussu
430 1419 525 1460 Rdi.
551 1420 691 1459 Patris
712 1420 912 1468 rectoris,
937 1422 988 1459 D.
1012 1420 1176 1468 Loarti,
1200 1426 1301 1460 tuae
1324 1422 1371 1460 R.
1398 1423 1443 1460 Ρ.
1468 1421 1628 1461 inutilis
1659 1435 1826 1469 seruus,

1355 1546 1609 1586 ALUARADUS
1639 1549 1666 1585 ².

255 1701 293 1740 9.
353 1691 411 1729 Vt
433 1702 487 1728 ex
511 1689 711 1728 omnibus
740 1690 910 1741 populis
934 1695 977 1727 et
1008 1690 1213 1740 gentibus
1236 1695 1280 1728 et
1310 1690 1508 1728 tribubus
1536 1691 1711 1741 aliquod
1741 1705 1829 1729 mu-

202 1762 430 1800 nusculum
460 1762 556 1799 Deo
581 1762 831 1808 offeramus,
857 1761 967 1799 scias
989 1761 1120 1799 velim
1151 1761 1390 1800 hebraeum
1417 1761 1648 1812 quemdam
1678 1761 1720 1800 in
1749 1776 1829 1800 nos

205 1832 361 1885 elapsis
383 1833 538 1871 diebus
559 1832 765 1871 incidisse
781 1833 917 1883 (quod
937 1831 1237 1884 imprudenter
1266 1833 1530 1883 omiseram),
1554 1834 1627 1884 qui
1647 1834 1712 1883 (ut
1742 1848 1827 1873 vno

204 1905 471 1956 complectar
492 1903 651 1953 verbo)
685 1916 710 1942 a
745 1905 873 1942 Patre
896 1910 1073 1943 rectore
1094 1909 1246 1942 nostro
1271 1903 1581 1952 catechizatur,
1613 1910 1660 1943 ut
1678 1905 1828 1955 paucis

202 1981 303 2027 post
324 1975 478 2014 diebus
501 1975 555 2013 ad
588 1975 755 2013 fontem
784 1975 894 2013 sacri
928 1974 1199 2026 baptismatis
1230 1975 1428 2014 accedat.
1466 1977 1562 2015 Deo
1597 1976 1830 2015 immortali

200 2046 472 2086 immortales
494 2046 662 2098 agimus
684 2045 845 2098 gratias
865 2059 943 2097 pro
968 2046 1181 2086 omnibus.

251 2255 257 2273 ¹
306 2253 486 2300 Joannes
500 2254 549 2289 de
569 2252 788 2300 Figuoroa‚
807 2253 967 2290 videtur
984 2254 1059 2290 hoc
1077 2258 1259 2300 tempore
1278 2253 1401 2291 fuisse
1420 2255 1585 2301 legatus
1599 2253 1772 2303 Philippi
1793 2257 1829 2294 II

200 2313 305 2360 apud
324 2325 577 2359 genuensem
595 2313 901 2359 rempublicam.

249 2371 262 2391 ²
313 2371 376 2409 Cf.
399 2372 502 2409 Litt.
523 2372 774 2419 Quantum„
797 2372 849 2418 V,
869 2373 951 2410 502.
