1908 3446
214 230 261 268 88
683 233 905 271 LITTERAE
932 234 1289 280 QUAnmmes‘rREs

164 330 216 369 ni
232 331 399 383 graeei
419 335 518 380 θύας
540 346 726 383 sequens
747 347 869 382 vero,
904 334 1137 374 Ciceronis
1158 338 1209 375 de
1229 339 1449 377 senectute
1479 338 1695 388 libellum,
1729 341 1801 380 L‘ia

164 402 302 441 nacrz'
332 404 716 454 grammaz‘z'cam‚
742 408 838 455 cap.
874 407 924 445 de
959 406 1296 445 conscribendis
1330 407 1547 458 epistolis‚·
1577 408 1626 448 in
1666 411 1800 451 tertia

162 473 368 522 syntaxis
386 488 488 513 cum
504 475 706 526 epistolis
731 476 978 524 Ciceronis,
998 480 1038 517 et
1053 478 1119 516 ita
1143 477 1359 529 deinceps.
1385 479 1438 518 In
1458 480 1630 529 infima
1653 485 1802 522 autem

164 545 320 593 classe,
345 545 506 585 literas
527 547 790 587 combimtre
808 550 1026 588 docentum
1048 551 1087 588 et
1103 549 1310 601 pingere.
1336 552 1511 589 Habent
1529 553 1802 602 quotidianas

163 616 453 666 repetitiones
484 618 647 656 classes
680 619 895 669 singulae;
928 619 1149 658 rhetorica
1170 632 1278 658 vero
1302 621 1433 660 etiam
1465 622 1798 673 disputationes.

164 686 383 725 Exhibent
418 688 472 726 ad
508 690 619 727 haec
659 690 721 727 8.0
758 702 932 740 quoque
970 689 1040 728 die
1077 704 1191 739 suas,
1225 692 1297 742 qui
1326 693 1491 744 primae
1524 695 1673 734 classis
1704 703 1802 736 sunt

164 762 207 796 et
238 765 323 796 2⁸0
357 766 375 783 a
405 760 767 810 compositiones.
803 761 973 812 Reliqui
999 774 1108 799 vero
1140 762 1396 802 inferiorum
1427 765 1628 804 classium
1657 771 1725 805 ter
1759 769 1802 807 in

161 829 440 868 hebdomada
460 829 502 868 in
526 831 814 870 conficiendis
838 838 1104 870 exercentur
1129 834 1356 884 epistoliis.
1381 836 1609 875 Habentur
1632 843 1675 876 et
1696 840 1800 878 heb-

163 900 362 940 domadis
397 901 582 953 singulis
613 903 959 941 declamationes
999 917 1146 942 coram
1186 910 1281 944 toto
1323 907 1620 948 studiosorum
1651 916 1798 959 coetu,

161 986 245 1024 qua
267 986 321 1011 ex
344 986 391 1012 re
413 987 500 1012 non
521 974 603 1025 ipsi
625 978 793 1013 tantum
814 980 1014 1013 oratores
1035 975 1284 1025 vtssitatem,
1310 978 1389 1016 sed
1412 985 1456 1017 et
1486 980 1711 1020 auditores
1741 983 1801 1022 in-

160 1044 450 1092 stitutionem,
477 1058 630 1084 omnes
653 1058 760 1084 vero
783 1059 871 1084 non
894 1046 1111 1085 modicam
1134 1048 1308 1098 capiunt
1329 1050 1602 1102 voluptatem
1625 1054 1650 1091 ¹.

210 1126 250 1164 9.
311 1115 631 1154 Praeterieram
661 1116 755 1154 fere
786 1116 904 1167 quod
940 1117 1011 1154 vel
1040 1117 1083 1155 in
1117 1118 1263 1168 primis
1285 1120 1356 1158 hic
1386 1120 1550 1160 dictum
1582 1124 1790 1174 oportuit,

159 1199 243 1236 qua
264 1187 433 1226 scilicet
457 1187 719 1226 celebritate
741 1188 834 1238 ipsa
856 1188 1100 1228 studiorum
1123 1192 1354 1230 renouatio
1390 1192 1511 1231 initio
1534 1194 1800 1235 Nouembris

160 1263 320 1309 coepta
350 1259 419 1307 sit,
443 1272 529 1309 quo
563 1260 724 1307 studio,
749 1273 835 1311 quo
858 1266 1081 1312 apparatu,
1106 1268 1268 1312 quanto
1292 1263 1467 1303 demum
1499 1267 1721 1317 applausu.
1752 1268 1800 1306 In

157 1329 305 1380 primis
341 1330 629 1370 confecerant
666 1331 805 1370 nostri
841 1332 1149 1371 conclusiones
1190 1333 1369 1386 aliquot,
1406 1337 1563 1386 partim
1598 1351 1797 1389 graecas,

157 1401 312 1451 partim
334 1402 594 1450 rhetoricas,
629 1403 785 1454 partim
816 1403 947 1442 etiam
977 1404 1300 1455 grammaticas,
1326 1419 1504 1458 easque,
1527 1414 1575 1447 vt
1604 1410 1798 1460 pluribus

159 1477 307 1511 essent
340 1486 611 1522 communes,
648 1474 932 1513 excudendas
953 1476 1137 1526 primum
1161 1482 1205 1515 et
1234 1478 1409 1528 publice
1431 1478 1591 1518 deinde
1619 1481 1799 1533 affigen-

158 1543 234 1582 das
266 1551 486 1584 curarunt.
511 1545 594 1584 Vbi
625 1551 773 1584 autem
805 1545 899 1585 dies
931 1547 1337 1588 concertationibus
1359 1551 1634 1591 scholasticis
1664 1554 1798 1606 assig-

156 1620 284 1653 natus
314 1615 437 1654 affuit
459 1617 494 1665 b,
521 1629 674 1655 omnes
705 1617 760 1655 ad
791 1619 1003 1668 templum
1034 1624 1233 1658 nostrum
1254 1621 1355 1659 huic
1384 1623 1567 1673 negotio
1589 1637 1797 1675 perquam

155 1687 491 1726 accommodum
515 1701 786 1737 conuenere,
807 1689 955 1741 ibique
979 1691 1170 1729 carmine
1190 1697 1234 1730 et
1257 1693 1457 1732 oratione
1478 1696 1731 1745 praemissa,
1755 1697 1797 1736 in

155 1758 512 1810 frequentissimo
553 1761 779 1800 hominum
819 1768 1043 1801 conuentu
1083 1763 1404 1814 disputationes
1445 1772 1632 1819 coeptae
1673 1773 1794 1817 sunt,

155 1829 468 1870 admirantibus
490 1832 637 1870 multis
653 1832 864 1879 indolem,
889 1833 1171 1873 acrimoniam
1202 1840 1246 1873 et
1275 1836 1538 1877 modestiam
1566 1852 1796 1891 argumen-

154 1902 337 1940 tantium
359 1901 793 1942 adolescentulorum
825 1905 1109 1956 singularem.
1130 1906 1350 1945 Durarunt
1378 1913 1527 1948 autem
1548 1911 1631 1949 hae
1653 1910 1796 1962 dispu-

154 1972 346 2012 tationes
378 1983 399 2022 5
439 1972 610 2021 diebus,
646 1979 690 2013 et
726 1976 905 2026 vesperi
944 1975 1120 2026 quidem
1155 1981 1202 2016 vt
1237 1978 1490 2029 plurimum,
1528 1994 1655 2020 mane
1685 1995 1793 2022 vero

154 2043 338 2083 subinde
361 2045 650 2096 disputarunt.
673 2046 948 2085 Praemissae
965 2051 1113 2086 autem
1134 2049 1313 2088 fuerunt
1331 2051 1513 2102 singulis
1535 2052 1794 2104 disputatio-

155 2114 280 2153 nibus
304 2115 529 2155 orationes
550 2115 763 2169 singulae,
784 2131 897 2168 quae
918 2132 1075 2170 magna
1097 2133 1194 2158 cum
1212 2120 1342 2159 laude
1363 2135 1388 2160 a
1417 2123 1578 2161 nostris
1613 2125 1793 2164 scholae

155 2186 363 2225 studiosis
383 2187 508 2226 fuere
530 2189 759 2228 recitatae.
782 2190 1062 2242 Comparauit
1083 2192 1194 2230 haec
1210 2205 1283 2230 res
1299 2206 1387 2233 non
1406 2194 1611 2246 exiguam
1631 2197 1794 2235 nostris

155 2257 318 2296 scholis
339 2259 670 2308 authoritatem,
693 2262 955 2312 praesertim
976 2262 1094 2313 quod
1121 2275 1146 2301 a
1165 2262 1378 2314 primariis
1399 2266 1528 2305 huius
1547 2267 1667 2306 vrbis
1688 2268 1792 2307 viris

153 2333 277 2367 actus
298 2329 369 2368 hic
400 2331 788 2370 cohonestaretur.
822 2333 1041 2372 Intererat
1073 2335 1187 2373 enirn
1220 2336 1346 2374 R.di⁵S
1363 2337 1577 2388 agriensis
1607 2343 1635 2387 ²,
1666 2340 1791 2378 R.‘1i⁵S

154 2400 207 2438 D.
241 2400 526 2449 Chromerus‚
562 2404 681 2454 regis
713 2404 924 2443 Poloniae
956 2405 1142 2456 legatus,
1175 2412 1323 2446 rector
1352 2407 1652 2449 vuiuersitatis
1672 2415 1686 2434 ³
1707 2425 1792 2451 vna

155 2483 253 2509 cum
276 2472 687 2522 superintendente‚
711 2473 869 2525 aliique
904 2475 1077 2514 nobiles
1100 2480 1143 2514 et
1165 2476 1287 2516 docti
1307 2479 1389 2518 viri
1409 2481 1628 2531 permulti.
1653 2483 1791 2522 Totus

207 2633 225 2651 a
266 2632 305 2662 et
325 2626 414 2663 2.ae
433 2632 571 2675 supra
590 2639 698 2666 vers,
753 2630 820 2655 —b
859 2629 1046 2666 Emend.
1068 2641 1118 2667 ex
1135 2631 1256 2668 venit.

202 2770 209 2789 ¹
264 2768 391 2808 Plura
409 2771 459 2808 de
480 2771 705 2808 studiorum
725 2771 864 2809 ordine
884 2771 925 2809 in
953 2771 1165 2810 viennensi
1191 2774 1367 2821 collegio
1394 2775 1487 2813 vide
1513 2778 1619 2824 apud
1645 2778 1788 2825 Dmm,

152 2827 228 2866 loe.
249 2829 332 2875 cit..
354 2830 436 2868 246.

200 2888 214 2908 ²
263 2888 520 2938 Intelligitur
537 2891 635 2929 urbs
653 2890 959 2938 Eger(Erlau),
989 2892 1028 2929 in
1055 2892 1283 2940 Hungaria.
1314 2895 1511 2941 Quisnam
1541 2901 1636 2935 tunc
1666 2898 1789 2937 fuerit

153 2948 367 2996 episcopus
386 2963 465 2988 non
485 2951 675 2988 convenit
693 2951 800 2988 inter
818 2955 1019 2989 auctores.
1042 2951 1105 2990 Cf.
1127 2951 1251 2990 GAMS
1269 2958 1310 2991 et
1326 2954 1486 2994 EUBEL.

200 3008 213 3028 ⁸
267 3007 477 3058 Georgius
496 3009 620 3049 Eder.
643 3009 706 3048 Cf.
731 3009 1093 3057 BRAUNSBERsz,
1108 3011 1163 3049 B.
1181 3012 1235 3050 P.
1255 3013 1426 3060 Cam'sii
1441 3017 1579 3063 epist..
1606 3016 1657 3063 II,
1677 3016 1747 3056 395
1762 3020 1786 3056 ¹.
