1908 3446
238 205 307 243 642
702 202 923 241 LITTERAE
949 202 1304 248 QUADR1MESTRES

952 430 1061 480 377

922 553 980 599 N.
1019 553 1078 599 N.

720 676 917 702 LAURETO
946 665 988 702 12
1015 675 1108 711 MAJ1
1138 664 1228 701 1560
1256 666 1279 701 ¹.

191 769 219 805 1.
246 767 485 818 Beneficia
505 766 776 817 spiritualia
799 779 825 805 a
850 767 940 806 Deo
966 767 1011 804 in
1033 766 1194 816 templo
1217 766 1460 804 Zauretano
1492 766 1659 804 collata
1687 778 1818 815 gene·

275 833 415 871 ratim
452 831 1043 872 commemorantur.—2—5.
1083 830 1401 879 Quorumdam
1437 830 1820 870 conversiones.—

274 898 362 937 6-8.
401 897 528 937 Socii
564 912 589 936 a
626 898 789 937 vicinis
818 897 1003 948 populis
1039 896 1220 947 expetiti
1253 896 1484 946 plurimos
1509 895 1700 947 fructus
1734 897 1820 935 col-

273 963 605 1015 ligant—942.
644 964 877 1002 Miracala
909 963 1207 1002 intercedente
1229 963 1283 1000 Β.
1317 962 1358 1000 V.
1385 961 1540 1000 Maria
1557 964 1821 1012 patrata.—

272 1028 327 1067 13.
353 1028 596 1068 Sociorum
618 1043 849 1069 numeras,
872 1027 1155 1068 Domesticae
1176 1027 1381 1066 virtutes.
1403 1026 1684 1066 Litterariae
1701 1039 1820 1066 exer-

273 1094 524 1134 citationes.
557 1096 695 1135 Faces
724 1094 916 1134 Laureti
944 1093 1217 1134 mitae—14.
1241 1091 1444 1132 Admissi
1463 1092 1513 1132 in
1534 1092 1818 1132 Societatem.

276 1160 540 1200 Candidati.

252 1279 285 1306 1.
348 1269 499 1307 Gratla
521 1274 565 1306 et
586 1282 670 1320 pax
692 1270 810 1320 Xpri.
846 1275 932 1307 etc.
956 1269 1127 1306 Statum
1157 1268 1284 1305 nobis
1318 1265 1539 1304 scribendi
1560 1271 1731 1316 tempus
1753 1265 1824 1303 ad-

196 1339 330 1385 uenit,
355 1339 590 1377 admodum
612 1340 709 1378 R‘le
730 1340 771 1378 in
792 1341 926 1391 Xpro.
953 1341 1039 1386 Pr„
1059 1352 1144 1390 quo
1166 1339 1314 1389 paucis
1333 1351 1384 1376 ea
1402 1343 1501 1375 sunt
1518 1337 1821 1383 describenda,

194 1424 276 1460 que
301 1409 354 1448 ad
378 1411 457 1449 Dei
480 1411 652 1449 laudem
675 1413 997 1462 multorumque
1023 1411 1346 1449 edificationem
1369 1421 1447 1460 per
1478 1414 1653 1447 nostros
1690 1413 1823 1446 trans-

195 1488 292 1520 acta
321 1482 498 1520 fuerunt
533 1484 573 1520 in
608 1484 694 1521 hoc
725 1496 848 1521 sacro
876 1484 957 1521 Dei
991 1482 1218 1534 genitricis
1255 1482 1369 1520 loco.
1393 1482 1563 1519 Vellem
1595 1486 1754 1527 tamen,
1779 1486 1825 1518 vt

196 1554 368 1603 saepius
390 1554 472 1591 iam
496 1555 682 1604 scriptae
702 1555 874 1592 litterae
897 1554 1167 1604 presentium
1190 1565 1333 1591 rerum
1356 1552 1651 1603 splendorem,
1676 1552 1711 1589 si
1731 1551 1825 1601 quis

197 1625 373 1663 tandem
397 1631 479 1672 est,
503 1638 590 1663 non
612 1626 859 1663 minuerent
881 1631 954 1663 aut
986 1626 1292 1671 obscurarent3
1316 1636 1413 1661 cum
1443 1623 1700 1674 praesertim
1721 1623 1825 1659 mul-

196 1697 250 1734 tis
273 1697 411 1735 minus
433 1698 603 1747 placeat
627 1698 827 1735 similium
858 1711 1002 1735 rerum
1024 1698 1183 1734 iterata
1206 1695 1581 1734 commemoratio.
1612 1694 1824 1732 Existimo

196 1774 342 1806 tamen
364 1781 433 1807 me
457 1770 716 1819 scripturum
741 1782 805 1816 ea,
830 1781 941 1819 quae
963 1769 1042 1819 piis
1065 1768 1216 1806 animis
1241 1768 1371 1805 etiam
1394 1766 1543 1804 decies
1565 1767 1631 1815 (vt
1659 1765 1731 1803 ille
1765 1766 1826 1803 in-

195 1842 285 1890 quit
307 1841 337 1890 ²)
360 1842 548 1891 repetita
571 1842 819 1892 placebunt.
846 1842 989 1890 Quem
1013 1841 1126 1878 enim
1148 1853 1235 1878 non
1254 1839 1450 1877 delectet
1469 1850 1521 1876 ea
1550 1837 1715 1885 audire,
1741 1849 1825 1887 que

196 1912 378 1949 mirabili
408 1913 573 1962 pietate
597 1919 641 1950 et
675 1913 845 1963 potenti
882 1913 1044 1949 virtute
1081 1911 1122 1948 in
1153 1910 1381 1948 medendis
1412 1910 1645 1947 multorum
1676 1907 1826 1946 animis

196 1987 326 2032 atque
351 1984 607 2034 corporibus
631 1985 781 2022 effecit
804 1984 970 2034 Regina
1000 1988 1152 2021 nostra
1182 1988 1273 2019 turn
1306 1981 1512 2032 singulari
1542 1992 1620 2018 suo
1642 1980 1826 2030 patroci-

196 2054 286 2100 nio,
311 2060 399 2091 tum
425 2055 554 2091 etiam
576 2061 827 2092 nostrorum
860 2056 1052 2099 Patrum,
1077 2053 1120 2091 id
1153 2059 1234 2100 est,
1273 2050 1450 2103 collegii
1479 2051 1606 2089 huius
1636 2050 1826 2088 ministe-

197 2125 283 2163 rio?
305 2125 439 2163 Cuius
473 2126 684 2176 obsequio
708 2127 915 2164 continuo
938 2126 1071 2163 vtitur
1094 2125 1343 2162 Altissimus
1366 2128 1410 2161 et
1443 2123 1538 2172 ejus
1560 2135 1732 2172 semper
1753 2121 1827 2159 be·

196 2196 375 2234 nedicta
397 2198 535 2234 Mater
566 2198 607 2235 in
628 2197 930 2248 impertiendis
965 2196 1222 2234 mortalibus
1244 2208 1340 2232 rara
1374 2194 1561 2245 quedam
1591 2194 1825 2244 gratiarum

201 2272 244 2304 et
267 2268 475 2306 virtutum
499 2268 687 2306 omnium
720 2269 993 2315 charismata,
1018 2273 1065 2305 vt
1085 2267 1406 2305 honorificetur
1437 2267 1556 2304 Deus
1577 2267 1715 2316 primo
1738 2265 1827 2316 qui-

201 2338 298 2376 dem
322 2339 361 2376 in
385 2340 525 2386 nobis,
550 2353 660 2390 quos
683 2340 760 2377 sibi
796 2339 1023 2378 constituit
1055 2339 1276 2376 ministros
1300 2342 1343 2376 et
1366 2337 1693 2388 dispensatores
1714 2350 1827 2386 mys-

199 2410 409 2448 teriorum
443 2412 462 2429 ’ἃ
498 2412 577 2449 Dei
599 2415 627 2458 ³3
652 2411 810 2450 deinde
835 2412 967 2450 etiam
988 2412 1237 2449 innotescat
1258 2422 1335 2459 per
1359 2422 1439 2447 nos
1460 2421 1547 2446 non
1569 2408 1709 2446 solum
1729 2420 1827 2457 pro-

198 2483 368 2520 uinciae
390 2482 409 2506 b
431 2483 557 2519 huius
587 2484 757 2530 incolis,
799 2483 877 2521 sed
909 2482 1073 2521 exteris
1110 2482 1241 2520 etiam
1279 2480 1451 2532 populis
1484 2485 1527 2518 et
1560 2479 1823 2517 nationibus.

243 2625 262 2644 ἃ
311 2624 586 2662 ministrorum
606 2635 685 2661 nis.
742 2625 805 2650 —b
828 2624 1045 2669 prouinciis
1065 2634 1147 2660 ms.

245 2770 253 2789 ¹
307 2768 369 2805 Ex
407 2768 640 2814 apographo
679 2779 843 2811 coaevo,
884 2766 989 2813 quod
1031 2769 1269 2802 asservatur
1312 2764 1351 2800 in
1398 2763 1562 2801 archivo
1603 2762 1825 2800 coloniensi

198 2828 488 2873 (Stadtarehiv.
510 2826 647 2870 Κόὶῑι),
670 2827 710 2863 in
729 2825 876 2872 cod.J.
892 2825 939 2872 J.
965 2824 1061 2869 723,
1082 2824 1131 2869 ΙΙ,
1161 2823 1202 2861 ff.
1231 2823 1291 2869 68,
1323 2823 1380 2861 69.
1412 2822 1541 2860 Deest
1569 2822 1821 2869 subscriptio,

197 2888 268 2924 sed
288 2887 334 2924 P.
356 2887 558 2934 Raphaeli
578 2887 704 2923 Riera
722 2886 937 2923 tribuenda
956 2885 1131 2922 videtur.

245 2948 258 2967 2
308 2946 490 2991 Hormr„
512 2947 604 2984 Art.
622 2946 756 2992 Poet.,
777 2945 858 2983 365.

245 3007 258 3026 ³
308 3005 325 3042 I
345 3006 466 3050 Con„
487 3003 563 3049 IV,
588 3004 620 3041 1.
