<?xml version="1.0" encoding="UTF-8"?>
<!DOCTYPE html PUBLIC "-//W3C//DTD XHTML 1.0 Transitional//EN"
    "http://www.w3.org/TR/xhtml1/DTD/xhtml1-transitional.dtd">
<html xmlns="http://www.w3.org/1999/xhtml" xml:lang="en" lang="en">
 <head>
  <title>
</title>
<meta http-equiv="Content-Type" content="text/html;charset=utf-8" />
  <meta name='ocr-system' content='tesseract 3.04.00' />
  <meta name='ocr-capabilities' content='ocr_page ocr_carea ocr_par ocr_line ocrx_word'/>
</head>
<body>
  <div class='ocr_page' id='page_1' title='image "./litteraequadrime1806lain_0689.png"; bbox 0 0 1908 3446; ppageno 0'>
   <div class='ocr_carea' id='block_1_1' title="bbox 569 159 1638 206">
    <p class='ocr_par' dir='ltr' id='par_1_1' title="bbox 569 159 1638 206">
     <span class='ocr_line' id='line_1_1' title="bbox 569 159 1638 206; baseline 0.001 -10"><span class='ocrx_word' id='word_1_1' title='bbox 569 159 856 197; x_wconf 73' lang='lat' dir='ltr'>383—GENUA</span> <span class='ocrx_word' id='word_1_2' title='bbox 882 160 929 197; x_wconf 82' lang='lat'><strong>30</strong></span> <span class='ocrx_word' id='word_1_3' title='bbox 955 159 1063 206; x_wconf 85' lang='lat' dir='ltr'>MAJ1</span> <span class='ocrx_word' id='word_1_4' title='bbox 1093 159 1182 196; x_wconf 80' lang='lat'>1560</span> <span class='ocrx_word' id='word_1_5' title='bbox 1568 159 1638 197; x_wconf 68' lang='lat'><strong>669</strong></span> 
     </span>
    </p>
   </div>
   <div class='ocr_carea' id='block_1_2' title="bbox 54 250 1688 2451">
    <p class='ocr_par' dir='ltr' id='par_1_2' title="bbox 58 250 1688 1236">
     <span class='ocr_line' id='line_1_2' title="bbox 65 250 1682 311; baseline 0.001 -13"><span class='ocrx_word' id='word_1_6' title='bbox 65 262 201 308; x_wconf 88' lang='lat' dir='ltr'><strong>uenis,</strong></span> <span class='ocrx_word' id='word_1_7' title='bbox 225 267 378 300; x_wconf 88' lang='lat' dir='ltr'><strong>acutus</strong></span> <span class='ocrx_word' id='word_1_8' title='bbox 402 266 445 298; x_wconf 90' lang='lat' dir='ltr'><strong>et</strong></span> <span class='ocrx_word' id='word_1_9' title='bbox 466 250 671 311; x_wconf 81' lang='lat' dir='ltr'><strong>prudenS‚</strong></span> <span class='ocrx_word' id='word_1_10' title='bbox 698 267 743 299; x_wconf 87' lang='lat' dir='ltr'><strong>vt</strong></span> <span class='ocrx_word' id='word_1_11' title='bbox 772 261 900 299; x_wconf 85' lang='lat' dir='ltr'><strong>facile</strong></span> <span class='ocrx_word' id='word_1_12' title='bbox 922 273 976 298; x_wconf 80' lang='lat' dir='ltr'><strong>ex</strong></span> <span class='ocrx_word' id='word_1_13' title='bbox 998 259 1077 307; x_wconf 87' lang='lat' dir='ltr'><strong>his,</strong></span> <span class='ocrx_word' id='word_1_14' title='bbox 1111 273 1222 311; x_wconf 86' lang='lat' dir='ltr'><strong>quae</strong></span> <span class='ocrx_word' id='word_1_15' title='bbox 1252 261 1398 299; x_wconf 89' lang='lat' dir='ltr'><strong>dicere</strong></span> <span class='ocrx_word' id='word_1_16' title='bbox 1432 261 1682 311; x_wconf 81' lang='lat' dir='ltr'><strong>aggredior,</strong></span> 
     </span>
     <span class='ocr_line' id='line_1_3' title="bbox 65 331 1683 383; baseline 0.001 -14"><span class='ocrx_word' id='word_1_17' title='bbox 65 332 314 370; x_wconf 88' lang='lat' dir='ltr'><strong>coniectare</strong></span> <span class='ocrx_word' id='word_1_18' title='bbox 338 332 453 370; x_wconf 87' lang='lat' dir='ltr'><strong>licet.</strong></span> <span class='ocrx_word' id='word_1_19' title='bbox 479 332 561 370; x_wconf 91' lang='lat' dir='ltr'><strong>Hic</strong></span> <span class='ocrx_word' id='word_1_20' title='bbox 583 331 795 383; x_wconf 85' lang='lat' dir='ltr'><strong>siquidem</strong></span> <span class='ocrx_word' id='word_1_21' title='bbox 819 333 946 380; x_wconf 76' lang='lat' dir='ltr'><strong>c[um]</strong></span> <span class='ocrx_word' id='word_1_22' title='bbox 971 331 1053 369; x_wconf 87' lang='lat' dir='ltr'><strong>iam</strong></span> <span class='ocrx_word' id='word_1_23' title='bbox 1075 332 1243 381; x_wconf 78' lang='lat' dir='ltr'><strong>pridem</strong></span> <span class='ocrx_word' id='word_1_24' title='bbox 1272 331 1487 370; x_wconf 89' lang='lat' dir='ltr'><strong>Societati</strong></span> <span class='ocrx_word' id='word_1_25' title='bbox 1507 338 1683 371; x_wconf 89' lang='lat' dir='ltr'><strong>nostrae</strong></span> 
     </span>
     <span class='ocr_line' id='line_1_4' title="bbox 65 397 1686 453; baseline 0.001 -14"><span class='ocrx_word' id='word_1_26' title='bbox 65 415 162 440; x_wconf 76' lang='lat' dir='ltr'><strong>sese</strong></span> <span class='ocrx_word' id='word_1_27' title='bbox 186 402 391 440; x_wconf 80' lang='lat' dir='ltr'><strong>addicere</strong></span> <span class='ocrx_word' id='word_1_28' title='bbox 414 403 643 449; x_wconf 76' lang='lat' dir='ltr'><strong>uoluisset,</strong></span> <span class='ocrx_word' id='word_1_29' title='bbox 669 407 759 441; x_wconf 91' lang='lat' dir='ltr'><strong>tum</strong></span> <span class='ocrx_word' id='word_1_30' title='bbox 783 404 839 441; x_wconf 93' lang='lat' dir='ltr'><strong>ob</strong></span> <span class='ocrx_word' id='word_1_31' title='bbox 860 397 993 453; x_wconf 84' lang='lat' dir='ltr'><strong>patris</strong></span> <span class='ocrx_word' id='word_1_32' title='bbox 1025 403 1089 439; x_wconf 86' lang='lat' dir='ltr'><strong>sui</strong></span> <span class='ocrx_word' id='word_1_33' title='bbox 1112 403 1356 449; x_wconf 82' lang='lat' dir='ltr'><strong>saeuitiam,</strong></span> <span class='ocrx_word' id='word_1_34' title='bbox 1380 407 1470 440; x_wconf 90' lang='lat' dir='ltr'><strong>tum</strong></span> <span class='ocrx_word' id='word_1_35' title='bbox 1493 403 1593 453; x_wconf 87' lang='lat' dir='ltr'><strong>quia</strong></span> <span class='ocrx_word' id='word_1_36' title='bbox 1614 417 1686 441; x_wconf 89' lang='lat' dir='ltr'><strong>ne-</strong></span> 
     </span>
     <span class='ocr_line' id='line_1_5' title="bbox 64 473 1684 524; baseline 0.001 -13"><span class='ocrx_word' id='word_1_37' title='bbox 64 474 246 520; x_wconf 81' lang='lat' dir='ltr'><strong>sciebat,</strong></span> <span class='ocrx_word' id='word_1_38' title='bbox 271 479 413 511; x_wconf 89' lang='lat' dir='ltr'><strong>utrum</strong></span> <span class='ocrx_word' id='word_1_39' title='bbox 435 474 575 511; x_wconf 89' lang='lat' dir='ltr'><strong>bonus</strong></span> <span class='ocrx_word' id='word_1_40' title='bbox 598 475 792 512; x_wconf 85' lang='lat' dir='ltr'><strong>malusue</strong></span> <span class='ocrx_word' id='word_1_41' title='bbox 816 480 935 512; x_wconf 87' lang='lat' dir='ltr'><strong>esset</strong></span> <span class='ocrx_word' id='word_1_42' title='bbox 951 473 1020 511; x_wconf 89' lang='lat' dir='ltr'><strong>hic</strong></span> <span class='ocrx_word' id='word_1_43' title='bbox 1042 474 1224 518; x_wconf 78' lang='lat' dir='ltr'><strong>animus,</strong></span> <span class='ocrx_word' id='word_1_44' title='bbox 1245 486 1405 524; x_wconf 78' lang='lat' dir='ltr'><strong>anceps</strong></span> <span class='ocrx_word' id='word_1_45' title='bbox 1423 475 1558 512; x_wconf 87' lang='lat' dir='ltr'><strong>multo</strong></span> <span class='ocrx_word' id='word_1_46' title='bbox 1577 479 1684 512; x_wconf 88' lang='lat' dir='ltr'><strong>tern-</strong></span> 
     </span>
     <span class='ocr_line' id='line_1_6' title="bbox 62 545 1686 595; baseline 0.001 -14"><span class='ocrx_word' id='word_1_47' title='bbox 62 556 169 594; x_wconf 89' lang='lat' dir='ltr'><strong>pore</strong></span> <span class='ocrx_word' id='word_1_48' title='bbox 193 545 349 591; x_wconf 81' lang='lat' dir='ltr'><strong>haesit,</strong></span> <span class='ocrx_word' id='word_1_49' title='bbox 373 545 514 583; x_wconf 88' lang='lat' dir='ltr'><strong>Deum</strong></span> <span class='ocrx_word' id='word_1_50' title='bbox 538 546 682 583; x_wconf 87' lang='lat' dir='ltr'><strong>multis</strong></span> <span class='ocrx_word' id='word_1_51' title='bbox 703 545 907 595; x_wconf 85' lang='lat' dir='ltr'><strong>precibus</strong></span> <span class='ocrx_word' id='word_1_52' title='bbox 929 545 1152 583; x_wconf 79' lang='lat' dir='ltr'><strong>solicitans</strong></span> <span class='ocrx_word' id='word_1_53' title='bbox 1175 545 1259 582; x_wconf 91' lang='lat' dir='ltr'><strong>hoc</strong></span> <span class='ocrx_word' id='word_1_54' title='bbox 1282 545 1458 582; x_wconf 88' lang='lat' dir='ltr'><strong>dubium</strong></span> <span class='ocrx_word' id='word_1_55' title='bbox 1491 545 1547 582; x_wconf 87' lang='lat' dir='ltr'><strong>illi</strong></span> <span class='ocrx_word' id='word_1_56' title='bbox 1570 558 1686 583; x_wconf 82' lang='lat' dir='ltr'><strong>rese-</strong></span> 
     </span>
     <span class='ocr_line' id='line_1_7' title="bbox 62 615 1686 666; baseline 0.001 -14"><span class='ocrx_word' id='word_1_57' title='bbox 62 621 194 662; x_wconf 84' lang='lat' dir='ltr'><strong>raret3</strong></span> <span class='ocrx_word' id='word_1_58' title='bbox 218 615 394 653; x_wconf 87' lang='lat' dir='ltr'><strong>tandem</strong></span> <span class='ocrx_word' id='word_1_59' title='bbox 416 621 515 665; x_wconf 79' lang='lat' dir='ltr'><strong>post</strong></span> <span class='ocrx_word' id='word_1_60' title='bbox 538 616 722 653; x_wconf 83' lang='lat' dir='ltr'><strong>duorum</strong></span> <span class='ocrx_word' id='word_1_61' title='bbox 758 629 968 654; x_wconf 88' lang='lat' dir='ltr'><strong>annorum</strong></span> <span class='ocrx_word' id='word_1_62' title='bbox 992 616 1192 665; x_wconf 87' lang='lat' dir='ltr'><strong>spatium,</strong></span> <span class='ocrx_word' id='word_1_63' title='bbox 1217 622 1317 666; x_wconf 90' lang='lat' dir='ltr'><strong>post</strong></span> <span class='ocrx_word' id='word_1_64' title='bbox 1353 618 1509 654; x_wconf 59' lang='lat' dir='ltr'><strong>multas</strong></span> <span class='ocrx_word' id='word_1_65' title='bbox 1531 629 1686 666; x_wconf 68' lang='lat' dir='ltr'><strong>preces</strong></span> 
     </span>
     <span class='ocr_line' id='line_1_8' title="bbox 62 686 1684 737; baseline 0.001 -14"><span class='ocrx_word' id='word_1_66' title='bbox 62 686 115 724; x_wconf 87' lang='lat' dir='ltr'><strong>ad</strong></span> <span class='ocrx_word' id='word_1_67' title='bbox 133 687 272 724; x_wconf 90' lang='lat' dir='ltr'><strong>Deum</strong></span> <span class='ocrx_word' id='word_1_68' title='bbox 288 687 421 733; x_wconf 81' lang='lat' dir='ltr'><strong>fusas,</strong></span> <span class='ocrx_word' id='word_1_69' title='bbox 445 694 545 737; x_wconf 85' lang='lat' dir='ltr'><strong>post</strong></span> <span class='ocrx_word' id='word_1_70' title='bbox 563 688 647 725; x_wconf 86' lang='lat' dir='ltr'><strong>hoc</strong></span> <span class='ocrx_word' id='word_1_71' title='bbox 667 688 801 725; x_wconf 85' lang='lat' dir='ltr'><strong>tacite</strong></span> <span class='ocrx_word' id='word_1_72' title='bbox 825 701 975 726; x_wconf 84' lang='lat' dir='ltr'><strong>secum</strong></span> <span class='ocrx_word' id='word_1_73' title='bbox 1000 688 1173 737; x_wconf 69' lang='lat' dir='ltr'><strong>saepius</strong></span> <span class='ocrx_word' id='word_1_74' title='bbox 1194 689 1418 725; x_wconf 87' lang='lat' dir='ltr'><strong>euolutum</strong></span> <span class='ocrx_word' id='word_1_75' title='bbox 1442 689 1684 735; x_wconf 86' lang='lat' dir='ltr'><strong>consilium,</strong></span> 
     </span>
     <span class='ocr_line' id='line_1_9' title="bbox 61 757 1686 809; baseline 0.001 -14"><span class='ocrx_word' id='word_1_76' title='bbox 61 770 161 795; x_wconf 90' lang='lat' dir='ltr'><strong>sese</strong></span> <span class='ocrx_word' id='word_1_77' title='bbox 184 757 342 796; x_wconf 90' lang='lat' dir='ltr'><strong>eodem</strong></span> <span class='ocrx_word' id='word_1_78' title='bbox 374 771 472 796; x_wconf 90' lang='lat' dir='ltr'><strong>esse</strong></span> <span class='ocrx_word' id='word_1_79' title='bbox 495 759 637 796; x_wconf 87' lang='lat' dir='ltr'><strong>animo</strong></span> <span class='ocrx_word' id='word_1_80' title='bbox 675 759 966 809; x_wconf 54' lang='lat' dir='ltr'><strong>compedem,</strong></span> <span class='ocrx_word' id='word_1_81' title='bbox 1000 758 1053 796; x_wconf 90' lang='lat' dir='ltr'><strong>ad</strong></span> <span class='ocrx_word' id='word_1_82' title='bbox 1076 771 1156 796; x_wconf 72' lang='lat' dir='ltr'><strong>nos</strong></span> <span class='ocrx_word' id='word_1_83' title='bbox 1192 759 1330 805; x_wconf 88' lang='lat' dir='ltr'><strong>uenit,</strong></span> <span class='ocrx_word' id='word_1_84' title='bbox 1353 759 1483 796; x_wconf 87' lang='lat' dir='ltr'><strong>animi</strong></span> <span class='ocrx_word' id='word_1_85' title='bbox 1505 759 1569 796; x_wconf 84' lang='lat' dir='ltr'><strong>sui</strong></span> <span class='ocrx_word' id='word_1_86' title='bbox 1593 773 1686 797; x_wconf 82' lang='lat' dir='ltr'><strong>sen-</strong></span> 
     </span>
     <span class='ocr_line' id='line_1_10' title="bbox 61 829 1686 880; baseline 0.001 -14"><span class='ocrx_word' id='word_1_87' title='bbox 61 829 242 867; x_wconf 79' lang='lat' dir='ltr'><strong>tentiam</strong></span> <span class='ocrx_word' id='word_1_88' title='bbox 263 830 505 880; x_wconf 87' lang='lat' dir='ltr'><strong>proposuit,</strong></span> <span class='ocrx_word' id='word_1_89' title='bbox 531 835 575 867; x_wconf 88' lang='lat' dir='ltr'><strong>et</strong></span> <span class='ocrx_word' id='word_1_90' title='bbox 598 836 643 867; x_wconf 87' lang='lat' dir='ltr'><strong>ut</strong></span> <span class='ocrx_word' id='word_1_91' title='bbox 664 830 717 867; x_wconf 88' lang='lat' dir='ltr'><strong>ad</strong></span> <span class='ocrx_word' id='word_1_92' title='bbox 750 831 1023 868; x_wconf 77' lang='lat' dir='ltr'><strong>Societatem</strong></span> <span class='ocrx_word' id='word_1_93' title='bbox 1045 830 1314 877; x_wconf 77' lang='lat' dir='ltr'><strong>admittatur,</strong></span> <span class='ocrx_word' id='word_1_94' title='bbox 1353 831 1481 868; x_wconf 81' lang='lat' dir='ltr'><strong>anxie</strong></span> <span class='ocrx_word' id='word_1_95' title='bbox 1506 836 1686 868; x_wconf 85' lang='lat' dir='ltr'><strong>conten-</strong></span> 
     </span>
     <span class='ocr_line' id='line_1_11' title="bbox 61 900 1688 953; baseline 0.001 -16"><span class='ocrx_word' id='word_1_96' title='bbox 61 900 136 938; x_wconf 90' lang='lat' dir='ltr'><strong>dit.</strong></span> <span class='ocrx_word' id='word_1_97' title='bbox 161 900 250 938; x_wconf 90' lang='lat' dir='ltr'><strong>Sed</strong></span> <span class='ocrx_word' id='word_1_98' title='bbox 266 901 469 950; x_wconf 89' lang='lat' dir='ltr'><strong>quoniam</strong></span> <span class='ocrx_word' id='word_1_99' title='bbox 492 901 762 938; x_wconf 85' lang='lat' dir='ltr'><strong>insectantur</strong></span> <span class='ocrx_word' id='word_1_100' title='bbox 780 902 897 939; x_wconf 88' lang='lat' dir='ltr'><strong>illum</strong></span> <span class='ocrx_word' id='word_1_101' title='bbox 920 907 963 940; x_wconf 87' lang='lat' dir='ltr'><strong>et</strong></span> <span class='ocrx_word' id='word_1_102' title='bbox 982 908 1104 951; x_wconf 84' lang='lat' dir='ltr'><strong>pater</strong></span> <span class='ocrx_word' id='word_1_103' title='bbox 1124 902 1216 938; x_wconf 76' lang='lat' dir='ltr'><strong>eius</strong></span> <span class='ocrx_word' id='word_1_104' title='bbox 1240 907 1284 938; x_wconf 90' lang='lat' dir='ltr'><strong>et</strong></span> <span class='ocrx_word' id='word_1_105' title='bbox 1305 902 1478 949; x_wconf 62' lang='lat' dir='ltr'><strong>fratres,</strong></span> <span class='ocrx_word' id='word_1_106' title='bbox 1498 903 1649 953; x_wconf 85' lang='lat' dir='ltr'><strong>nequit</strong></span> <span class='ocrx_word' id='word_1_107' title='bbox 1669 903 1688 920; x_wconf 48' lang='grc' dir='ltr'><strong>’δ’</strong></span> 
     </span>
     <span class='ocr_line' id='line_1_12' title="bbox 59 971 1684 1023; baseline 0.002 -15"><span class='ocrx_word' id='word_1_108' title='bbox 59 983 137 1021; x_wconf 92' lang='lat' dir='ltr'><strong>pro</strong></span> <span class='ocrx_word' id='word_1_109' title='bbox 155 972 382 1009; x_wconf 84' lang='lat' dir='ltr'><strong>uoluntate</strong></span> <span class='ocrx_word' id='word_1_110' title='bbox 400 971 629 1009; x_wconf 86' lang='lat' dir='ltr'><strong>nobiscum</strong></span> <span class='ocrx_word' id='word_1_111' title='bbox 646 984 780 1023; x_wconf 87' lang='lat' dir='ltr'><strong>agere</strong></span> <span class='ocrx_word' id='word_1_112' title='bbox 798 978 965 1023; x_wconf 83' lang='lat' dir='ltr'><strong>aperte,</strong></span> <span class='ocrx_word' id='word_1_113' title='bbox 986 972 1063 1010; x_wconf 88' lang='lat' dir='ltr'><strong>sed</strong></span> <span class='ocrx_word' id='word_1_114' title='bbox 1082 973 1325 1011; x_wconf 90' lang='lat' dir='ltr'><strong>clanculum</strong></span> <span class='ocrx_word' id='word_1_115' title='bbox 1343 978 1523 1011; x_wconf 83' lang='lat' dir='ltr'><strong>nostros</strong></span> <span class='ocrx_word' id='word_1_116' title='bbox 1540 973 1628 1011; x_wconf 90' lang='lat' dir='ltr'><strong>adit</strong></span> <span class='ocrx_word' id='word_1_117' title='bbox 1650 974 1684 1020; x_wconf 78' lang='lat' dir='ltr'><strong>b,</strong></span> 
     </span>
     <span class='ocr_line' id='line_1_13' title="bbox 61 1042 1686 1095; baseline 0.002 -16"><span class='ocrx_word' id='word_1_118' title='bbox 61 1045 104 1079; x_wconf 89' lang='lat' dir='ltr'><strong>et</strong></span> <span class='ocrx_word' id='word_1_119' title='bbox 127 1054 300 1080; x_wconf 89' lang='lat' dir='ltr'><strong>causam</strong></span> <span class='ocrx_word' id='word_1_120' title='bbox 323 1055 443 1080; x_wconf 90' lang='lat' dir='ltr'><strong>suam</strong></span> <span class='ocrx_word' id='word_1_121' title='bbox 465 1044 554 1093; x_wconf 86' lang='lat' dir='ltr'><strong>agit</strong></span> <span class='ocrx_word' id='word_1_122' title='bbox 577 1042 763 1082; x_wconf 83' lang='lat' dir='ltr'><strong>solicite.</strong></span> <span class='ocrx_word' id='word_1_123' title='bbox 789 1045 899 1083; x_wconf 87' lang='lat' dir='ltr'><strong>Sunt</strong></span> <span class='ocrx_word' id='word_1_124' title='bbox 921 1043 1117 1082; x_wconf 89' lang='lat' dir='ltr'><strong>eiusdem</strong></span> <span class='ocrx_word' id='word_1_125' title='bbox 1149 1044 1397 1082; x_wconf 85' lang='lat' dir='ltr'><strong>sententiae</strong></span> <span class='ocrx_word' id='word_1_126' title='bbox 1419 1045 1605 1095; x_wconf 85' lang='lat' dir='ltr'><strong>plusculi</strong></span> <span class='ocrx_word' id='word_1_127' title='bbox 1626 1046 1686 1082; x_wconf 90' lang='lat' dir='ltr'><strong>iu-</strong></span> 
     </span>
     <span class='ocr_line' id='line_1_14' title="bbox 60 1114 1684 1166; baseline 0.001 -15"><span class='ocrx_word' id='word_1_128' title='bbox 60 1125 212 1161; x_wconf 83' lang='lat' dir='ltr'><strong>uenes,</strong></span> <span class='ocrx_word' id='word_1_129' title='bbox 236 1114 307 1165; x_wconf 91' lang='lat' dir='ltr'><strong>qui</strong></span> <span class='ocrx_word' id='word_1_130' title='bbox 328 1119 504 1152; x_wconf 86' lang='lat' dir='ltr'><strong>nostros</strong></span> <span class='ocrx_word' id='word_1_131' title='bbox 525 1114 720 1162; x_wconf 89' lang='lat' dir='ltr'><strong>audiunt,</strong></span> <span class='ocrx_word' id='word_1_132' title='bbox 753 1129 935 1166; x_wconf 81' lang='lat' dir='ltr'><strong>quorum</strong></span> <span class='ocrx_word' id='word_1_133' title='bbox 969 1115 1168 1166; x_wconf 80' lang='lat' dir='ltr'><strong>diligenti</strong></span> <span class='ocrx_word' id='word_1_134' title='bbox 1190 1128 1294 1154; x_wconf 88' lang='lat' dir='ltr'><strong>cura</strong></span> <span class='ocrx_word' id='word_1_135' title='bbox 1329 1128 1486 1166; x_wconf 90' lang='lat' dir='ltr'><strong>magna</strong></span> <span class='ocrx_word' id='word_1_136' title='bbox 1520 1116 1684 1154; x_wconf 83' lang='lat' dir='ltr'><strong>faciunt</strong></span> 
     </span>
     <span class='ocr_line' id='line_1_15' title="bbox 58 1185 589 1236; baseline 0.004 -14"><span class='ocrx_word' id='word_1_137' title='bbox 58 1185 100 1222; x_wconf 91' lang='lat' dir='ltr'><strong>in</strong></span> <span class='ocrx_word' id='word_1_138' title='bbox 121 1185 258 1222; x_wconf 88' lang='lat' dir='ltr'><strong>literis</strong></span> <span class='ocrx_word' id='word_1_139' title='bbox 282 1198 414 1235; x_wconf 91' lang='lat' dir='ltr'><strong>opere</strong></span> <span class='ocrx_word' id='word_1_140' title='bbox 436 1186 589 1236; x_wconf 91' lang='lat' dir='ltr'><strong>pretia.</strong></span> 
     </span>
    </p>

    <p class='ocr_par' dir='ltr' id='par_1_3' title="bbox 54 1256 1685 2451">
     <span class='ocr_line' id='line_1_16' title="bbox 111 1256 1682 1309; baseline 0.003 -17"><span class='ocrx_word' id='word_1_141' title='bbox 111 1256 148 1294; x_wconf 86' lang='lat'><strong>8.</strong></span> <span class='ocrx_word' id='word_1_142' title='bbox 211 1256 287 1293; x_wconf 86' lang='lat' dir='ltr'><strong>His</strong></span> <span class='ocrx_word' id='word_1_143' title='bbox 308 1256 455 1307; x_wconf 85' lang='lat' dir='ltr'><strong>itaque</strong></span> <span class='ocrx_word' id='word_1_144' title='bbox 477 1258 631 1296; x_wconf 90' lang='lat' dir='ltr'><strong>horum</strong></span> <span class='ocrx_word' id='word_1_145' title='bbox 655 1260 830 1296; x_wconf 85' lang='lat' dir='ltr'><strong>Patrum</strong></span> <span class='ocrx_word' id='word_1_146' title='bbox 851 1259 1119 1309; x_wconf 86' lang='lat' dir='ltr'><strong>fratrumque</strong></span> <span class='ocrx_word' id='word_1_147' title='bbox 1143 1259 1368 1307; x_wconf 85' lang='lat' dir='ltr'><strong>exercitijs</strong></span> <span class='ocrx_word' id='word_1_148' title='bbox 1390 1259 1462 1296; x_wconf 83' lang='lat' dir='ltr'><strong>uix</strong></span> <span class='ocrx_word' id='word_1_149' title='bbox 1492 1272 1682 1309; x_wconf 86' lang='lat' dir='ltr'><strong>possem,</strong></span> 
     </span>
     <span class='ocr_line' id='line_1_17' title="bbox 59 1326 1685 1380; baseline 0.003 -17"><span class='ocrx_word' id='word_1_150' title='bbox 59 1326 155 1364; x_wconf 70' lang='lat' dir='ltr'><strong>R.de</strong></span> <span class='ocrx_word' id='word_1_151' title='bbox 178 1328 241 1373; x_wconf 83' lang='lat' dir='ltr'><strong>P.‚</strong></span> <span class='ocrx_word' id='word_1_152' title='bbox 280 1328 426 1366; x_wconf 88' lang='lat' dir='ltr'><strong>uerbis</strong></span> <span class='ocrx_word' id='word_1_153' title='bbox 463 1329 621 1367; x_wconf 81' lang='lat' dir='ltr'><strong>efferre</strong></span> <span class='ocrx_word' id='word_1_154' title='bbox 653 1333 924 1380; x_wconf 86' lang='lat' dir='ltr'><strong>quantopere</strong></span> <span class='ocrx_word' id='word_1_155' title='bbox 956 1330 1082 1367; x_wconf 84' lang='lat' dir='ltr'><strong>nobis</strong></span> <span class='ocrx_word' id='word_1_156' title='bbox 1112 1331 1248 1367; x_wconf 87' lang='lat' dir='ltr'><strong>totius</strong></span> <span class='ocrx_word' id='word_1_157' title='bbox 1270 1330 1396 1367; x_wconf 89' lang='lat' dir='ltr'><strong>huius</strong></span> <span class='ocrx_word' id='word_1_158' title='bbox 1418 1330 1685 1380; x_wconf 88' lang='lat' dir='ltr'><strong>reipublicae</strong></span> 
     </span>
     <span class='ocr_line' id='line_1_18' title="bbox 58 1397 1684 1451; baseline 0.002 -17"><span class='ocrx_word' id='word_1_159' title='bbox 58 1398 186 1435; x_wconf 89' lang='lat' dir='ltr'><strong>animi</strong></span> <span class='ocrx_word' id='word_1_160' title='bbox 222 1397 459 1436; x_wconf 86' lang='lat' dir='ltr'><strong>reddantur</strong></span> <span class='ocrx_word' id='word_1_161' title='bbox 493 1400 658 1445; x_wconf 83' lang='lat' dir='ltr'><strong>affecti,</strong></span> <span class='ocrx_word' id='word_1_162' title='bbox 696 1400 900 1438; x_wconf 81' lang='lat' dir='ltr'><strong>uidentes</strong></span> <span class='ocrx_word' id='word_1_163' title='bbox 936 1407 1112 1438; x_wconf 83' lang='lat' dir='ltr'><strong>nostros</strong></span> <span class='ocrx_word' id='word_1_164' title='bbox 1142 1401 1259 1438; x_wconf 92' lang='lat' dir='ltr'><strong>nullo</strong></span> <span class='ocrx_word' id='word_1_165' title='bbox 1297 1401 1485 1438; x_wconf 90' lang='lat' dir='ltr'><strong>humano</strong></span> <span class='ocrx_word' id='word_1_166' title='bbox 1516 1402 1684 1451; x_wconf 87' lang='lat' dir='ltr'><strong>premio</strong></span> 
     </span>
     <span class='ocr_line' id='line_1_19' title="bbox 57 1469 1684 1522; baseline 0.002 -16"><span class='ocrx_word' id='word_1_167' title='bbox 57 1469 229 1507; x_wconf 87' lang='lat' dir='ltr'><strong>illectos</strong></span> <span class='ocrx_word' id='word_1_168' title='bbox 263 1473 350 1507; x_wconf 90' lang='lat' dir='ltr'><strong>tarn</strong></span> <span class='ocrx_word' id='word_1_169' title='bbox 385 1471 690 1509; x_wconf 80' lang='lat' dir='ltr'><strong>inexhaustum</strong></span> <span class='ocrx_word' id='word_1_170' title='bbox 713 1472 908 1509; x_wconf 82' lang='lat' dir='ltr'><strong>laborem</strong></span> <span class='ocrx_word' id='word_1_171' title='bbox 930 1484 1007 1522; x_wconf 89' lang='lat' dir='ltr'><strong>pro</strong></span> <span class='ocrx_word' id='word_1_172' title='bbox 1045 1472 1264 1510; x_wconf 89' lang='lat' dir='ltr'><strong>communi</strong></span> <span class='ocrx_word' id='word_1_173' title='bbox 1300 1473 1471 1510; x_wconf 88' lang='lat' dir='ltr'><strong>illorum</strong></span> <span class='ocrx_word' id='word_1_174' title='bbox 1494 1473 1684 1510; x_wconf 91' lang='lat' dir='ltr'><strong>omnium</strong></span> 
     </span>
     <span class='ocr_line' id='line_1_20' title="bbox 58 1541 1681 1593; baseline 0.003 -16"><span class='ocrx_word' id='word_1_175' title='bbox 58 1542 198 1578; x_wconf 87' lang='lat' dir='ltr'><strong>salute</strong></span> <span class='ocrx_word' id='word_1_176' title='bbox 221 1541 344 1579; x_wconf 88' lang='lat' dir='ltr'><strong>hilari</strong></span> <span class='ocrx_word' id='word_1_177' title='bbox 364 1541 508 1579; x_wconf 79' lang='lat' dir='ltr'><strong>fronte</strong></span> <span class='ocrx_word' id='word_1_178' title='bbox 532 1543 765 1581; x_wconf 84' lang='lat' dir='ltr'><strong>sustinere.</strong></span> <span class='ocrx_word' id='word_1_179' title='bbox 799 1544 912 1581; x_wconf 88' lang='lat' dir='ltr'><strong>Hinc</strong></span> <span class='ocrx_word' id='word_1_180' title='bbox 941 1543 1115 1593; x_wconf 85' lang='lat' dir='ltr'><strong>quidam</strong></span> <span class='ocrx_word' id='word_1_181' title='bbox 1137 1544 1237 1581; x_wconf 87' lang='lat' dir='ltr'><strong>dum</strong></span> <span class='ocrx_word' id='word_1_182' title='bbox 1270 1544 1380 1581; x_wconf 87' lang='lat' dir='ltr'><strong>haec</strong></span> <span class='ocrx_word' id='word_1_183' title='bbox 1402 1544 1681 1592; x_wconf 89' lang='lat' dir='ltr'><strong>meditantur,</strong></span> 
     </span>
     <span class='ocr_line' id='line_1_21' title="bbox 56 1611 1685 1665; baseline 0.004 -17"><span class='ocrx_word' id='word_1_184' title='bbox 56 1611 244 1650; x_wconf 81' lang='lat' dir='ltr'><strong>feliciter</strong></span> <span class='ocrx_word' id='word_1_185' title='bbox 266 1612 441 1650; x_wconf 86' lang='lat' dir='ltr'><strong>demum</strong></span> <span class='ocrx_word' id='word_1_186' title='bbox 463 1626 509 1651; x_wconf 93' lang='lat' dir='ltr'><strong>se</strong></span> <span class='ocrx_word' id='word_1_187' title='bbox 532 1614 737 1664; x_wconf 83' lang='lat' dir='ltr'><strong>genuisse</strong></span> <span class='ocrx_word' id='word_1_188' title='bbox 762 1614 924 1652; x_wconf 89' lang='lat' dir='ltr'><strong>liberos</strong></span> <span class='ocrx_word' id='word_1_189' title='bbox 945 1614 1187 1664; x_wconf 86' lang='lat' dir='ltr'><strong>predicant,</strong></span> <span class='ocrx_word' id='word_1_190' title='bbox 1212 1615 1384 1665; x_wconf 86' lang='lat' dir='ltr'><strong>quando</strong></span> <span class='ocrx_word' id='word_1_191' title='bbox 1407 1616 1449 1652; x_wconf 90' lang='lat' dir='ltr'><strong>in</strong></span> <span class='ocrx_word' id='word_1_192' title='bbox 1470 1616 1555 1654; x_wconf 91' lang='lat' dir='ltr'><strong>hoc</strong></span> <span class='ocrx_word' id='word_1_193' title='bbox 1577 1622 1685 1654; x_wconf 89' lang='lat' dir='ltr'><strong>tem-</strong></span> 
     </span>
     <span class='ocr_line' id='line_1_22' title="bbox 56 1685 1684 1738; baseline 0.002 -17"><span class='ocrx_word' id='word_1_194' title='bbox 56 1696 162 1733; x_wconf 88' lang='lat' dir='ltr'><strong>pore</strong></span> <span class='ocrx_word' id='word_1_195' title='bbox 186 1690 286 1722; x_wconf 87' lang='lat' dir='ltr'><strong>sunt</strong></span> <span class='ocrx_word' id='word_1_196' title='bbox 305 1685 408 1731; x_wconf 87' lang='lat' dir='ltr'><strong>nati,</strong></span> <span class='ocrx_word' id='word_1_197' title='bbox 434 1690 479 1721; x_wconf 91' lang='lat' dir='ltr'><strong>ut</strong></span> <span class='ocrx_word' id='word_1_198' title='bbox 496 1697 521 1722; x_wconf 87' lang='lat' dir='ltr'><strong>a</strong></span> <span class='ocrx_word' id='word_1_199' title='bbox 536 1686 697 1722; x_wconf 79' lang='lat' dir='ltr'><strong>nostris</strong></span> <span class='ocrx_word' id='word_1_200' title='bbox 718 1686 908 1735; x_wconf 88' lang='lat' dir='ltr'><strong>ingenue</strong></span> <span class='ocrx_word' id='word_1_201' title='bbox 927 1685 1039 1722; x_wconf 88' lang='lat' dir='ltr'><strong>adeo</strong></span> <span class='ocrx_word' id='word_1_202' title='bbox 1060 1685 1318 1733; x_wconf 68' lang='lat' dir='ltr'><strong>educantur,</strong></span> <span class='ocrx_word' id='word_1_203' title='bbox 1337 1687 1406 1735; x_wconf 91' lang='lat' dir='ltr'><strong>alij</strong></span> <span class='ocrx_word' id='word_1_204' title='bbox 1425 1687 1528 1724; x_wconf 82' lang='lat' dir='ltr'><strong>nihil</strong></span> <span class='ocrx_word' id='word_1_205' title='bbox 1547 1688 1684 1738; x_wconf 89' lang='lat' dir='ltr'><strong>magis</strong></span> 
     </span>
     <span class='ocr_line' id='line_1_23' title="bbox 56 1754 1685 1808; baseline 0.002 -16"><span class='ocrx_word' id='word_1_206' title='bbox 56 1754 222 1802; x_wconf 89' lang='lat' dir='ltr'><strong>dolent,</strong></span> <span class='ocrx_word' id='word_1_207' title='bbox 241 1768 369 1806; x_wconf 83' lang='lat' dir='ltr'><strong>quam</strong></span> <span class='ocrx_word' id='word_1_208' title='bbox 390 1755 507 1806; x_wconf 86' lang='lat' dir='ltr'><strong>quod</strong></span> <span class='ocrx_word' id='word_1_209' title='bbox 523 1756 715 1794; x_wconf 87' lang='lat' dir='ltr'><strong>nondum</strong></span> <span class='ocrx_word' id='word_1_210' title='bbox 734 1760 903 1794; x_wconf 89' lang='lat' dir='ltr'><strong>certum</strong></span> <span class='ocrx_word' id='word_1_211' title='bbox 920 1757 1159 1794; x_wconf 79' lang='lat' dir='ltr'><strong>habeamus</strong></span> <span class='ocrx_word' id='word_1_212' title='bbox 1177 1757 1460 1805; x_wconf 74' lang='lat' dir='ltr'><strong>domicilium3</strong></span> <span class='ocrx_word' id='word_1_213' title='bbox 1479 1758 1548 1806; x_wconf 88' lang='lat' dir='ltr'><strong>alij</strong></span> <span class='ocrx_word' id='word_1_214' title='bbox 1567 1759 1685 1808; x_wconf 88' lang='lat' dir='ltr'><strong>quod</strong></span> 
     </span>
     <span class='ocr_line' id='line_1_24' title="bbox 54 1827 1683 1877; baseline 0.002 -13"><span class='ocrx_word' id='word_1_215' title='bbox 54 1827 99 1865; x_wconf 91' lang='lat' dir='ltr'><strong>id</strong></span> <span class='ocrx_word' id='word_1_216' title='bbox 120 1828 259 1877; x_wconf 88' lang='lat' dir='ltr'><strong>ipsum</strong></span> <span class='ocrx_word' id='word_1_217' title='bbox 281 1828 467 1865; x_wconf 85' lang='lat' dir='ltr'><strong>maxime</strong></span> <span class='ocrx_word' id='word_1_218' title='bbox 489 1828 682 1875; x_wconf 85' lang='lat' dir='ltr'><strong>doleant,</strong></span> <span class='ocrx_word' id='word_1_219' title='bbox 708 1828 884 1866; x_wconf 89' lang='lat' dir='ltr'><strong>domum</strong></span> <span class='ocrx_word' id='word_1_220' title='bbox 907 1836 923 1852; x_wconf 77' lang='lat'><em>0</em></span> <span class='ocrx_word' id='word_1_221' title='bbox 945 1834 989 1866; x_wconf 88' lang='lat' dir='ltr'><strong>et</strong></span> <span class='ocrx_word' id='word_1_222' title='bbox 1012 1829 1245 1866; x_wconf 70' lang='lat' dir='ltr'><strong>ecclesiam</strong></span> <span class='ocrx_word' id='word_1_223' title='bbox 1269 1829 1372 1866; x_wconf 84' lang='lat' dir='ltr'><strong>satis</strong></span> <span class='ocrx_word' id='word_1_224' title='bbox 1409 1831 1683 1868; x_wconf 86' lang='lat' dir='ltr'><strong>commodam</strong></span> 
     </span>
     <span class='ocr_line' id='line_1_25' title="bbox 55 1898 1683 1950; baseline 0.002 -15"><span class='ocrx_word' id='word_1_225' title='bbox 55 1898 294 1936; x_wconf 87' lang='lat' dir='ltr'><strong>habeamus</strong></span> <span class='ocrx_word' id='word_1_226' title='bbox 316 1898 336 1923; x_wconf 77' lang='lat' dir='ltr'><strong>d</strong></span> <span class='ocrx_word' id='word_1_227' title='bbox 365 1899 559 1945; x_wconf 72' lang='lat' dir='ltr'><strong>student,</strong></span> <span class='ocrx_word' id='word_1_228' title='bbox 583 1899 661 1937; x_wconf 88' lang='lat' dir='ltr'><strong>sed</strong></span> <span class='ocrx_word' id='word_1_229' title='bbox 683 1900 795 1937; x_wconf 89' lang='lat' dir='ltr'><strong>inter</strong></span> <span class='ocrx_word' id='word_1_230' title='bbox 816 1900 897 1937; x_wconf 84' lang='lat' dir='ltr'><strong>hos</strong></span> <span class='ocrx_word' id='word_1_231' title='bbox 921 1900 983 1937; x_wconf 90' lang='lat' dir='ltr'><strong>uir</strong></span> <span class='ocrx_word' id='word_1_232' title='bbox 1005 1900 1194 1949; x_wconf 88' lang='lat' dir='ltr'><strong>quidam,</strong></span> <span class='ocrx_word' id='word_1_233' title='bbox 1220 1908 1264 1938; x_wconf 87' lang='lat' dir='ltr'><strong>et</strong></span> <span class='ocrx_word' id='word_1_234' title='bbox 1286 1899 1463 1950; x_wconf 81' lang='lat' dir='ltr'><strong>generis</strong></span> <span class='ocrx_word' id='word_1_235' title='bbox 1484 1901 1683 1939; x_wconf 86' lang='lat' dir='ltr'><strong>nobilita-</strong></span> 
     </span>
     <span class='ocr_line' id='line_1_26' title="bbox 56 1970 1683 2023; baseline 0.001 -15"><span class='ocrx_word' id='word_1_236' title='bbox 56 1975 100 2008; x_wconf 88' lang='lat' dir='ltr'><strong>te</strong></span> <span class='ocrx_word' id='word_1_237' title='bbox 124 1974 169 2008; x_wconf 90' lang='lat' dir='ltr'><strong>et</strong></span> <span class='ocrx_word' id='word_1_238' title='bbox 191 1970 309 2008; x_wconf 90' lang='lat' dir='ltr'><strong>uitae</strong></span> <span class='ocrx_word' id='word_1_239' title='bbox 332 1971 552 2021; x_wconf 90' lang='lat' dir='ltr'><strong>probitate</strong></span> <span class='ocrx_word' id='word_1_240' title='bbox 574 1972 615 2008; x_wconf 91' lang='lat' dir='ltr'><strong>in</strong></span> <span class='ocrx_word' id='word_1_241' title='bbox 651 1972 732 2008; x_wconf 90' lang='lat' dir='ltr'><strong>hac</strong></span> <span class='ocrx_word' id='word_1_242' title='bbox 767 1971 874 2009; x_wconf 82' lang='lat' dir='ltr'><strong>urbe</strong></span> <span class='ocrx_word' id='word_1_243' title='bbox 910 1972 1102 2022; x_wconf 86' lang='lat' dir='ltr'><strong>apprime</strong></span> <span class='ocrx_word' id='word_1_244' title='bbox 1127 1973 1269 2009; x_wconf 87' lang='lat' dir='ltr'><strong>clarus</strong></span> <span class='ocrx_word' id='word_1_245' title='bbox 1294 1977 1319 2018; x_wconf 90' lang='lat'><strong>¹,</strong></span> <span class='ocrx_word' id='word_1_246' title='bbox 1344 1972 1683 2023; x_wconf 79' lang='lat' dir='ltr'><strong>quadringento-</strong></span> 
     </span>
     <span class='ocr_line' id='line_1_27' title="bbox 56 2042 1682 2093; baseline 0.002 -14"><span class='ocrx_word' id='word_1_247' title='bbox 56 2055 150 2080; x_wconf 89' lang='lat' dir='ltr'><strong>rum</strong></span> <span class='ocrx_word' id='word_1_248' title='bbox 185 2054 418 2080; x_wconf 88' lang='lat' dir='ltr'><strong>aureorum</strong></span> <span class='ocrx_word' id='word_1_249' title='bbox 454 2042 629 2081; x_wconf 89' lang='lat' dir='ltr'><strong>redditu</strong></span> <span class='ocrx_word' id='word_1_250' title='bbox 665 2043 898 2093; x_wconf 85' lang='lat' dir='ltr'><strong>collegium</strong></span> <span class='ocrx_word' id='word_1_251' title='bbox 933 2050 1131 2081; x_wconf 81' lang='lat' dir='ltr'><strong>nostrum</strong></span> <span class='ocrx_word' id='word_1_252' title='bbox 1168 2044 1362 2081; x_wconf 84' lang='lat' dir='ltr'><strong>donauit.</strong></span> <span class='ocrx_word' id='word_1_253' title='bbox 1388 2044 1529 2082; x_wconf 84' lang='lat' dir='ltr'><strong>Ill.mus</strong></span> <span class='ocrx_word' id='word_1_254' title='bbox 1552 2045 1682 2082; x_wconf 89' lang='lat' dir='ltr'><strong>etiarn</strong></span> 
     </span>
     <span class='ocr_line' id='line_1_28' title="bbox 56 2114 1681 2166; baseline 0.002 -15"><span class='ocrx_word' id='word_1_255' title='bbox 56 2118 234 2151; x_wconf 88' lang='lat' dir='ltr'><strong>senatus</strong></span> <span class='ocrx_word' id='word_1_256' title='bbox 255 2126 342 2151; x_wconf 89' lang='lat' dir='ltr'><strong>non</strong></span> <span class='ocrx_word' id='word_1_257' title='bbox 365 2114 561 2164; x_wconf 86' lang='lat' dir='ltr'><strong>segniter</strong></span> <span class='ocrx_word' id='word_1_258' title='bbox 582 2120 776 2152; x_wconf 85' lang='lat' dir='ltr'><strong>nostram</strong></span> <span class='ocrx_word' id='word_1_259' title='bbox 798 2128 888 2152; x_wconf 84' lang='lat' dir='ltr'><strong>rem</strong></span> <span class='ocrx_word' id='word_1_260' title='bbox 911 2116 1016 2165; x_wconf 86' lang='lat' dir='ltr'><strong>agit,</strong></span> <span class='ocrx_word' id='word_1_261' title='bbox 1042 2115 1155 2153; x_wconf 80' lang='lat' dir='ltr'><strong>vnde</strong></span> <span class='ocrx_word' id='word_1_262' title='bbox 1180 2127 1405 2165; x_wconf 77' lang='lat' dir='ltr'><strong>speramus</strong></span> <span class='ocrx_word' id='word_1_263' title='bbox 1425 2116 1681 2166; x_wconf 89' lang='lat' dir='ltr'><strong>propediem</strong></span> 
     </span>
     <span class='ocr_line' id='line_1_29' title="bbox 56 2185 1682 2238; baseline 0.002 -16"><span class='ocrx_word' id='word_1_264' title='bbox 56 2186 290 2235; x_wconf 88' lang='lat' dir='ltr'><strong>collegium</strong></span> <span class='ocrx_word' id='word_1_265' title='bbox 313 2186 398 2223; x_wconf 92' lang='lat' dir='ltr'><strong>hoc</strong></span> <span class='ocrx_word' id='word_1_266' title='bbox 419 2198 645 2235; x_wconf 85' lang='lat' dir='ltr'><strong>genuense</strong></span> <span class='ocrx_word' id='word_1_267' title='bbox 669 2192 713 2223; x_wconf 90' lang='lat' dir='ltr'><strong>et</strong></span> <span class='ocrx_word' id='word_1_268' title='bbox 735 2185 865 2224; x_wconf 89' lang='lat' dir='ltr'><strong>domo</strong></span> <span class='ocrx_word' id='word_1_269' title='bbox 890 2192 934 2224; x_wconf 88' lang='lat' dir='ltr'><strong>et</strong></span> <span class='ocrx_word' id='word_1_270' title='bbox 956 2187 1146 2225; x_wconf 85' lang='lat' dir='ltr'><strong>ecclesia</strong></span> <span class='ocrx_word' id='word_1_271' title='bbox 1168 2199 1219 2224; x_wconf 90' lang='lat' dir='ltr'><strong>ac</strong></span> <span class='ocrx_word' id='word_1_272' title='bbox 1243 2186 1486 2225; x_wconf 76' lang='lat' dir='ltr'><strong>redditibus</strong></span> <span class='ocrx_word' id='word_1_273' title='bbox 1513 2188 1682 2238; x_wconf 79' lang='lat' dir='ltr'><strong>amplis-</strong></span> 
     </span>
     <span class='ocr_line' id='line_1_30' title="bbox 55 2256 1680 2308; baseline 0.001 -14"><span class='ocrx_word' id='word_1_274' title='bbox 55 2257 173 2294; x_wconf 79' lang='lat' dir='ltr'><strong>simis</strong></span> <span class='ocrx_word' id='word_1_275' title='bbox 213 2262 389 2294; x_wconf 88' lang='lat' dir='ltr'><strong>auctum</strong></span> <span class='ocrx_word' id='word_1_276' title='bbox 428 2257 498 2294; x_wconf 87' lang='lat' dir='ltr'><strong>iri.</strong></span> <span class='ocrx_word' id='word_1_277' title='bbox 548 2256 795 2307; x_wconf 69' lang='lat' dir='ltr'><strong>[Epistolae</strong></span> <span class='ocrx_word' id='word_1_278' title='bbox 833 2270 1029 2296; x_wconf 74' lang='lat' dir='ltr'><strong>summa.</strong></span> <span class='ocrx_word' id='word_1_279' title='bbox 1068 2258 1262 2297; x_wconf 70' lang='lat' dir='ltr'><strong>Precum</strong></span> <span class='ocrx_word' id='word_1_280' title='bbox 1293 2257 1579 2308; x_wconf 59' lang='lat' dir='ltr'><strong>postulantia]</strong></span> <span class='ocrx_word' id='word_1_281' title='bbox 1618 2260 1680 2296; x_wconf 80' lang='lat' dir='ltr'><strong>Ex</strong></span> 
     </span>
     <span class='ocr_line' id='line_1_31' title="bbox 54 2329 1680 2381; baseline 0.003 -16"><span class='ocrx_word' id='word_1_282' title='bbox 54 2333 204 2366; x_wconf 89' lang='lat' dir='ltr'><strong>nostro</strong></span> <span class='ocrx_word' id='word_1_283' title='bbox 227 2329 441 2379; x_wconf 89' lang='lat' dir='ltr'><strong>genuensi</strong></span> <span class='ocrx_word' id='word_1_284' title='bbox 463 2329 670 2380; x_wconf 90' lang='lat' dir='ltr'><strong>collegio,</strong></span> <span class='ocrx_word' id='word_1_285' title='bbox 694 2330 827 2367; x_wconf 88' lang='lat' dir='ltr'><strong>tertio</strong></span> <span class='ocrx_word' id='word_1_286' title='bbox 851 2329 941 2368; x_wconf 80' lang='lat' dir='ltr'><strong>Kls.</strong></span> <span class='ocrx_word' id='word_1_287' title='bbox 963 2330 1076 2381; x_wconf 89' lang='lat' dir='ltr'><strong>Junij</strong></span> <span class='ocrx_word' id='word_1_288' title='bbox 1119 2330 1232 2378; x_wconf 77' lang='lat'>1560.</span> <span class='ocrx_word' id='word_1_289' title='bbox 1271 2331 1334 2367; x_wconf 86' lang='lat' dir='ltr'><strong>Ex</strong></span> <span class='ocrx_word' id='word_1_290' title='bbox 1372 2333 1680 2370; x_wconf 81' lang='lat' dir='ltr'><strong>commissione</strong></span> 
     </span>
     <span class='ocr_line' id='line_1_32' title="bbox 55 2400 1583 2451; baseline 0.003 -14"><span class='ocrx_word' id='word_1_291' title='bbox 55 2400 102 2438; x_wconf 87' lang='lat' dir='ltr'><strong>R.</strong></span> <span class='ocrx_word' id='word_1_292' title='bbox 126 2423 176 2427; x_wconf 87' lang='lat'>—</span> <span class='ocrx_word' id='word_1_293' title='bbox 202 2423 246 2427; x_wconf 84' lang='lat'><em>-</em></span> <span class='ocrx_word' id='word_1_294' title='bbox 269 2401 318 2438; x_wconf 90' lang='lat' dir='ltr'><strong>T.</strong></span> <span class='ocrx_word' id='word_1_295' title='bbox 343 2401 390 2439; x_wconf 83' lang='lat' dir='ltr'><strong>R.</strong></span> <span class='ocrx_word' id='word_1_296' title='bbox 417 2402 462 2439; x_wconf 83' lang='lat' dir='ltr'><strong>P.</strong></span> <span class='ocrx_word' id='word_1_297' title='bbox 486 2401 599 2439; x_wconf 87' lang='lat' dir='ltr'><strong>filius</strong></span> <span class='ocrx_word' id='word_1_298' title='bbox 620 2400 823 2451; x_wconf 86' lang='lat' dir='ltr'><strong>indignus</strong></span> <span class='ocrx_word' id='word_1_299' title='bbox 846 2406 889 2438; x_wconf 87' lang='lat' dir='ltr'><strong>et</strong></span> <span class='ocrx_word' id='word_1_300' title='bbox 911 2414 1065 2439; x_wconf 79' lang='lat' dir='ltr'><strong>seruus</strong></span> <span class='ocrx_word' id='word_1_301' title='bbox 1085 2402 1386 2441; x_wconf 80' lang='lat' dir='ltr'><strong>inutilissimus</strong></span> <span class='ocrx_word' id='word_1_302' title='bbox 1407 2405 1450 2442; x_wconf 93' lang='lat' dir='ltr'><strong>in</strong></span> <span class='ocrx_word' id='word_1_303' title='bbox 1471 2405 1583 2442; x_wconf 90' lang='lat' dir='ltr'><strong>Dno.</strong></span> 
     </span>
    </p>
   </div>
   <div class='ocr_carea' id='block_1_3' title="bbox 1175 2493 1561 2532">
    <p class='ocr_par' dir='ltr' id='par_1_4' title="bbox 1175 2493 1561 2532">
     <span class='ocr_line' id='line_1_33' title="bbox 1175 2493 1561 2532; baseline 0.003 -2"><span class='ocrx_word' id='word_1_304' title='bbox 1175 2493 1369 2531; x_wconf 77' lang='lat' dir='ltr'>MlCHAEL</span> <span class='ocrx_word' id='word_1_305' title='bbox 1399 2493 1506 2532; x_wconf 84' lang='lat' dir='ltr'><strong>SPEs</strong></span> <span class='ocrx_word' id='word_1_306' title='bbox 1536 2495 1561 2531; x_wconf 73' lang='lat'><strong>2.</strong></span> 
     </span>
    </p>
   </div>
   <div class='ocr_carea' id='block_1_4' title="bbox 54 2608 1678 2714">
    <p class='ocr_par' dir='ltr' id='par_1_5' title="bbox 54 2608 1678 2714">
     <span class='ocr_line' id='line_1_34' title="bbox 99 2608 1678 2657; baseline 0.001 -10"><span class='ocrx_word' id='word_1_307' title='bbox 99 2609 118 2629; x_wconf 85' lang='lat' dir='ltr'><strong>a</strong></span> <span class='ocrx_word' id='word_1_308' title='bbox 168 2609 353 2647; x_wconf 81' lang='lat' dir='ltr'><strong>Emend.</strong></span> <span class='ocrx_word' id='word_1_309' title='bbox 389 2619 440 2646; x_wconf 84' lang='lat' dir='ltr'><strong>ex</strong></span> <span class='ocrx_word' id='word_1_310' title='bbox 473 2608 636 2656; x_wconf 89' lang='lat' dir='ltr'><strong>nequid.</strong></span> <span class='ocrx_word' id='word_1_311' title='bbox 723 2609 788 2635; x_wconf 80' lang='lat' dir='ltr'><strong>-b</strong></span> <span class='ocrx_word' id='word_1_312' title='bbox 828 2609 966 2646; x_wconf 80' lang='lat' dir='ltr'><strong>Prius</strong></span> <span class='ocrx_word' id='word_1_313' title='bbox 999 2609 1122 2646; x_wconf 87' lang='lat' dir='ltr'><strong>addit.</strong></span> <span class='ocrx_word' id='word_1_314' title='bbox 1204 2618 1268 2636; x_wconf 80' lang='lat'><strong>—0</strong></span> <span class='ocrx_word' id='word_1_315' title='bbox 1301 2611 1392 2657; x_wconf 79' lang='lat' dir='ltr'><strong>Seq.</strong></span> <span class='ocrx_word' id='word_1_316' title='bbox 1430 2611 1514 2649; x_wconf 85' lang='lat' dir='ltr'><strong>del.</strong></span> <span class='ocrx_word' id='word_1_317' title='bbox 1551 2611 1678 2649; x_wconf 86' lang='lat' dir='ltr'><strong>nobis.</strong></span> 
     </span>
     <span class='ocr_line' id='line_1_35' title="bbox 54 2668 872 2714; baseline -0.002 -8"><span class='ocrx_word' id='word_1_318' title='bbox 54 2669 121 2694; x_wconf 74' lang='grc' dir='ltr'><strong>-ᾱ</strong></span> <span class='ocrx_word' id='word_1_319' title='bbox 141 2668 342 2713; x_wconf 83' lang='lat' dir='ltr'><strong>Emend.,</strong></span> <span class='ocrx_word' id='word_1_320' title='bbox 363 2672 412 2706; x_wconf 84' lang='lat' dir='ltr'><strong>ut</strong></span> <span class='ocrx_word' id='word_1_321' title='bbox 428 2668 617 2714; x_wconf 78' lang='lat' dir='ltr'><strong>videtur,</strong></span> <span class='ocrx_word' id='word_1_322' title='bbox 639 2679 689 2705; x_wconf 87' lang='lat' dir='ltr'><strong>ex</strong></span> <span class='ocrx_word' id='word_1_323' title='bbox 707 2668 872 2705; x_wconf 88' lang='lat' dir='ltr'><strong>habere.</strong></span> 
     </span>
    </p>
   </div>
   <div class='ocr_carea' id='block_1_5' title="bbox 51 2781 1680 2949">
    <p class='ocr_par' dir='ltr' id='par_1_6' title="bbox 51 2781 1680 2949">
     <span class='ocr_line' id='line_1_36' title="bbox 100 2781 1679 2829; baseline 0.003 -10"><span class='ocrx_word' id='word_1_324' title='bbox 100 2784 109 2803; x_wconf 91' lang='lat'>¹</span> <span class='ocrx_word' id='word_1_325' title='bbox 162 2782 314 2820; x_wconf 88' lang='lat' dir='ltr'><strong>Paulus</strong></span> <span class='ocrx_word' id='word_1_326' title='bbox 334 2782 473 2819; x_wconf 89' lang='lat' dir='ltr'><strong>Doria.</strong></span> <span class='ocrx_word' id='word_1_327' title='bbox 495 2782 558 2820; x_wconf 80' lang='lat' dir='ltr'><strong>Cf.</strong></span> <span class='ocrx_word' id='word_1_328' title='bbox 579 2781 730 2823; x_wconf 69' lang='lat' dir='ltr'><strong>Mom,</strong></span> <span class='ocrx_word' id='word_1_329' title='bbox 762 2782 827 2819; x_wconf 79' lang='lat' dir='ltr'><strong>La</strong></span> <span class='ocrx_word' id='word_1_330' title='bbox 858 2783 1127 2829; x_wconf 78' lang='lat' dir='ltr'><strong>Compagnz·a</strong></span> <span class='ocrx_word' id='word_1_331' title='bbox 1154 2784 1205 2821; x_wconf 88' lang='lat' dir='ltr'><strong>di</strong></span> <span class='ocrx_word' id='word_1_332' title='bbox 1230 2784 1341 2821; x_wconf 76' lang='lat' dir='ltr'><strong>Gesit</strong></span> <span class='ocrx_word' id='word_1_333' title='bbox 1368 2786 1441 2822; x_wconf 83' lang='lat' dir='ltr'><strong>nel</strong></span> <span class='ocrx_word' id='word_1_334' title='bbox 1465 2787 1679 2823; x_wconf 72' lang='lat' dir='ltr'><strong>territorio</strong></span> 
     </span>
     <span class='ocr_line' id='line_1_37' title="bbox 52 2841 1680 2893; baseline 0.002 -13"><span class='ocrx_word' id='word_1_335' title='bbox 52 2842 170 2880; x_wconf 84' lang='lat' dir='ltr'><strong>della</strong></span> <span class='ocrx_word' id='word_1_336' title='bbox 196 2843 431 2880; x_wconf 81' lang='lat' dir='ltr'><strong>Provincia</strong></span> <span class='ocrx_word' id='word_1_337' title='bbox 459 2843 653 2883; x_wconf 80' lang='lat' dir='ltr'><strong>torinese,</strong></span> <span class='ocrx_word' id='word_1_338' title='bbox 683 2841 711 2886; x_wconf 90' lang='lat' dir='ltr'><strong>l,</strong></span> <span class='ocrx_word' id='word_1_339' title='bbox 737 2842 796 2887; x_wconf 82' lang='lat'><strong>51;</strong></span> <span class='ocrx_word' id='word_1_340' title='bbox 817 2841 885 2879; x_wconf 91' lang='lat' dir='ltr'><strong>ubi</strong></span> <span class='ocrx_word' id='word_1_341' title='bbox 905 2841 1026 2878; x_wconf 83' lang='lat' dir='ltr'><strong>etiam</strong></span> <span class='ocrx_word' id='word_1_342' title='bbox 1047 2848 1266 2880; x_wconf 83' lang='lat' dir='ltr'><strong>narrantur</strong></span> <span class='ocrx_word' id='word_1_343' title='bbox 1285 2844 1559 2889; x_wconf 80' lang='lat' dir='ltr'><strong>difficultates,</strong></span> <span class='ocrx_word' id='word_1_344' title='bbox 1580 2857 1680 2893; x_wconf 91' lang='lat' dir='ltr'><strong>quas</strong></span> 
     </span>
     <span class='ocr_line' id='line_1_38' title="bbox 51 2901 1569 2949; baseline 0.002 -10"><span class='ocrx_word' id='word_1_345' title='bbox 51 2914 261 2948; x_wconf 87' lang='lat' dir='ltr'><strong>genuense</strong></span> <span class='ocrx_word' id='word_1_346' title='bbox 280 2902 496 2949; x_wconf 86' lang='lat' dir='ltr'><strong>collegium</strong></span> <span class='ocrx_word' id='word_1_347' title='bbox 516 2901 651 2939; x_wconf 87' lang='lat' dir='ltr'><strong>subire</strong></span> <span class='ocrx_word' id='word_1_348' title='bbox 671 2901 809 2938; x_wconf 88' lang='lat' dir='ltr'><strong>debuit</strong></span> <span class='ocrx_word' id='word_1_349' title='bbox 830 2901 1062 2948; x_wconf 86' lang='lat' dir='ltr'><strong>priusquam</strong></span> <span class='ocrx_word' id='word_1_350' title='bbox 1081 2901 1180 2939; x_wconf 85' lang='lat' dir='ltr'><strong>fixas</strong></span> <span class='ocrx_word' id='word_1_351' title='bbox 1198 2903 1317 2941; x_wconf 87' lang='lat' dir='ltr'><strong>sedes</strong></span> <span class='ocrx_word' id='word_1_352' title='bbox 1335 2904 1569 2943; x_wconf 85' lang='lat' dir='ltr'><strong>obtinuerit.</strong></span> 
     </span>
    </p>
   </div>
   <div class='ocr_carea' id='block_1_6' title="bbox 99 2962 430 3010">
    <p class='ocr_par' dir='ltr' id='par_1_7' title="bbox 99 2962 430 3010">
     <span class='ocr_line' id='line_1_39' title="bbox 99 2962 430 3010; baseline 0.003 -11"><span class='ocrx_word' id='word_1_353' title='bbox 99 2962 112 2981; x_wconf 71' lang='lat'>⁹</span> <span class='ocrx_word' id='word_1_354' title='bbox 163 2962 271 3000; x_wconf 78' lang='lat' dir='ltr'><strong>vide</strong></span> <span class='ocrx_word' id='word_1_355' title='bbox 290 2976 327 3010; x_wconf 81' lang='lat' dir='ltr'><strong>p.</strong></span> <span class='ocrx_word' id='word_1_356' title='bbox 347 2963 430 3000; x_wconf 78' lang='lat'>349.</span> 
     </span>
    </p>
   </div>
  </div>
 </body>
</html>
