1908 3446
560 185 923 225 286-02151120N13
947 184 994 221 ‘20
1014 183 1125 231 JULn
1158 182 1245 220 1559
1599 181 1669 217 279

92 294 253 340 cietati,
275 298 322 331 vt
344 292 591 338 videbatur,
616 291 825 335 deuotus,
855 287 926 325 alii
946 291 1179 337 praeterea
1200 286 1244 323 S.
1266 283 1560 334 inquisitionis
1577 283 1718 321 minis-

91 368 158 406 tri.
183 367 270 405 Iam
302 377 408 403 vero
441 363 571 401 Vtiles
609 374 708 400 esse
737 358 978 399 conciones
1010 369 1093 407 ego
1130 355 1231 394 inde
1264 355 1474 405 colligere
1506 354 1717 397 solebam,

91 437 206 490 quod
226 437 482 488 frequenter
504 438 752 485 gemerent,
777 430 1059 481 suspirarent,
1086 432 1130 465 et
1151 439 1460 477 nonnunquam
1483 426 1720 475 lachryma-

92 515 253 549 rentur.
279 506 450 546 Vtinam
482 507 602 544 Deus
624 504 794 542 auferat
816 502 1019 539 velamen
1041 499 1095 537 de
1128 498 1334 536 cordibus
1365 510 1517 535 eorum
1550 498 1574 534 ¹.
1599 497 1723 534 Haec

93 581 146 620 de
167 580 233 619 his
254 579 296 618 in
316 589 484 630 genere
515 574 749 615 scribenda
781 577 918 611 erant.
951 570 1148 609 Scribam
1183 582 1298 608 nunc
1320 568 1374 608 de
1404 567 1456 607 iis
1477 580 1588 618 quae
1618 566 1722 606 foris

92 654 132 691 in
159 652 267 690 vrbe
290 655 492 702 aguntur.

150 734 209 762 10.
269 723 316 761 In
355 720 502 773 primis
542 724 757 758 vocantur
794 718 1048 768 frequenter
1089 716 1243 753 Patres
1282 712 1336 751 ad
1375 716 1600 763 aegrot03‚
1638 723 1723 748 ma-

94 796 206 835 xime
236 794 470 846 populares
493 797 537 830 et
571 791 770 842 plebeos,
807 789 978 841 quibus,
1013 787 1047 826 si
1075 800 1147 825 res
1177 786 1236 825 ita
1265 784 1476 836 postulet,
1509 788 1609 834 post
1643 781 1724 832 spi-

93 867 291 906 ritualem
328 866 457 904 etiam
493 863 782 914 temporalem
820 874 948 912 opem
982 861 1144 899 ferunt.
1181 858 1291 897 Sunt
1327 856 1441 894 enim
1476 854 1557 893 viri
1591 853 1725 892 deuo-

93 939 125 977 ti
155 939 320 989 aliquot
336 939 406 988 qui
443 937 631 975 libenter
667 935 721 973 ad
755 935 798 973 id
833 932 1085 972 necessaria
1111 929 1404 982 suppeditant.
1440 926 1727 966 Morientibus

94 1010 267 1049 assidue
308 1008 479 1047 adsunt.
517 1007 580 1045 Ad
622 1005 950 1057 componendas
990 1005 1096 1043 item
1136 1015 1188 1041 ac
1226 1000 1443 1040 sedandas
1482 997 1727 1038 inimicitias

96 1095 182 1121 non
218 1092 314 1119 raro
347 1084 648 1118 accersuntur.
683 1077 849 1128 Accepi
883 1089 968 1127 ego
992 1077 1104 1114 inter
1136 1074 1297 1112 multos
1329 1069 1605 1111 conciliatam
1629 1081 1728 1107 esse

98 1165 251 1205 pacem
273 1165 298 1190 a
326 1151 488 1189 nostris
510 1149 725 1189 Patribus.
749 1150 989 1187 Praeterea
1010 1146 1294 1186 consolantur
1317 1144 1481 1190 tristes,
1514 1154 1598 1193 qua
1618 1140 1660 1179 in
1682 1152 1729 1178 re

97 1227 234 1265 Deum
257 1224 422 1262 habent
444 1234 619 1273 semper
640 1220 893 1272 propitium3
918 1219 1042 1258 cuius
1066 1231 1150 1270 ego
1174 1217 1239 1256 rei
1259 1215 1388 1254 testis
1412 1227 1511 1253 esse
1534 1226 1727 1265 possum.

95 1296 229 1347 Virgo
251 1294 467 1345 quaedam
488 1292 604 1331 haud
628 1292 816 1331 obscuro
839 1291 939 1329 loco
970 1295 1072 1328 nata
1093 1293 1215 1328 tanto
1244 1298 1451 1326 moerore
1473 1298 1524 1324 ac
1554 1283 1730 1323 tristitia

97 1368 152 1406 ob
173 1370 360 1405 mortem
390 1364 560 1416 pueruli
583 1363 823 1410 cuiusdam,
858 1362 1032 1413 nepotis
1054 1359 1134 1408 sui,
1166 1360 1312 1398 fuerat
1332 1358 1508 1405 affecta,
1533 1361 1579 1395 vt
1610 1356 1730 1407 quin-

97 1451 180 1490 que
202 1443 275 1476 aut
296 1449 375 1476 sex
397 1436 492 1474 dies
521 1448 606 1474 nec
628 1434 903 1481 comederet,
927 1445 1011 1471 nec
1032 1432 1086 1471 ad
1109 1430 1433 1470 comedendum
1454 1427 1613 1468 adduci
1633 1441 1730 1479 pos-

99 1515 179 1548 set.
204 1508 271 1547 Ad
298 1509 410 1546 hanc
441 1512 626 1545 vocatus
656 1507 788 1544 Pater
819 1509 967 1544 rector
989 1504 1105 1542 illico
1140 1506 1187 1540 vt
1218 1500 1478 1540 comederet
1497 1500 1729 1552 persuasit,

97 1581 381 1633 promisitque
403 1579 529 1630 virgo
553 1586 570 1603 ὃ
593 1590 639 1616 se
661 1575 875 1629 postridie
899 1576 992 1615 eius
1013 1574 1099 1614 diei
1122 1574 1438 1613 confessuram.
1465 1570 1731 1611 Admirabile

98 1651 288 1703 quidem.
316 1651 458 1701 Quam
481 1648 595 1687 enim
618 1661 701 1687 nec
721 1660 894 1699 preces,
926 1659 1009 1685 nec
1031 1646 1280 1696 lachrymae
1302 1644 1452 1683 matris
1473 1648 1549 1683 aut
1570 1656 1730 1694 cogna-

102 1729 242 1762 torum
279 1721 507 1761 suasiones
530 1723 880 1766 commouerant,
911 1731 996 1757 vna
1024 1717 1277 1769 passionum
1306 1714 1468 1756 Christi
1496 1716 1733 1754 sacratissi-

100 1806 284 1845 maeque
307 1795 475 1833 MARIAE
496 1792 677 1843 virginis
700 1791 901 1830 dolorum
925 1787 1288 1828 commemoratio
1309 1787 1544 1839 permouit.

157 1877 216 1904 11.
276 1865 342 1904 Ac
360 1877 412 1902 ea
432 1862 606 1915 quidem
629 1875 743 1915 quae
763 1862 871 1901 foris
892 1861 934 1900 in
955 1862 1064 1900 vrbe
1086 1865 1274 1912 aguntur
1297 1860 1360 1899 sic
1379 1860 1560 1906 habent3
1583 1859 1733 1910 accipe

101 1950 215 1977 nunc
236 1936 292 1975 de
324 1935 500 1987 collegii
522 1935 703 1986 templo,
727 1947 779 1973 ac
812 1934 952 1986 primo
975 1933 1030 1972 de
1060 1936 1436 1971 sacramentorum
1465 1929 1735 1970 administra-

102 2009 223 2047 tione
247 2012 291 2046 et
314 2006 616 2053 concionibus,
641 2011 731 2044 tum
753 2005 808 2044 de
843 2006 862 2030 b
880 2008 1051 2044 ornatu.
1074 2003 1328 2042 Concursus
1349 2002 1573 2041 hominum
1597 2001 1736 2040 omnis

101 2080 292 2132 generis,
317 2078 583 2118 conditionis
607 2083 651 2116 et
686 2077 845 2116 aetatis
866 2076 920 2115 ad
943 2080 1218 2114 sacramenta
1245 2079 1290 2113 et
1311 2074 1552 2113 conciones
1575 2078 1643 2112 est
1663 2072 1736 2111 ad-

102 2150 276 2190 modum
298 2150 523 2201 frequens,
549 2153 593 2187 et
612 2148 888 2199 frequentior
911 2160 1009 2186 cum
1028 2146 1220 2186 occurrit
1242 2145 1418 2197 aliquod
1450 2145 1629 2184 celebre
1651 2144 1734 2183 fes-

103 2229 207 2270 tum,
230 2226 433 2273 tempore
455 2221 820 2273 quadragesimae
850 2226 894 2259 et
926 2219 1121 2270 jubilaei.
1148 2218 1326 2257 Plurimi
1360 2223 1459 2256 sunt
1480 2217 1554 2269 qui
1576 2222 1735 2256 octauo

103 2306 278 2345 quoque
300 2293 370 2332 die
394 2293 735 2352 communicant,
767 2293 915 2344 plures
945 2291 1017 2342 qui
1052 2291 1136 2340 15.⁰
1171 2295 1245 2329 aut
1280 2289 1461 2340 singulis
1496 2289 1734 2335 mensibus,

105 2371 234 2418 atque
255 2365 298 2404 id
320 2354 479 2416 magno
499 2378 597 2404 cum
618 2364 762 2403 fructu
780 2369 824 2403 et
847 2363 1164 2410 emolumento,
1183 2368 1231 2401 vt
1252 2375 1323 2401 res
1344 2361 1437 2413 ipsa
1452 2361 1631 2400 indicat.
1656 2361 1738 2399 Be-

105 2436 261 2475 neficio
286 2437 400 2475 enim
423 2435 711 2486 quorumdam
733 2435 806 2487 qui
826 2434 988 2474 nostris
1009 2434 1213 2472 Patribus
1235 2433 1515 2479 confitentur,
1539 2431 1594 2470 ad
1623 2432 1739 2470 hunc

105 2522 228 2548 vsum
248 2509 435 2561 pecunia
458 2508 632 2556 collata,
652 2508 857 2546 nonullae
879 2506 1073 2558 virgines
1094 2506 1349 2558 parentibus
1369 2506 1503 2543 orbae
1526 2505 1568 2542 in
1595 2505 1738 2542 matri-

107 2580 299 2619 monium
317 2580 563 2618 collocatae
582 2581 692 2618 sunt.
714 2580 995 2630 Interrogare
1015 2578 1129 2617 enim
1152 2590 1284 2629 saepe
1307 2577 1425 2616 soliti
1446 2581 1545 2615 sunt
1566 2575 1738 2627 quidam

107 2657 393 2699 mercatores,
438 2651 595 2701 quibus
631 2656 729 2690 sunt
765 2650 871 2689 satis
909 2649 1079 2701 amplae
1118 2649 1368 2696 facultates,
1405 2649 1448 2687 in
1482 2660 1609 2699 quam
1647 2659 1739 2685 rem

153 2832 172 2852 ³·
220 2831 338 2870 Add.
357 2835 496 2878 supra
514 2840 623 2869 vers.
676 2831 743 2857 -b
764 2829 813 2867 de
831 2833 970 2876 supra
988 2838 1099 2866 vers.

161 3008 168 3028 ¹
222 3005 287 3045 Cf.
306 3005 343 3044 II
380 3005 498 3051 Con„
519 3004 588 3048 ΙΙΙ,
613 3005 668 3050 15,
690 3003 747 3042 16.
