<?xml version="1.0" encoding="UTF-8"?>
<!DOCTYPE html PUBLIC "-//W3C//DTD XHTML 1.0 Transitional//EN"
    "http://www.w3.org/TR/xhtml1/DTD/xhtml1-transitional.dtd">
<html xmlns="http://www.w3.org/1999/xhtml" xml:lang="en" lang="en">
 <head>
  <title>
</title>
<meta http-equiv="Content-Type" content="text/html;charset=utf-8" />
  <meta name='ocr-system' content='tesseract 3.04.00' />
  <meta name='ocr-capabilities' content='ocr_page ocr_carea ocr_par ocr_line ocrx_word'/>
</head>
<body>
  <div class='ocr_page' id='page_1' title='image "./litteraequadrime1806lain_0804.png"; bbox 0 0 1908 3446; ppageno 0'>
   <div class='ocr_carea' id='block_1_1' title="bbox 212 143 1278 191">
    <p class='ocr_par' dir='ltr' id='par_1_1' title="bbox 212 143 1278 191">
     <span class='ocr_line' id='line_1_1' title="bbox 212 143 1278 191; baseline 0.003 -12"><span class='ocrx_word' id='word_1_1' title='bbox 212 143 281 179; x_wconf 65' lang='lat'>784</span> <span class='ocrx_word' id='word_1_2' title='bbox 680 145 899 181; x_wconf 81' lang='lat' dir='ltr'>L1TTERAE</span> <span class='ocrx_word' id='word_1_3' title='bbox 926 145 1278 191; x_wconf 73' lang='lat' dir='ltr'>QUADfflMEs&#39;rREs</span> 
     </span>
    </p>
   </div>
   <div class='ocr_carea' id='block_1_2' title="bbox 156 245 1790 2580">
    <p class='ocr_par' dir='ltr' id='par_1_2' title="bbox 156 245 1790 2218">
     <span class='ocr_line' id='line_1_2' title="bbox 165 245 1788 297; baseline 0.001 -14"><span class='ocrx_word' id='word_1_4' title='bbox 165 245 435 295; x_wconf 80' lang='lat' dir='ltr'>grammatici</span> <span class='ocrx_word' id='word_1_5' title='bbox 456 253 569 292; x_wconf 88' lang='lat' dir='ltr'>sunt,</span> <span class='ocrx_word' id='word_1_6' title='bbox 593 246 676 284; x_wconf 87' lang='lat' dir='ltr'>iam</span> <span class='ocrx_word' id='word_1_7' title='bbox 698 247 801 284; x_wconf 84' lang='lat' dir='ltr'>satis</span> <span class='ocrx_word' id='word_1_8' title='bbox 824 246 976 284; x_wconf 88' lang='lat' dir='ltr'>doctas</span> <span class='ocrx_word' id='word_1_9' title='bbox 998 247 1214 285; x_wconf 89' lang='lat' dir='ltr'>lectiones</span> <span class='ocrx_word' id='word_1_10' title='bbox 1236 246 1429 293; x_wconf 90' lang='lat' dir='ltr'>audiunt,</span> <span class='ocrx_word' id='word_1_11' title='bbox 1455 252 1498 285; x_wconf 89' lang='lat' dir='ltr'>et</span> <span class='ocrx_word' id='word_1_12' title='bbox 1520 248 1623 294; x_wconf 88' lang='lat' dir='ltr'>suis,</span> <span class='ocrx_word' id='word_1_13' title='bbox 1646 252 1693 285; x_wconf 89' lang='lat' dir='ltr'>vt</span> <span class='ocrx_word' id='word_1_14' title='bbox 1713 259 1788 297; x_wconf 90' lang='lat' dir='ltr'>par</span> 
     </span>
     <span class='ocr_line' id='line_1_3' title="bbox 165 317 1788 369; baseline 0.001 -15"><span class='ocrx_word' id='word_1_15' title='bbox 165 322 246 364; x_wconf 86' lang='lat' dir='ltr'>est,</span> <span class='ocrx_word' id='word_1_16' title='bbox 289 317 558 355; x_wconf 88' lang='lat' dir='ltr'>satisfaciunt</span> <span class='ocrx_word' id='word_1_17' title='bbox 598 318 971 367; x_wconf 68' lang='lat' dir='ltr'>praeceptoribus,</span> <span class='ocrx_word' id='word_1_18' title='bbox 1014 318 1133 355; x_wconf 86' lang='lat' dir='ltr'>Alias</span> <span class='ocrx_word' id='word_1_19' title='bbox 1173 318 1345 356; x_wconf 87' lang='lat' dir='ltr'>scholas</span> <span class='ocrx_word' id='word_1_20' title='bbox 1383 323 1562 369; x_wconf 90' lang='lat' dir='ltr'>propter</span> <span class='ocrx_word' id='word_1_21' title='bbox 1600 318 1788 368; x_wconf 90' lang='lat' dir='ltr'>inopiam</span> 
     </span>
     <span class='ocr_line' id='line_1_4' title="bbox 165 387 1787 439; baseline 0 -13"><span class='ocrx_word' id='word_1_22' title='bbox 165 393 447 426; x_wconf 86' lang='lat' dir='ltr'>externorum</span> <span class='ocrx_word' id='word_1_23' title='bbox 484 389 745 426; x_wconf 77' lang='lat' dir='ltr'>scholarium</span> <span class='ocrx_word' id='word_1_24' title='bbox 780 400 867 425; x_wconf 93' lang='lat' dir='ltr'>non</span> <span class='ocrx_word' id='word_1_25' title='bbox 897 388 1125 433; x_wconf 83' lang='lat' dir='ltr'>habemus,</span> <span class='ocrx_word' id='word_1_26' title='bbox 1160 401 1256 426; x_wconf 89' lang='lat' dir='ltr'>cum</span> <span class='ocrx_word' id='word_1_27' title='bbox 1287 389 1328 426; x_wconf 89' lang='lat' dir='ltr'>in</span> <span class='ocrx_word' id='word_1_28' title='bbox 1359 389 1444 427; x_wconf 92' lang='lat' dir='ltr'>hoc</span> <span class='ocrx_word' id='word_1_29' title='bbox 1479 387 1787 439; x_wconf 85' lang='lat' dir='ltr'>angustissimo</span> 
     </span>
     <span class='ocr_line' id='line_1_5' title="bbox 166 459 1790 510; baseline 0 -13"><span class='ocrx_word' id='word_1_30' title='bbox 166 459 370 510; x_wconf 86' lang='lat' dir='ltr'>oppidulo</span> <span class='ocrx_word' id='word_1_31' title='bbox 401 460 505 497; x_wconf 90' lang='lat' dir='ltr'>nulli</span> <span class='ocrx_word' id='word_1_32' title='bbox 540 460 638 503; x_wconf 69' lang='lat' dir='ltr'>sint,</span> <span class='ocrx_word' id='word_1_33' title='bbox 672 459 742 508; x_wconf 87' lang='lat' dir='ltr'>qui</span> <span class='ocrx_word' id='word_1_34' title='bbox 772 459 909 497; x_wconf 87' lang='lat' dir='ltr'>literis</span> <span class='ocrx_word' id='word_1_35' title='bbox 942 471 1117 508; x_wconf 83' lang='lat' dir='ltr'>operam</span> <span class='ocrx_word' id='word_1_36' title='bbox 1150 459 1268 497; x_wconf 87' lang='lat' dir='ltr'>dent.</span> <span class='ocrx_word' id='word_1_37' title='bbox 1294 461 1379 497; x_wconf 88' lang='lat' dir='ltr'>Res</span> <span class='ocrx_word' id='word_1_38' title='bbox 1401 465 1496 498; x_wconf 91' lang='lat' dir='ltr'>tota</span> <span class='ocrx_word' id='word_1_39' title='bbox 1517 459 1657 510; x_wconf 88' lang='lat' dir='ltr'>agitur</span> <span class='ocrx_word' id='word_1_40' title='bbox 1678 459 1790 497; x_wconf 89' lang='lat' dir='ltr'>intra</span> 
     </span>
     <span class='ocr_line' id='line_1_6' title="bbox 162 530 1789 581; baseline 0 -13"><span class='ocrx_word' id='word_1_41' title='bbox 162 530 356 580; x_wconf 87' lang='lat' dir='ltr'>priuatos</span> <span class='ocrx_word' id='word_1_42' title='bbox 377 532 582 581; x_wconf 71' lang='lat' dir='ltr'>parietes,</span> <span class='ocrx_word' id='word_1_43' title='bbox 608 536 761 579; x_wconf 84' lang='lat' dir='ltr'>estque</span> <span class='ocrx_word' id='word_1_44' title='bbox 784 530 825 567; x_wconf 90' lang='lat' dir='ltr'>in</span> <span class='ocrx_word' id='word_1_45' title='bbox 847 530 930 568; x_wconf 89' lang='lat' dir='ltr'>hac</span> <span class='ocrx_word' id='word_1_46' title='bbox 950 535 1117 568; x_wconf 88' lang='lat' dir='ltr'>tantum</span> <span class='ocrx_word' id='word_1_47' title='bbox 1140 543 1185 568; x_wconf 94' lang='lat' dir='ltr'>re</span> <span class='ocrx_word' id='word_1_48' title='bbox 1210 530 1410 569; x_wconf 83' lang='lat' dir='ltr'>Societas</span> <span class='ocrx_word' id='word_1_49' title='bbox 1433 530 1513 568; x_wconf 83' lang='lat' dir='ltr'>sibi</span> <span class='ocrx_word' id='word_1_50' title='bbox 1541 530 1688 580; x_wconf 87' lang='lat' dir='ltr'>potius</span> <span class='ocrx_word' id='word_1_51' title='bbox 1709 530 1789 568; x_wconf 90' lang='lat' dir='ltr'>vti-</span> 
     </span>
     <span class='ocr_line' id='line_1_7' title="bbox 163 601 1788 653; baseline 0.001 -15"><span class='ocrx_word' id='word_1_52' title='bbox 163 601 212 638; x_wconf 88' lang='lat' dir='ltr'>lis</span> <span class='ocrx_word' id='word_1_53' title='bbox 234 613 360 651; x_wconf 90' lang='lat' dir='ltr'>quam</span> <span class='ocrx_word' id='word_1_54' title='bbox 382 603 490 649; x_wconf 77' lang='lat' dir='ltr'>aliis3</span> <span class='ocrx_word' id='word_1_55' title='bbox 513 602 709 653; x_wconf 82' lang='lat' dir='ltr'>quamuis</span> <span class='ocrx_word' id='word_1_56' title='bbox 728 601 898 639; x_wconf 87' lang='lat' dir='ltr'>duobus</span> <span class='ocrx_word' id='word_1_57' title='bbox 918 602 1117 650; x_wconf 77' lang='lat' dir='ltr'>proxime</span> <span class='ocrx_word' id='word_1_58' title='bbox 1138 602 1295 652; x_wconf 89' lang='lat' dir='ltr'>elapsis</span> <span class='ocrx_word' id='word_1_59' title='bbox 1316 602 1553 649; x_wconf 89' lang='lat' dir='ltr'>mensibus,</span> <span class='ocrx_word' id='word_1_60' title='bbox 1573 615 1658 652; x_wconf 86' lang='lat' dir='ltr'>quo</span> <span class='ocrx_word' id='word_1_61' title='bbox 1680 606 1788 640; x_wconf 91' lang='lat' dir='ltr'>tem-</span> 
     </span>
     <span class='ocr_line' id='line_1_8' title="bbox 163 672 1790 722; baseline 0 -12"><span class='ocrx_word' id='word_1_62' title='bbox 163 684 268 722; x_wconf 87' lang='lat' dir='ltr'>pore</span> <span class='ocrx_word' id='word_1_63' title='bbox 290 673 427 710; x_wconf 81' lang='lat' dir='ltr'>nostri</span> <span class='ocrx_word' id='word_1_64' title='bbox 451 672 647 721; x_wconf 83' lang='lat' dir='ltr'>Recinetj</span> <span class='ocrx_word' id='word_1_65' title='bbox 672 679 690 696; x_wconf 66' lang='lat' dir='ltr'>a</span> <span class='ocrx_word' id='word_1_66' title='bbox 712 672 943 722; x_wconf 84' lang='lat' dir='ltr'>degerunt,</span> <span class='ocrx_word' id='word_1_67' title='bbox 969 672 1024 709; x_wconf 88' lang='lat' dir='ltr'>sit</span> <span class='ocrx_word' id='word_1_68' title='bbox 1046 672 1176 709; x_wconf 86' lang='lat' dir='ltr'>etiarn</span> <span class='ocrx_word' id='word_1_69' title='bbox 1198 672 1239 709; x_wconf 89' lang='lat' dir='ltr'>in</span> <span class='ocrx_word' id='word_1_70' title='bbox 1263 684 1314 710; x_wconf 92' lang='lat' dir='ltr'>ea</span> <span class='ocrx_word' id='word_1_71' title='bbox 1343 684 1390 710; x_wconf 93' lang='lat' dir='ltr'>re</span> <span class='ocrx_word' id='word_1_72' title='bbox 1424 672 1634 722; x_wconf 87' lang='lat' dir='ltr'>proximis</span> <span class='ocrx_word' id='word_1_73' title='bbox 1669 672 1790 710; x_wconf 88' lang='lat' dir='ltr'>satis-</span> 
     </span>
     <span class='ocr_line' id='line_1_9' title="bbox 162 742 1786 792; baseline 0.001 -12"><span class='ocrx_word' id='word_1_74' title='bbox 162 742 339 781; x_wconf 84' lang='lat' dir='ltr'>factum.</span> <span class='ocrx_word' id='word_1_75' title='bbox 374 743 484 781; x_wconf 90' lang='lat' dir='ltr'>Nam</span> <span class='ocrx_word' id='word_1_76' title='bbox 506 743 559 780; x_wconf 85' lang='lat' dir='ltr'>ad</span> <span class='ocrx_word' id='word_1_77' title='bbox 582 743 752 781; x_wconf 87' lang='lat' dir='ltr'>scholas</span> <span class='ocrx_word' id='word_1_78' title='bbox 773 747 946 780; x_wconf 83' lang='lat' dir='ltr'>nostras</span> <span class='ocrx_word' id='word_1_79' title='bbox 966 742 1160 780; x_wconf 87' lang='lat' dir='ltr'>nonnulli</span> <span class='ocrx_word' id='word_1_80' title='bbox 1182 747 1403 780; x_wconf 84' lang='lat' dir='ltr'>venerunt</span> <span class='ocrx_word' id='word_1_81' title='bbox 1426 748 1470 780; x_wconf 88' lang='lat' dir='ltr'>et</span> <span class='ocrx_word' id='word_1_82' title='bbox 1491 743 1786 792; x_wconf 87' lang='lat' dir='ltr'>numerosa[e]</span> 
     </span>
     <span class='ocr_line' id='line_1_10' title="bbox 163 814 1789 865; baseline 0.001 -13"><span class='ocrx_word' id='word_1_83' title='bbox 163 814 426 853; x_wconf 87' lang='lat' dir='ltr'>multitudini</span> <span class='ocrx_word' id='word_1_84' title='bbox 447 828 681 865; x_wconf 83' lang='lat' dir='ltr'>puerorum</span> <span class='ocrx_word' id='word_1_85' title='bbox 712 814 792 852; x_wconf 87' lang='lat' dir='ltr'>fuit</span> <span class='ocrx_word' id='word_1_86' title='bbox 822 814 977 852; x_wconf 84' lang='lat' dir='ltr'>tertius</span> <span class='ocrx_word' id='word_1_87' title='bbox 1011 819 1275 864; x_wconf 86' lang='lat' dir='ltr'>praeceptor</span> <span class='ocrx_word' id='word_1_88' title='bbox 1310 815 1571 865; x_wconf 81' lang='lat' dir='ltr'>assignatus,</span> <span class='ocrx_word' id='word_1_89' title='bbox 1608 815 1680 865; x_wconf 88' lang='lat' dir='ltr'>qui</span> <span class='ocrx_word' id='word_1_90' title='bbox 1712 827 1789 853; x_wconf 91' lang='lat' dir='ltr'>eos</span> 
     </span>
     <span class='ocr_line' id='line_1_11' title="bbox 163 884 1789 937; baseline 0.001 -14"><span class='ocrx_word' id='word_1_91' title='bbox 163 899 247 924; x_wconf 87' lang='lat' dir='ltr'>vna</span> <span class='ocrx_word' id='word_1_92' title='bbox 267 899 363 925; x_wconf 90' lang='lat' dir='ltr'>curn</span> <span class='ocrx_word' id='word_1_93' title='bbox 382 887 546 937; x_wconf 84' lang='lat' dir='ltr'>pietate</span> <span class='ocrx_word' id='word_1_94' title='bbox 566 891 608 924; x_wconf 87' lang='lat' dir='ltr'>et</span> <span class='ocrx_word' id='word_1_95' title='bbox 626 886 826 923; x_wconf 89' lang='lat' dir='ltr'>doctrina</span> <span class='ocrx_word' id='word_1_96' title='bbox 847 884 1082 924; x_wconf 87' lang='lat' dir='ltr'>christiana</span> <span class='ocrx_word' id='word_1_97' title='bbox 1103 885 1252 924; x_wconf 77' lang='lat' dir='ltr'>literas</span> <span class='ocrx_word' id='word_1_98' title='bbox 1275 886 1503 933; x_wconf 88' lang='lat' dir='ltr'>edoceret,</span> <span class='ocrx_word' id='word_1_99' title='bbox 1523 886 1641 937; x_wconf 90' lang='lat' dir='ltr'>quod</span> <span class='ocrx_word' id='word_1_100' title='bbox 1658 887 1789 925; x_wconf 88' lang='lat' dir='ltr'>etiam</span> 
     </span>
     <span class='ocr_line' id='line_1_12' title="bbox 162 956 1789 1007; baseline -0.001 -12"><span class='ocrx_word' id='word_1_101' title='bbox 162 958 232 995; x_wconf 91' lang='lat' dir='ltr'>hic</span> <span class='ocrx_word' id='word_1_102' title='bbox 254 958 427 995; x_wconf 85' lang='lat' dir='ltr'>Laureti</span> <span class='ocrx_word' id='word_1_103' title='bbox 451 958 497 994; x_wconf 90' lang='lat' dir='ltr'>fit</span> <span class='ocrx_word' id='word_1_104' title='bbox 518 958 536 982; x_wconf 78' lang='lat' dir='ltr'>b</span> <span class='ocrx_word' id='word_1_105' title='bbox 557 970 635 1007; x_wconf 93' lang='lat' dir='ltr'>pro</span> <span class='ocrx_word' id='word_1_106' title='bbox 660 962 788 1007; x_wconf 88' lang='lat' dir='ltr'>captu</span> <span class='ocrx_word' id='word_1_107' title='bbox 809 957 1096 1007; x_wconf 87' lang='lat' dir='ltr'>quorundam,</span> <span class='ocrx_word' id='word_1_108' title='bbox 1121 957 1192 1007; x_wconf 90' lang='lat' dir='ltr'>qui</span> <span class='ocrx_word' id='word_1_109' title='bbox 1223 956 1276 994; x_wconf 90' lang='lat' dir='ltr'>ad</span> <span class='ocrx_word' id='word_1_110' title='bbox 1311 969 1392 995; x_wconf 92' lang='lat' dir='ltr'>nos</span> <span class='ocrx_word' id='word_1_111' title='bbox 1413 957 1641 995; x_wconf 87' lang='lat' dir='ltr'>mittuntur</span> <span class='ocrx_word' id='word_1_112' title='bbox 1662 964 1693 995; x_wconf 76' lang='lat'><strong>0.</strong></span> <span class='ocrx_word' id='word_1_113' title='bbox 1718 957 1789 994; x_wconf 92' lang='lat' dir='ltr'>Ni-</span> 
     </span>
     <span class='ocr_line' id='line_1_13' title="bbox 160 1027 1789 1078; baseline 0 -11"><span class='ocrx_word' id='word_1_114' title='bbox 160 1029 289 1067; x_wconf 84' lang='lat' dir='ltr'>timur</span> <span class='ocrx_word' id='word_1_115' title='bbox 312 1030 441 1075; x_wconf 89' lang='lat' dir='ltr'>enim,</span> <span class='ocrx_word' id='word_1_116' title='bbox 461 1035 666 1078; x_wconf 87' lang='lat' dir='ltr'>quantum</span> <span class='ocrx_word' id='word_1_117' title='bbox 688 1028 729 1065; x_wconf 93' lang='lat' dir='ltr'>in</span> <span class='ocrx_word' id='word_1_118' title='bbox 750 1028 876 1066; x_wconf 81' lang='lat' dir='ltr'>nobis</span> <span class='ocrx_word' id='word_1_119' title='bbox 900 1034 981 1075; x_wconf 90' lang='lat' dir='ltr'>est,</span> <span class='ocrx_word' id='word_1_120' title='bbox 1005 1027 1205 1066; x_wconf 86' lang='lat' dir='ltr'>instituto</span> <span class='ocrx_word' id='word_1_121' title='bbox 1230 1028 1465 1067; x_wconf 88' lang='lat' dir='ltr'>Societatis</span> <span class='ocrx_word' id='word_1_122' title='bbox 1486 1042 1567 1066; x_wconf 89' lang='lat' dir='ltr'>nos</span> <span class='ocrx_word' id='word_1_123' title='bbox 1588 1040 1789 1067; x_wconf 85' lang='lat' dir='ltr'>accomo-</span> 
     </span>
     <span class='ocr_line' id='line_1_14' title="bbox 161 1099 1786 1149; baseline 0 -11"><span class='ocrx_word' id='word_1_124' title='bbox 161 1100 280 1147; x_wconf 86' lang='lat' dir='ltr'>dare,</span> <span class='ocrx_word' id='word_1_125' title='bbox 315 1106 358 1138; x_wconf 89' lang='lat' dir='ltr'>et</span> <span class='ocrx_word' id='word_1_126' title='bbox 394 1099 590 1137; x_wconf 89' lang='lat' dir='ltr'>eiusdem</span> <span class='ocrx_word' id='word_1_127' title='bbox 625 1100 862 1137; x_wconf 85' lang='lat' dir='ltr'>Societatis</span> <span class='ocrx_word' id='word_1_128' title='bbox 899 1099 1237 1137; x_wconf 76' lang='lat' dir='ltr'>constitutiones</span> <span class='ocrx_word' id='word_1_129' title='bbox 1272 1112 1349 1149; x_wconf 92' lang='lat' dir='ltr'>pro</span> <span class='ocrx_word' id='word_1_130' title='bbox 1386 1099 1498 1137; x_wconf 88' lang='lat' dir='ltr'>virili</span> <span class='ocrx_word' id='word_1_131' title='bbox 1533 1099 1786 1147; x_wconf 90' lang='lat' dir='ltr'>obseruare,</span> 
     </span>
     <span class='ocr_line' id='line_1_15' title="bbox 160 1168 1788 1222; baseline -0.001 -12"><span class='ocrx_word' id='word_1_132' title='bbox 160 1184 339 1222; x_wconf 88' lang='lat' dir='ltr'>quarum</span> <span class='ocrx_word' id='word_1_133' title='bbox 362 1171 647 1222; x_wconf 77' lang='lat' dir='ltr'>interpretem</span> <span class='ocrx_word' id='word_1_134' title='bbox 670 1171 897 1209; x_wconf 80' lang='lat' dir='ltr'>habuimus</span> <span class='ocrx_word' id='word_1_135' title='bbox 917 1184 995 1220; x_wconf 90' lang='lat' dir='ltr'>per</span> <span class='ocrx_word' id='word_1_136' title='bbox 1016 1170 1180 1221; x_wconf 85' lang='lat' dir='ltr'>aliquot</span> <span class='ocrx_word' id='word_1_137' title='bbox 1203 1168 1297 1208; x_wconf 92' lang='lat' dir='ltr'>dies</span> <span class='ocrx_word' id='word_1_138' title='bbox 1320 1171 1366 1208; x_wconf 88' lang='lat' dir='ltr'>R.</span> <span class='ocrx_word' id='word_1_139' title='bbox 1402 1171 1577 1208; x_wconf 88' lang='lat' dir='ltr'>Patrem</span> <span class='ocrx_word' id='word_1_140' title='bbox 1608 1170 1788 1209; x_wconf 88' lang='lat' dir='ltr'>Ribada-</span> 
     </span>
     <span class='ocr_line' id='line_1_16' title="bbox 160 1240 1789 1293; baseline -0.001 -12"><span class='ocrx_word' id='word_1_141' title='bbox 160 1244 324 1281; x_wconf 90' lang='lat' dir='ltr'>nieram</span> <span class='ocrx_word' id='word_1_142' title='bbox 357 1250 381 1290; x_wconf 86' lang='lat'>¹,</span> <span class='ocrx_word' id='word_1_143' title='bbox 421 1249 464 1281; x_wconf 89' lang='lat' dir='ltr'>et</span> <span class='ocrx_word' id='word_1_144' title='bbox 485 1256 600 1281; x_wconf 84' lang='lat' dir='ltr'>nunc</span> <span class='ocrx_word' id='word_1_145' title='bbox 622 1243 668 1280; x_wconf 98' lang='lat' dir='ltr'><strong>R.</strong></span> <span class='ocrx_word' id='word_1_146' title='bbox 695 1244 741 1281; x_wconf 83' lang='lat' dir='ltr'><strong>P.</strong></span> <span class='ocrx_word' id='word_1_147' title='bbox 767 1244 1002 1281; x_wconf 82' lang='lat' dir='ltr'>Rectorem</span> <span class='ocrx_word' id='word_1_148' title='bbox 1025 1247 1052 1289; x_wconf 83' lang='lat'>2,</span> <span class='ocrx_word' id='word_1_149' title='bbox 1077 1242 1149 1293; x_wconf 92' lang='lat' dir='ltr'>qui</span> <span class='ocrx_word' id='word_1_150' title='bbox 1171 1240 1351 1293; x_wconf 88' lang='lat' dir='ltr'>singulis</span> <span class='ocrx_word' id='word_1_151' title='bbox 1373 1243 1625 1292; x_wconf 89' lang='lat' dir='ltr'>septimanis</span> <span class='ocrx_word' id='word_1_152' title='bbox 1652 1243 1789 1280; x_wconf 90' lang='lat' dir='ltr'>semel</span> 
     </span>
     <span class='ocr_line' id='line_1_17' title="bbox 159 1312 1788 1365; baseline 0 -13"><span class='ocrx_word' id='word_1_153' title='bbox 159 1327 235 1365; x_wconf 91' lang='lat' dir='ltr'>per</span> <span class='ocrx_word' id='word_1_154' title='bbox 257 1313 433 1352; x_wconf 89' lang='lat' dir='ltr'>modum</span> <span class='ocrx_word' id='word_1_155' title='bbox 455 1314 775 1352; x_wconf 82' lang='lat' dir='ltr'>exhortationis</span> <span class='ocrx_word' id='word_1_156' title='bbox 798 1327 852 1352; x_wconf 88' lang='lat' dir='ltr'>ex</span> <span class='ocrx_word' id='word_1_157' title='bbox 873 1313 955 1352; x_wconf 90' lang='lat' dir='ltr'>illis</span> <span class='ocrx_word' id='word_1_158' title='bbox 985 1314 1191 1351; x_wconf 90' lang='lat' dir='ltr'>vniuerso</span> <span class='ocrx_word' id='word_1_159' title='bbox 1225 1313 1418 1363; x_wconf 90' lang='lat' dir='ltr'>collegio</span> <span class='ocrx_word' id='word_1_160' title='bbox 1455 1312 1614 1364; x_wconf 89' lang='lat' dir='ltr'>aliquid</span> <span class='ocrx_word' id='word_1_161' title='bbox 1645 1313 1788 1353; x_wconf 91' lang='lat' dir='ltr'>decla-</span> 
     </span>
     <span class='ocr_line' id='line_1_18' title="bbox 160 1384 1788 1436; baseline -0.001 -12"><span class='ocrx_word' id='word_1_162' title='bbox 160 1392 239 1433; x_wconf 86' lang='lat' dir='ltr'>rat,</span> <span class='ocrx_word' id='word_1_163' title='bbox 272 1399 358 1424; x_wconf 93' lang='lat' dir='ltr'>non</span> <span class='ocrx_word' id='word_1_164' title='bbox 390 1386 481 1424; x_wconf 88' lang='lat' dir='ltr'>sine</span> <span class='ocrx_word' id='word_1_165' title='bbox 504 1386 671 1436; x_wconf 83' lang='lat' dir='ltr'>ingenti</span> <span class='ocrx_word' id='word_1_166' title='bbox 692 1385 835 1424; x_wconf 85' lang='lat' dir='ltr'>fructu</span> <span class='ocrx_word' id='word_1_167' title='bbox 859 1391 903 1424; x_wconf 89' lang='lat' dir='ltr'>et</span> <span class='ocrx_word' id='word_1_168' title='bbox 925 1384 1231 1423; x_wconf 89' lang='lat' dir='ltr'>consolatione</span> <span class='ocrx_word' id='word_1_169' title='bbox 1253 1385 1502 1423; x_wconf 89' lang='lat' dir='ltr'>multorum.</span> <span class='ocrx_word' id='word_1_170' title='bbox 1527 1384 1574 1423; x_wconf 93' lang='lat' dir='ltr'>In</span> <span class='ocrx_word' id='word_1_171' title='bbox 1596 1384 1788 1423; x_wconf 90' lang='lat' dir='ltr'>adventu</span> 
     </span>
     <span class='ocr_line' id='line_1_19' title="bbox 160 1457 1788 1508; baseline -0.001 -12"><span class='ocrx_word' id='word_1_172' title='bbox 160 1464 306 1496; x_wconf 88' lang='lat' dir='ltr'>autem</span> <span class='ocrx_word' id='word_1_173' title='bbox 330 1460 376 1496; x_wconf 94' lang='lat' dir='ltr'><strong>R.</strong></span> <span class='ocrx_word' id='word_1_174' title='bbox 404 1460 448 1496; x_wconf 80' lang='lat' dir='ltr'><strong>P.</strong></span> <span class='ocrx_word' id='word_1_175' title='bbox 474 1458 776 1505; x_wconf 84' lang='lat' dir='ltr'>Ribadaniera,</span> <span class='ocrx_word' id='word_1_176' title='bbox 797 1471 926 1507; x_wconf 89' lang='lat' dir='ltr'>quem</span> <span class='ocrx_word' id='word_1_177' title='bbox 944 1471 1081 1508; x_wconf 89' lang='lat' dir='ltr'>nuper</span> <span class='ocrx_word' id='word_1_178' title='bbox 1098 1459 1153 1497; x_wconf 90' lang='lat' dir='ltr'>ad</span> <span class='ocrx_word' id='word_1_179' title='bbox 1169 1457 1434 1497; x_wconf 88' lang='lat' dir='ltr'>visitandum</span> <span class='ocrx_word' id='word_1_180' title='bbox 1451 1458 1537 1496; x_wconf 91' lang='lat' dir='ltr'>hoc</span> <span class='ocrx_word' id='word_1_181' title='bbox 1554 1457 1788 1508; x_wconf 86' lang='lat' dir='ltr'>collegium</span> 
     </span>
     <span class='ocr_line' id='line_1_20' title="bbox 159 1528 1787 1580; baseline -0.001 -14"><span class='ocrx_word' id='word_1_182' title='bbox 159 1528 382 1580; x_wconf 85' lang='lat' dir='ltr'>delegauit</span> <span class='ocrx_word' id='word_1_183' title='bbox 422 1531 470 1567; x_wconf 89' lang='lat' dir='ltr'><strong>R.</strong></span> <span class='ocrx_word' id='word_1_184' title='bbox 517 1535 591 1567; x_wconf 91' lang='lat' dir='ltr'>tua</span> <span class='ocrx_word' id='word_1_185' title='bbox 636 1529 894 1576; x_wconf 69' lang='lat' dir='ltr'>Paternstas,</span> <span class='ocrx_word' id='word_1_186' title='bbox 941 1530 1232 1568; x_wconf 87' lang='lat' dir='ltr'>vehementer</span> <span class='ocrx_word' id='word_1_187' title='bbox 1275 1529 1496 1580; x_wconf 89' lang='lat' dir='ltr'>permouit</span> <span class='ocrx_word' id='word_1_188' title='bbox 1540 1528 1787 1566; x_wconf 83' lang='lat' dir='ltr'>Altissimus</span> 
     </span>
     <span class='ocr_line' id='line_1_21' title="bbox 161 1599 1785 1652; baseline -0.001 -13"><span class='ocrx_word' id='word_1_189' title='bbox 161 1602 350 1639; x_wconf 88' lang='lat' dir='ltr'>omnium</span> <span class='ocrx_word' id='word_1_190' title='bbox 373 1602 520 1648; x_wconf 87' lang='lat' dir='ltr'>corda,</span> <span class='ocrx_word' id='word_1_191' title='bbox 545 1602 598 1639; x_wconf 87' lang='lat' dir='ltr'>ad</span> <span class='ocrx_word' id='word_1_192' title='bbox 619 1600 882 1652; x_wconf 88' lang='lat' dir='ltr'>pietatisque</span> <span class='ocrx_word' id='word_1_193' title='bbox 906 1606 948 1638; x_wconf 89' lang='lat' dir='ltr'>et</span> <span class='ocrx_word' id='word_1_194' title='bbox 971 1601 1061 1639; x_wconf 92' lang='lat' dir='ltr'>vite</span> <span class='ocrx_word' id='word_1_195' title='bbox 1093 1600 1454 1640; x_wconf 88' lang='lat' dir='ltr'>reformationem</span> <span class='ocrx_word' id='word_1_196' title='bbox 1488 1599 1785 1638; x_wconf 88' lang='lat' dir='ltr'>inflammauit.</span> 
     </span>
     <span class='ocr_line' id='line_1_22' title="bbox 159 1670 1787 1725; baseline -0.001 -15"><span class='ocrx_word' id='word_1_197' title='bbox 159 1673 267 1711; x_wconf 85' lang='lat' dir='ltr'>Nam</span> <span class='ocrx_word' id='word_1_198' title='bbox 297 1673 480 1722; x_wconf 87' lang='lat' dir='ltr'>publicis</span> <span class='ocrx_word' id='word_1_199' title='bbox 512 1678 555 1710; x_wconf 88' lang='lat' dir='ltr'>et</span> <span class='ocrx_word' id='word_1_200' title='bbox 580 1673 760 1723; x_wconf 90' lang='lat' dir='ltr'>priuatis</span> <span class='ocrx_word' id='word_1_201' title='bbox 781 1672 1163 1711; x_wconf 84' lang='lat' dir='ltr'>adhortationibus</span> <span class='ocrx_word' id='word_1_202' title='bbox 1184 1673 1255 1711; x_wconf 92' lang='lat' dir='ltr'>hic</span> <span class='ocrx_word' id='word_1_203' title='bbox 1275 1673 1317 1711; x_wconf 93' lang='lat' dir='ltr'>in</span> <span class='ocrx_word' id='word_1_204' title='bbox 1339 1673 1530 1725; x_wconf 87' lang='lat' dir='ltr'>collegio</span> <span class='ocrx_word' id='word_1_205' title='bbox 1552 1671 1709 1710; x_wconf 89' lang='lat' dir='ltr'>habitis</span> <span class='ocrx_word' id='word_1_206' title='bbox 1732 1670 1787 1709; x_wconf 88' lang='lat' dir='ltr'>de</span> 
     </span>
     <span class='ocr_line' id='line_1_23' title="bbox 158 1742 1786 1795; baseline -0.001 -13"><span class='ocrx_word' id='word_1_207' title='bbox 158 1744 393 1782; x_wconf 86' lang='lat' dir='ltr'>Societatis</span> <span class='ocrx_word' id='word_1_208' title='bbox 428 1744 643 1790; x_wconf 82' lang='lat' dir='ltr'>instituto,</span> <span class='ocrx_word' id='word_1_209' title='bbox 682 1743 813 1781; x_wconf 91' lang='lat' dir='ltr'>modo</span> <span class='ocrx_word' id='word_1_210' title='bbox 851 1749 896 1781; x_wconf 89' lang='lat' dir='ltr'>et</span> <span class='ocrx_word' id='word_1_211' title='bbox 933 1744 1037 1790; x_wconf 87' lang='lat' dir='ltr'>fine,</span> <span class='ocrx_word' id='word_1_212' title='bbox 1076 1744 1219 1795; x_wconf 87' lang='lat' dir='ltr'>deque</span> <span class='ocrx_word' id='word_1_213' title='bbox 1256 1751 1463 1783; x_wconf 90' lang='lat' dir='ltr'>votorum</span> <span class='ocrx_word' id='word_1_214' title='bbox 1502 1742 1786 1782; x_wconf 89' lang='lat' dir='ltr'>innouatione</span> 
     </span>
     <span class='ocr_line' id='line_1_24' title="bbox 160 1814 1787 1866; baseline -0.001 -13"><span class='ocrx_word' id='word_1_215' title='bbox 160 1828 398 1866; x_wconf 88' lang='lat' dir='ltr'>eorumque</span> <span class='ocrx_word' id='word_1_216' title='bbox 421 1814 633 1866; x_wconf 85' lang='lat' dir='ltr'>dignitate</span> <span class='ocrx_word' id='word_1_217' title='bbox 656 1821 700 1853; x_wconf 83' lang='lat' dir='ltr'>et</span> <span class='ocrx_word' id='word_1_218' title='bbox 721 1814 1012 1865; x_wconf 81' lang='lat' dir='ltr'>perfectione,</span> <span class='ocrx_word' id='word_1_219' title='bbox 1036 1815 1194 1853; x_wconf 89' lang='lat' dir='ltr'>fuimus</span> <span class='ocrx_word' id='word_1_220' title='bbox 1216 1827 1481 1866; x_wconf 87' lang='lat' dir='ltr'>magnopere</span> <span class='ocrx_word' id='word_1_221' title='bbox 1504 1815 1711 1854; x_wconf 86' lang='lat' dir='ltr'>concitati</span> <span class='ocrx_word' id='word_1_222' title='bbox 1733 1814 1787 1852; x_wconf 91' lang='lat' dir='ltr'>ad</span> 
     </span>
     <span class='ocr_line' id='line_1_25' title="bbox 159 1886 1786 1937; baseline 0.001 -14"><span class='ocrx_word' id='word_1_223' title='bbox 159 1887 442 1937; x_wconf 87' lang='lat' dir='ltr'>euangelicae</span> <span class='ocrx_word' id='word_1_224' title='bbox 476 1886 762 1936; x_wconf 83' lang='lat' dir='ltr'>perfectionis</span> <span class='ocrx_word' id='word_1_225' title='bbox 797 1898 1008 1933; x_wconf 80' lang='lat' dir='ltr'>amorem3</span> <span class='ocrx_word' id='word_1_226' title='bbox 1045 1887 1194 1937; x_wconf 90' lang='lat' dir='ltr'>sicque</span> <span class='ocrx_word' id='word_1_227' title='bbox 1232 1888 1384 1925; x_wconf 89' lang='lat' dir='ltr'>Patres</span> <span class='ocrx_word' id='word_1_228' title='bbox 1419 1900 1470 1926; x_wconf 91' lang='lat' dir='ltr'>ac</span> <span class='ocrx_word' id='word_1_229' title='bbox 1499 1887 1657 1925; x_wconf 90' lang='lat' dir='ltr'>fratres</span> <span class='ocrx_word' id='word_1_230' title='bbox 1686 1892 1786 1937; x_wconf 87' lang='lat' dir='ltr'>post</span> 
     </span>
     <span class='ocr_line' id='line_1_26' title="bbox 157 1957 1782 2008; baseline 0.001 -14"><span class='ocrx_word' id='word_1_231' title='bbox 157 1957 407 2008; x_wconf 84' lang='lat' dir='ltr'>generalem</span> <span class='ocrx_word' id='word_1_232' title='bbox 445 1957 768 1995; x_wconf 80' lang='lat' dir='ltr'>confessionem</span> <span class='ocrx_word' id='word_1_233' title='bbox 798 1970 875 2007; x_wconf 87' lang='lat' dir='ltr'>pro</span> <span class='ocrx_word' id='word_1_234' title='bbox 907 1970 1029 1995; x_wconf 90' lang='lat' dir='ltr'>more</span> <span class='ocrx_word' id='word_1_235' title='bbox 1060 1958 1252 1996; x_wconf 88' lang='lat' dir='ltr'>habitam</span> <span class='ocrx_word' id='word_1_236' title='bbox 1273 1963 1378 1996; x_wconf 88' lang='lat' dir='ltr'>vota</span> <span class='ocrx_word' id='word_1_237' title='bbox 1400 1970 1477 1996; x_wconf 88' lang='lat' dir='ltr'>sua</span> <span class='ocrx_word' id='word_1_238' title='bbox 1497 1963 1782 1996; x_wconf 89' lang='lat' dir='ltr'>renouarunt.</span> 
     </span>
     <span class='ocr_line' id='line_1_27' title="bbox 157 2027 1785 2079; baseline 0 -13"><span class='ocrx_word' id='word_1_239' title='bbox 157 2028 293 2066; x_wconf 88' lang='lat' dir='ltr'>Vides</span> <span class='ocrx_word' id='word_1_240' title='bbox 313 2027 475 2079; x_wconf 89' lang='lat' dir='ltr'>itaque,</span> <span class='ocrx_word' id='word_1_241' title='bbox 499 2028 735 2066; x_wconf 88' lang='lat' dir='ltr'>admodum</span> <span class='ocrx_word' id='word_1_242' title='bbox 757 2029 804 2065; x_wconf 94' lang='lat' dir='ltr'>R.</span> <span class='ocrx_word' id='word_1_243' title='bbox 829 2028 870 2066; x_wconf 90' lang='lat' dir='ltr'>in</span> <span class='ocrx_word' id='word_1_244' title='bbox 893 2028 1068 2067; x_wconf 89' lang='lat' dir='ltr'>Christo</span> <span class='ocrx_word' id='word_1_245' title='bbox 1094 2030 1239 2076; x_wconf 79' lang='lat' dir='ltr'>Pater,</span> <span class='ocrx_word' id='word_1_246' title='bbox 1263 2042 1348 2079; x_wconf 88' lang='lat' dir='ltr'>quo</span> <span class='ocrx_word' id='word_1_247' title='bbox 1371 2029 1413 2066; x_wconf 92' lang='lat' dir='ltr'>in</span> <span class='ocrx_word' id='word_1_248' title='bbox 1445 2034 1561 2067; x_wconf 83' lang='lat' dir='ltr'>statu</span> <span class='ocrx_word' id='word_1_249' title='bbox 1596 2029 1680 2067; x_wconf 89' lang='lat' dir='ltr'>sint</span> <span class='ocrx_word' id='word_1_250' title='bbox 1715 2041 1785 2066; x_wconf 91' lang='lat' dir='ltr'>res</span> 
     </span>
     <span class='ocr_line' id='line_1_28' title="bbox 156 2099 1784 2152; baseline 0 -14"><span class='ocrx_word' id='word_1_251' title='bbox 156 2099 353 2149; x_wconf 89' lang='lat' dir='ltr'>priuatae</span> <span class='ocrx_word' id='word_1_252' title='bbox 388 2105 561 2137; x_wconf 90' lang='lat' dir='ltr'>tuorum</span> <span class='ocrx_word' id='word_1_253' title='bbox 583 2099 624 2137; x_wconf 89' lang='lat' dir='ltr'>in</span> <span class='ocrx_word' id='word_1_254' title='bbox 646 2099 821 2138; x_wconf 89' lang='lat' dir='ltr'>Christo</span> <span class='ocrx_word' id='word_1_255' title='bbox 845 2100 1050 2138; x_wconf 86' lang='lat' dir='ltr'>filiorum.</span> <span class='ocrx_word' id='word_1_256' title='bbox 1074 2100 1303 2150; x_wconf 86' lang='lat' dir='ltr'>Superest,</span> <span class='ocrx_word' id='word_1_257' title='bbox 1327 2107 1375 2138; x_wconf 87' lang='lat' dir='ltr'>vt</span> <span class='ocrx_word' id='word_1_258' title='bbox 1396 2114 1480 2152; x_wconf 89' lang='lat' dir='ltr'>que</span> <span class='ocrx_word' id='word_1_259' title='bbox 1504 2101 1545 2138; x_wconf 89' lang='lat' dir='ltr'>in</span> <span class='ocrx_word' id='word_1_260' title='bbox 1566 2100 1784 2151; x_wconf 87' lang='lat' dir='ltr'>proximo-</span> 
     </span>
     <span class='ocr_line' id='line_1_29' title="bbox 157 2170 1080 2218; baseline 0.001 -10"><span class='ocrx_word' id='word_1_261' title='bbox 157 2183 250 2208; x_wconf 86' lang='lat' dir='ltr'>rum</span> <span class='ocrx_word' id='word_1_262' title='bbox 272 2170 625 2209; x_wconf 86' lang='lat' dir='ltr'>aedificationem</span> <span class='ocrx_word' id='word_1_263' title='bbox 645 2171 847 2218; x_wconf 84' lang='lat' dir='ltr'>fecerint,</span> <span class='ocrx_word' id='word_1_264' title='bbox 872 2171 1080 2210; x_wconf 90' lang='lat' dir='ltr'>dicamus.</span> 
     </span>
    </p>

    <p class='ocr_par' dir='ltr' id='par_1_3' title="bbox 156 2243 1784 2580">
     <span class='ocr_line' id='line_1_30' title="bbox 210 2243 1784 2294; baseline 0.001 -14"><span class='ocrx_word' id='word_1_265' title='bbox 210 2253 246 2280; x_wconf 87' lang='lat'><strong>2.</strong></span> <span class='ocrx_word' id='word_1_266' title='bbox 308 2244 512 2282; x_wconf 84' lang='lat' dir='ltr'>Proxime</span> <span class='ocrx_word' id='word_1_267' title='bbox 535 2244 681 2294; x_wconf 88' lang='lat' dir='ltr'>elapsa</span> <span class='ocrx_word' id='word_1_268' title='bbox 700 2248 869 2283; x_wconf 88' lang='lat' dir='ltr'>aestate</span> <span class='ocrx_word' id='word_1_269' title='bbox 891 2244 1087 2282; x_wconf 91' lang='lat' dir='ltr'>nonnulli</span> <span class='ocrx_word' id='word_1_270' title='bbox 1105 2255 1160 2282; x_wconf 87' lang='lat' dir='ltr'>ex</span> <span class='ocrx_word' id='word_1_271' title='bbox 1178 2243 1482 2283; x_wconf 87' lang='lat' dir='ltr'>sacerdotibus</span> <span class='ocrx_word' id='word_1_272' title='bbox 1501 2256 1598 2282; x_wconf 91' lang='lat' dir='ltr'>cum</span> <span class='ocrx_word' id='word_1_273' title='bbox 1616 2243 1784 2281; x_wconf 88' lang='lat' dir='ltr'>duabus</span> 
     </span>
     <span class='ocr_line' id='line_1_31' title="bbox 157 2314 1783 2365; baseline 0.001 -14"><span class='ocrx_word' id='word_1_274' title='bbox 157 2314 366 2352; x_wconf 87' lang='lat' dir='ltr'>classibus</span> <span class='ocrx_word' id='word_1_275' title='bbox 388 2319 637 2352; x_wconf 87' lang='lat' dir='ltr'>nostrorum</span> <span class='ocrx_word' id='word_1_276' title='bbox 659 2315 922 2354; x_wconf 90' lang='lat' dir='ltr'>scholarium</span> <span class='ocrx_word' id='word_1_277' title='bbox 944 2315 1144 2353; x_wconf 89' lang='lat' dir='ltr'>Recineti</span> <span class='ocrx_word' id='word_1_278' title='bbox 1175 2314 1408 2365; x_wconf 90' lang='lat' dir='ltr'>degerunt,</span> <span class='ocrx_word' id='word_1_279' title='bbox 1442 2315 1514 2365; x_wconf 93' lang='lat' dir='ltr'>qui</span> <span class='ocrx_word' id='word_1_280' title='bbox 1549 2314 1783 2352; x_wconf 87' lang='lat' dir='ltr'>multornm</span> 
     </span>
     <span class='ocr_line' id='line_1_32' title="bbox 158 2385 1784 2436; baseline 0.001 -13"><span class='ocrx_word' id='word_1_281' title='bbox 158 2385 460 2424; x_wconf 89' lang='lat' dir='ltr'>confessiones</span> <span class='ocrx_word' id='word_1_282' title='bbox 494 2386 536 2423; x_wconf 88' lang='lat' dir='ltr'>in</span> <span class='ocrx_word' id='word_1_283' title='bbox 568 2399 620 2424; x_wconf 92' lang='lat' dir='ltr'>ea</span> <span class='ocrx_word' id='word_1_284' title='bbox 651 2387 758 2425; x_wconf 88' lang='lat' dir='ltr'>vrbe</span> <span class='ocrx_word' id='word_1_285' title='bbox 790 2386 1036 2434; x_wconf 87' lang='lat' dir='ltr'>audierunt,</span> <span class='ocrx_word' id='word_1_286' title='bbox 1070 2386 1301 2424; x_wconf 84' lang='lat' dir='ltr'>visitarunt</span> <span class='ocrx_word' id='word_1_287' title='bbox 1321 2386 1517 2425; x_wconf 86' lang='lat' dir='ltr'>infirmos</span> <span class='ocrx_word' id='word_1_288' title='bbox 1540 2391 1584 2424; x_wconf 91' lang='lat' dir='ltr'>et</span> <span class='ocrx_word' id='word_1_289' title='bbox 1602 2386 1784 2436; x_wconf 87' lang='lat' dir='ltr'>priuatis</span> 
     </span>
     <span class='ocr_line' id='line_1_33' title="bbox 158 2456 1783 2509; baseline 0.001 -15"><span class='ocrx_word' id='word_1_290' title='bbox 158 2457 401 2508; x_wconf 88' lang='lat' dir='ltr'>colloquiis,</span> <span class='ocrx_word' id='word_1_291' title='bbox 426 2457 536 2495; x_wconf 89' lang='lat' dir='ltr'>viuis</span> <span class='ocrx_word' id='word_1_292' title='bbox 558 2456 766 2496; x_wconf 88' lang='lat' dir='ltr'>virtutum</span> <span class='ocrx_word' id='word_1_293' title='bbox 790 2456 1002 2509; x_wconf 86' lang='lat' dir='ltr'>exemplis</span> <span class='ocrx_word' id='word_1_294' title='bbox 1023 2457 1185 2496; x_wconf 89' lang='lat' dir='ltr'>multos</span> <span class='ocrx_word' id='word_1_295' title='bbox 1214 2457 1269 2496; x_wconf 87' lang='lat' dir='ltr'>ad</span> <span class='ocrx_word' id='word_1_296' title='bbox 1300 2457 1475 2508; x_wconf 90' lang='lat' dir='ltr'>pietatis</span> <span class='ocrx_word' id='word_1_297' title='bbox 1510 2456 1700 2495; x_wconf 90' lang='lat' dir='ltr'>studium</span> <span class='ocrx_word' id='word_1_298' title='bbox 1722 2457 1783 2496; x_wconf 91' lang='lat' dir='ltr'>vi-</span> 
     </span>
     <span class='ocr_line' id='line_1_34' title="bbox 156 2528 1780 2580; baseline -0.001 -13"><span class='ocrx_word' id='word_1_299' title='bbox 156 2534 315 2580; x_wconf 89' lang='lat' dir='ltr'>taeque</span> <span class='ocrx_word' id='word_1_300' title='bbox 349 2528 669 2579; x_wconf 88' lang='lat' dir='ltr'>perfectionem</span> <span class='ocrx_word' id='word_1_301' title='bbox 703 2530 953 2569; x_wconf 86' lang='lat' dir='ltr'>incitarunt.</span> <span class='ocrx_word' id='word_1_302' title='bbox 992 2529 1233 2579; x_wconf 88' lang='lat' dir='ltr'>Praecipue</span> <span class='ocrx_word' id='word_1_303' title='bbox 1263 2533 1410 2568; x_wconf 87' lang='lat' dir='ltr'>tamen</span> <span class='ocrx_word' id='word_1_304' title='bbox 1440 2529 1489 2567; x_wconf 92' lang='lat' dir='ltr'>R.</span> <span class='ocrx_word' id='word_1_305' title='bbox 1523 2529 1570 2567; x_wconf 84' lang='lat' dir='ltr'><strong>P.</strong></span> <span class='ocrx_word' id='word_1_306' title='bbox 1604 2529 1780 2576; x_wconf 89' lang='lat' dir='ltr'>Rector‚</span> 
     </span>
    </p>
   </div>
   <div class='ocr_carea' id='block_1_3' title="bbox 152 2677 1782 2786">
    <p class='ocr_par' dir='ltr' id='par_1_4' title="bbox 152 2677 1782 2786">
     <span class='ocr_line' id='line_1_35' title="bbox 201 2677 1782 2725; baseline -0.002 -8"><span class='ocrx_word' id='word_1_307' title='bbox 201 2679 221 2699; x_wconf 82' lang='lat' dir='ltr'>a</span> <span class='ocrx_word' id='word_1_308' title='bbox 269 2679 423 2717; x_wconf 74' lang='lat' dir='ltr'>Praec.</span> <span class='ocrx_word' id='word_1_309' title='bbox 444 2690 482 2716; x_wconf 90' lang='lat' dir='ltr'><strong>v.</strong></span> <span class='ocrx_word' id='word_1_310' title='bbox 504 2680 551 2716; x_wconf 78' lang='lat' dir='ltr'>in</span> <span class='ocrx_word' id='word_1_311' title='bbox 571 2680 785 2725; x_wconf 82' lang='lat' dir='ltr'>margine,</span> <span class='ocrx_word' id='word_1_312' title='bbox 805 2682 847 2716; x_wconf 84' lang='lat' dir='ltr'>et</span> <span class='ocrx_word' id='word_1_313' title='bbox 861 2678 1040 2724; x_wconf 82' lang='lat' dir='ltr'>confuse</span> <span class='ocrx_word' id='word_1_314' title='bbox 1057 2681 1290 2716; x_wconf 83' lang='lat' dir='ltr'>exaratum</span> <span class='ocrx_word' id='word_1_315' title='bbox 1309 2678 1357 2715; x_wconf 84' lang='lat' dir='ltr'>in</span> <span class='ocrx_word' id='word_1_316' title='bbox 1375 2680 1506 2715; x_wconf 84' lang='lat' dir='ltr'>textu.</span> <span class='ocrx_word' id='word_1_317' title='bbox 1560 2678 1625 2703; x_wconf 85' lang='lat' dir='ltr'>—b</span> <span class='ocrx_word' id='word_1_318' title='bbox 1651 2677 1695 2714; x_wconf 91' lang='lat' dir='ltr'>fit</span> <span class='ocrx_word' id='word_1_319' title='bbox 1712 2688 1782 2714; x_wconf 84' lang='lat' dir='ltr'>su-</span> 
     </span>
     <span class='ocr_line' id='line_1_36' title="bbox 152 2738 1290 2786; baseline -0.002 -9"><span class='ocrx_word' id='word_1_320' title='bbox 152 2745 237 2786; x_wconf 79' lang='lat' dir='ltr'>pra</span> <span class='ocrx_word' id='word_1_321' title='bbox 255 2749 364 2776; x_wconf 75' lang='lat' dir='ltr'>vers.</span> <span class='ocrx_word' id='word_1_322' title='bbox 419 2746 482 2765; x_wconf 84' lang='lat'>—0</span> <span class='ocrx_word' id='word_1_323' title='bbox 512 2738 692 2776; x_wconf 74' lang='lat' dir='ltr'>Videtur</span> <span class='ocrx_word' id='word_1_324' title='bbox 709 2739 879 2776; x_wconf 84' lang='lat' dir='ltr'>emend.</span> <span class='ocrx_word' id='word_1_325' title='bbox 901 2750 951 2776; x_wconf 86' lang='lat' dir='ltr'>ex</span> <span class='ocrx_word' id='word_1_326' title='bbox 970 2739 1290 2776; x_wconf 84' lang='lat' dir='ltr'>committuntur.</span> 
     </span>
    </p>
   </div>
   <div class='ocr_carea' id='block_1_4' title="bbox 202 2886 1367 2987">
    <p class='ocr_par' dir='ltr' id='par_1_5' title="bbox 202 2886 1367 2987">
     <span class='ocr_line' id='line_1_37' title="bbox 203 2886 1367 2932; baseline -0.003 -5"><span class='ocrx_word' id='word_1_327' title='bbox 203 2891 211 2910; x_wconf 89' lang='lat'>¹</span> <span class='ocrx_word' id='word_1_328' title='bbox 264 2889 308 2928; x_wconf 92' lang='lat' dir='ltr'>P.</span> <span class='ocrx_word' id='word_1_329' title='bbox 330 2889 475 2927; x_wconf 87' lang='lat' dir='ltr'>Petrus</span> <span class='ocrx_word' id='word_1_330' title='bbox 494 2887 786 2925; x_wconf 88' lang='lat' dir='ltr'>Ribadeneira.</span> <span class='ocrx_word' id='word_1_331' title='bbox 809 2886 871 2924; x_wconf 82' lang='lat' dir='ltr'>Cf.</span> <span class='ocrx_word' id='word_1_332' title='bbox 897 2887 1207 2931; x_wconf 79' lang='lat' dir='ltr'>Rz&#39;badeneira,</span> <span class='ocrx_word' id='word_1_333' title='bbox 1229 2886 1262 2932; x_wconf 77' lang='lat' dir='ltr'>I,</span> <span class='ocrx_word' id='word_1_334' title='bbox 1283 2886 1367 2924; x_wconf 84' lang='lat'><strong>337.</strong></span> 
     </span>
     <span class='ocr_line' id='line_1_38' title="bbox 202 2946 796 2987; baseline -0.002 0"><span class='ocrx_word' id='word_1_335' title='bbox 202 2950 215 2970; x_wconf 81' lang='lat'>²</span> <span class='ocrx_word' id='word_1_336' title='bbox 264 2949 310 2987; x_wconf 93' lang='lat' dir='ltr'><strong>P.</strong></span> <span class='ocrx_word' id='word_1_337' title='bbox 332 2947 538 2987; x_wconf 80' lang='lat' dir='ltr'>Oliverius</span> <span class='ocrx_word' id='word_1_338' title='bbox 558 2946 796 2986; x_wconf 86' lang='lat' dir='ltr'>Manareus.</span> 
     </span>
    </p>
   </div>
   <div class='ocr_carea' id='block_1_5' title="bbox 1883 0 1908 3446">
    <p class='ocr_par' dir='ltr' id='par_1_6' title="bbox 1883 0 1908 3446">
     <span class='ocr_line' id='line_1_39' title="bbox 1883 0 1908 3446; baseline 0 0"><span class='ocrx_word' id='word_1_339' title='bbox 1883 0 1908 3446; x_wconf 95' lang='lat' dir='ltr'> </span> 
     </span>
    </p>
   </div>
  </div>
 </body>
</html>
