1908 3446
493 182 833 220 323—LAURE'so
864 183 877 220 l
903 183 1104 230 JANUARn
1136 184 1224 221 1560
1557 186 1626 222 433

668 251 679 267 0

0 300 9 328 '.
55 287 355 326 adolescentes
376 289 466 321 tres
486 285 877 334 praesentauimus,
902 297 1011 336 quos
1034 285 1315 336 moguntinus
1345 287 1576 336 episcopus
1601 288 1606 305 ¹
1631 288 1673 323 in

8 378 9 388 π
54 357 300 407 theologico
324 355 467 393 studio
490 356 603 405 apud
625 369 704 394 nos
727 357 829 403 alet,
863 363 909 394 vt
942 370 1094 394 eorum
1127 370 1260 407 opera
1296 358 1336 394 in
1373 370 1449 394 sua
1486 358 1675 395 ccclesia

4 444 10 477 i
55 433 147 480 post
178 432 333 465 vtatur.
370 427 417 463 In
448 427 751 465 conseruanda
773 427 985 478 religione
1008 428 1190 478 diligens
1214 434 1295 474 est,
1322 432 1365 465 et
1387 428 1428 465 in
1452 428 1672 465 fundando

56 498 253 549 collegio,
291 502 336 534 vt
371 510 515 547 spero,
553 511 708 547 parcus
744 512 830 536 non
872 498 967 536 erit.
1012 498 1170 537 Scribit
1204 499 1331 536 nobis
1372 499 1675 548 popardiensis

55 575 196 622 pastor
227 574 239 592 2
270 567 587 619 archiepiscopi
610 571 879 608 treuerensis
900 574 912 592 ³
934 571 1109 607 nomine
1132 570 1281 608 literas
1303 568 1355 607 ad
1378 571 1429 607 D.
1454 570 1675 608 Canisium

55 646 219 694 paratas
240 648 259 665 a
280 641 428 687 tuisse,
462 641 616 691 quibus
648 642 874 679 vocandus
907 646 1024 679 esset
1060 642 1303 688 Treuerim,
1338 646 1384 679 vt
1414 642 1558 679 locum
1591 642 1677 679 col-

55 712 166 763 legio
189 717 333 762 aptum
357 711 558 762 eligeret,
585 717 627 749 et
650 711 704 749 de
728 713 920 750 coeteris
942 713 1162 763 requisitis
1186 725 1282 750 cum
1304 712 1498 762 principe
1522 718 1677 750 tracta-

55 788 132 822 ret.
172 783 425 831 [Tumultus]
450 783 469 807 ἲ)
490 796 568 833 per
598 783 847 822 haereticos
872 784 1090 822 excitatus
1111 783 1272 821 auxilio
1296 783 1442 821 diuino
1483 784 1678 821 sublatus

58 860 119 893 est
139 857 166 892 ⁴.
190 854 291 891 Eius
312 854 521 891 authores
543 855 775 905 proscripti
797 861 911 893 sunt.
937 856 1139 894 Consulis
1168 855 1388 902 catholici,
1421 856 1494 906 qui
1525 855 1678 893 aduer-

56 939 124 964 sus
145 925 356 975 collegam
380 930 422 962 et
446 925 538 963 eius
560 925 853 964 adhaerentes
875 927 1082 976 populum
1104 926 1145 963 in
1177 926 1393 977 religione
1430 926 1680 965 orthodoxa

58 1002 107 1036 et·
125 996 209 1034 fide
240 996 433 1046 episcopi
465 997 761 1043 conseruauit,
794 998 907 1035 filius
937 997 1070 1035 hodie
1100 1002 1252 1035 noster
1285 997 1514 1035 conuictor
1537 998 1679 1035 factus

59 1072 135 1108 est.
171 1069 292 1106 Haec
326 1081 397 1106 res
433 1069 467 1106 si
502 1081 599 1107 cum
635 1069 892 1120 moguntino
929 1070 1266 1120 treuerensique
1302 1069 1526 1117 succedat,
1564 1070 1680 1108 haud

57 1139 181 1178 dubie
204 1139 465 1178 coloniensis
487 1140 783 1191 archipraesul
805 1140 817 1157 ⁵
839 1141 893 1178 ad
923 1141 1038 1179 idem
1072 1141 1377 1191 expectabitur
1400 1148 1430 1179 0.
1457 1140 1679 1189 Quantum

57 1215 196 1250 autem
225 1210 436 1249 aduersus
467 1212 718 1250 haereticos
747 1212 1078 1250 fundamentum
1111 1211 1428 1250 catholicorum
1461 1213 1556 1260 erit,
1590 1219 1681 1251 tres

10 1257 16 1356 l
61 1280 377 1320 ecclesiasticos
416 1283 634 1333 principes
675 1284 897 1321 electores
944 1283 1254 1322 SOCIETATI
1294 1284 1553 1323 aedificasse
1594 1285 1680 1323 col-

8 1359 17 1439 1
59 1354 187 1405 legia?
216 1354 434 1405 Rogamus
465 1354 612 1405 itaque
644 1356 691 1392 R.
727 1356 772 1393 P.
807 1355 856 1393 T.
892 1360 938 1392 vt
968 1355 1033 1393 his
1060 1355 1326 1406 principibus
1350 1360 1393 1394 et
1414 1356 1680 1394 Germaniae

14 1441 17 1457 ε
61 1426 292 1464 elementer
313 1426 469 1464 adesse
491 1427 616 1464 velis.
642 1427 901 1466 Cui-abimus
924 1440 1021 1465 cum
1045 1429 1175 1465 Patre
1192 1428 1385 1475 Canisio,
1409 1434 1457 1466 vt
1477 1428 1683 1467 inchoata

10 1459 18 1548 i
60 1496 343 1547 perficiantur,
382 1502 425 1535 et
459 1497 616 1536 fratres
646 1511 727 1536 nos
763 1498 1021 1549 colligemus
1054 1504 1098 1536 et
1133 1499 1174 1536 in
1204 1499 1343 1538 literis
1378 1499 1681 1551 religioneque

13 1557 18 1584 ¹
58 1567 339 1606 instituemus.
381 1569 544 1607 Verum
586 1570 783 1608 exactius
829 1569 1095 1608 erudiendos
1141 1576 1184 1608 et
1234 1571 1511 1609 exercendos
1556 1573 1682 1610 vobis

58 1639 406 1678 transmittemus.
429 1638 603 1690 [Preces
619 1641 825 1690 postulat
841 1642 881 1679 ez}
897 1641 996 1679 vale
1014 1640 1155 1690 dicim
1178 1642 1407 1689 Coloniae,
1427 1655 1540 1681 anno
1564 1644 1678 1691 1560.

816 1782 929 1833 525

438 1887 496 1933 Ρ,
547 1888 968 1934 RAPHAEL
1023 1889 1297 1936 RIERA

19 1992 23 2040 ς
548 1992 746 2020 LAURETO
776 1983 790 2019 1
815 1993 1015 2031 jANUARn
1046 1984 1135 2021 1560
1160 1984 1185 2020 ⁶.

16 2049 23 2127 Ἰ
65 2063 96 2102 1.
126 2063 254 2103 Aeris
289 2063 589 2113 inclementia,
626 2066 742 2106 socii
775 2066 923 2117 aliqui
962 2067 1054 2106 alio
1094 2068 1368 2120 migrantes,
1410 2084 1502 2109 uon
1535 2072 1684 2110 solum

138 2129 348 2178 Laborem,
371 2132 447 2170 sed
469 2130 577 2170 aliis
597 2131 735 2171 etiam
756 2131 921 2171 vicinis
943 2133 1119 2184 oppidis
1152 2134 1393 2184 spirituale·
1421 2137 1684 2187 adjumento

130 2193 337 2245 fuerunt.
358 2196 435 2234 -2,
461 2197 526 2236 De
545 2197 779 2237 sociorum
801 2198 848 2236 iu
869 2198 1037 2238 litteris
1066 2202 1106 2238 et
1135 2199 1384 2239 virtutibus
1412 2204 1681 2253 progressu.

140 2259 202 2299 De
221 2273 377 2300 rerum
398 2262 755 2302 lauretanarum
775 2266 914 2303 statu.

119 2371 152 2399 1.
209 2364 236 2412 ἦ·
265 2362 417 2402 Gratia
437 2370 486 2413 et,
502 2377 586 2415 pax
607 2366 677 2404 X.i
716 2365 794 2405 Vix
825 2367 1007 2405 tandem
1031 2368 1134 2417 post?
1164 2368 1335 2406 multas
1365 2367 1687 2409 distractiones

25 2469 27 2472 .
66 2443 115 2470 ex
145 2432 346 2473 locorum
381 2447 623 2486 rerumque
664 2437 995 2476 mutationibus
1035 2440 1312 2487 contractas,
1352 2442 1599 2479 admodum
1631 2441 1684 2479 R.

111 2566 131 2587 ἢ
177 2576 339 2615 paratus
361 2581 438 2608 ms.
492 2573 558 2597 —b
580 2572 766 2610 Lacuna
786 2575 831 2610 in
851 2583 930 2610 ms.
986 2581 1050 2599 ——e
1072 2574 1143 2611 Sz'c
1161 2584 1238 2611 ms.
1257 2579 1337 2621 pro
1357 2575 1600 2612 excitabitur
1622 2576 1681 2620 (P).

113 2695 122 2715 ¹
171 2694 318 2733 Daniel
337 2696 514 2734 Brendel
534 2697 583 2733 de
604 2697 832 2745 Homburg.

172 2754 315 2793 Petrus
332 2755 367 2792 F
370 2756 460 2793 ahe.

172 2812 343 2859 Joannes
361 2816 410 2852 de
430 2815 552 2852 Petra
572 2817 666 2860 (von
685 2817 757 2853 der
775 2816 954 2865 Leyen).

172 2872 234 2910 Cf.
256 2873 609 2921 BRAUNSBERGER,
631 2875 684 2912 B.
707 2875 832 2914 Petri
853 2877 1018 2913 Cam'sii
1034 2878 1171 2923 epist„
1192 2878 1242 2923 ΙΙ,
1262 2878 1345 2915 533.

166 2930 341 2978 Joannes
359 2932 602 2972 Gebhardus
620 2948 643 2972 a
663 2935 880 2973 Mansfeld.

173 2990 234 3028 Ex
251 2993 436 3039 originali
455 2994 631 3041 (autogr.
653 2995 682 3040 P)
702 2996 742 3032 in
769 2996 853 3032 cod.
884 2996 1011 3033 Rom.
1041 2996 1121 3034 126
1137 2997 1186 3041 A,
1216 2996 1258 3034 ff.
1287 2997 1346 3042 83,
1375 2998 1434 3043 8⁴13
1469 2997 1578 3044 prius
1607 2998 1687 3036 163.

206 3075 367 3103 Lumina
387 3078 792 3111 Quanmmnsrasss.—TOM.
815 3080 867 3106 V1.
1516 3080 1550 3106 28

113 2754 125 2774 8

112 2811 125 2832 8

111 2871 125 2891 4

111 2929 124 2950 5

113 2988 127 3008 ⁸
