1908 3446
20 2620 22 2635 l

20 2700 23 2717 1

461 139 845 177 328.—V1N120130NA
879 139 891 175 l
918 139 1119 185 JANUARH
1150 138 1238 175 1560
1546 138 1614 173 459

15 260 17 265 ¹
42 243 170 282 dubie
194 244 238 279 P.
264 242 312 280 T.
339 243 403 288 Κ,
428 254 504 292 pro
529 254 581 279 eo
605 255 691 291 quo
728 255 807 279 nos
829 253 978 279 amore
1002 241 1293 291 prosequitur,
1330 245 1372 277 ut
1398 240 1489 277 eius
1521 239 1662 275 anima

42 314 94 353 sit
115 326 190 363 pro
214 325 334 350 more
358 312 596 351 Societatis
620 314 714 350 Deo
739 312 839 362 Opt.
866 313 977 350 Max.
1004 311 1310 349 commendata
1331 324 1354 348 a
1376 308 1551 348 nostris.

98 395 155 432 13.
217 385 341 424 Circa
372 383 486 422 idem
509 390 681 434 tempus
713 388 909 422 curatum
940 383 1010 421 1116
1041 389 1107 421 est
1138 395 1214 433 per
1250 388 1441 427 nostros,
1476 387 1522 418 ut
1544 380 1660 429 quod

43 457 265 507 Augustae
288 468 384 494 cum
407 457 598 494 Caesare
620 455 798 493 tractari
820 461 1026 505 coeptum
1050 460 1157 501 erat,
1182 454 1487 505 perficeretur,
1520 465 1570 490 ac
1592 466 1661 489 an-

42 529 112 568 nui
134 540 291 566 census
311 536 390 576 450
410 528 691 573 florenorum,
717 540 815 565 cum
838 539 993 577 magna
1014 526 1096 564 alia
1113 538 1279 564 summa
1299 525 1514 576 pecuniae
1542 536 1662 574 prae-

43 600 180 640 teritis
197 598 318 637 annis
337 599 495 637 eodem
512 599 554 636 in
571 599 686 644 loco,
714 598 789 636 ubi
809 608 891 647 450
908 594 1531 648 illipraememoratifloreni
1545 594 1667 633 sumi

43 672 207 718 debent,
240 671 442 717 collecta,
466 670 728 721 pauperibus
751 670 791 707 in
827 683 943 708 nouo
976 669 1166 720 collegio
1200 670 1367 719 Pragae
1390 674 1408 692 a
1431 666 1510 704 sub
1540 665 1665 704 disci-

42 744 153 795 plina
174 742 401 781 societatis
422 741 700 780 instituendis
722 740 943 779 darentur.

98 826 158 864 14.
217 814 315 852 Hoc
336 814 440 851 item
458 825 608 851 mense
627 817 833 863 coeptum
852 818 933 859 est,
954 818 999 851 ut
1017 825 1165 851 ueram
1182 825 1260 862 pro
1278 812 1353 849 X.0
1370 815 1566 849 amanter
1584 808 1666 846 dis-

45 899 187 925 camus
208 891 511 936 paupertatem
534 890 717 924 matrem
738 890 932 924 nostram
954 884 1208 934 amplexari,
1232 895 1421 933 peregre
1443 894 1520 932 pro
1544 893 1666 919 more

45 957 276 998 Societatis
297 957 455 995 fratres
476 958 641 1006 absque
659 957 755 994 ullis
772 955 1015 1006 sumptibus
1032 954 1158 1001 mitti,
1178 959 1226 992 vt
1246 953 1350 991 nihil
1367 953 1437 991 hic
1454 952 1594 990 dicam
1613 951 1666 989 de

46 1028 452 1069 mortificationibus
473 1041 550 1080 pro
582 1029 737 1066 summi
760 1027 983 1066 Pontificis
1012 1038 1224 1078 prospera
1255 1025 1475 1063 electione
1506 1030 1530 1070 ¹,
1563 1023 1667 1061 ieiu-

45 1102 124 1152 nijs
144 1106 274 1152 atque
296 1101 498 1151 flagellis,
517 1100 559 1138 in
587 1100 742 1150 quibus
766 1100 965 1138 omnibus
987 1099 1214 1144 hactenus,
1240 1098 1365 1135 hand
1386 1094 1549 1134 inuitis
1562 1094 1668 1146 fra-

47 1172 189 1212 tribus
212 1173 246 1220 b,
279 1177 615 1224 perseveratum
648 1177 729 1210 est.
765 1172 890 1221 Quae
921 1175 1067 1208 autem
1099 1170 1140 1207 in
1162 1167 1257 1206 dies
1287 1168 1329 1206 in
1365 1167 1555 1218 collegio
1579 1172 1668 1204 tum

45 1245 256 1297 priuatim,
283 1251 373 1282 tum
403 1244 578 1294 publice
610 1244 754 1281 solent
786 1242 854 1281 edi
887 1242 1084 1292 corporis
1105 1254 1157 1279 ac
1177 1241 1308 1279 animi
1338 1239 1668 1290 castigationeS‚

47 1330 128 1369 quo
151 1317 305 1355 melius
335 1328 459 1354 mens
494 1321 644 1353 nostra
674 1314 792 1353 uiuat
816 1316 911 1353 Deo
935 1314 1140 1360 creatori,
1171 1314 1300 1364 eique
1321 1312 1561 1350 adhaereat
1582 1311 1670 1361 ple-

47 1389 152 1435 nius,
177 1388 366 1426 sanctius
389 1387 551 1425 seruiat
572 1392 704 1437 atque
726 1386 905 1433 firmius,
930 1386 971 1423 in
1002 1397 1177 1423 menses
1199 1383 1405 1436 digerere
1435 1396 1523 1421 non
1552 1382 1670 1420 libet.

48 1459 168 1497 Faxit
199 1459 411 1496 Dominus
442 1462 487 1495 ut
517 1457 544 1507 ij
578 1465 595 1483 e
616 1462 705 1496 tam
725 1457 782 1508 pij
814 1457 995 1495 fratrum
1026 1456 1205 1507 igniculi
1225 1456 1267 1493 in
1302 1456 1560 1493 immensum
1582 1459 1673 1491 tan-

49 1530 144 1568 dem
167 1534 427 1568 excrescant
448 1528 714 1576 incendium,
746 1541 832 1579 quo
856 1528 1120 1568 Germaniae
1142 1527 1279 1565 totius
1300 1527 1550 1564 inueterata
1578 1538 1672 1575 per-

49 1602 146 1640 fidia
165 1600 469 1647 inflammetur,
492 1601 624 1650 atque
642 1599 920 1638 arnburatur
938 1612 992 1638 ac
1008 1597 1189 1649 penitus
1211 1596 1296 1637 Dei
1317 1598 1466 1636 cultus
1485 1610 1538 1635 ac
1556 1595 1671 1634 antit-

51 1686 137 1724 qzca
153 1672 314 1724 pietas,
339 1671 575 1712 daemonis
613 1673 717 1710 astu
746 1671 853 1710 hinc
881 1671 1081 1717 sublata,
1121 1671 1303 1709 tandem
1335 1668 1674 1721 afflictissimae

52 1744 152 1785 huic
170 1743 300 1796 genti
328 1743 414 1784 Dei
447 1747 524 1795 ope
560 1743 854 1789 restituatun·
886 1744 1006 1792 quod
1038 1741 1166 1782 breui
1193 1741 1433 1793 Ῐιιίιινατνι,
1472 1739 1563 1779 nisi
1592 1753 1675 1778 nos

52 1830 198 1856 omnes
219 1817 388 1856 obicem
415 1819 599 1867 ponere,
633 1817 682 1854 ut
717 1815 959 1866 coepimus,
980 1817 1251 1866 pergamus,
1271 1814 1556 1853 uehementer
1585 1815 1674 1862 spe-

52 1891 247 1928 randum
282 1890 411 1928 duco.
451 1887 538 1928 Sed
560 1890 619 1926 ad
656 1887 701 1926 id
736 1889 853 1927 unde
889 1885 1130 1938 digressus
1150 1899 1251 1925 sum
1279 1887 1508 1931 reuertar;
1532 1883 1676 1924 dehis

53 1973 161 2011 qnae
181 1960 435 2000 Nouembri
455 1959 690 2012 contigere
724 1959 1001 2006 narrabam,
1039 1957 1202 2009 quibus
1236 1957 1323 1997 rite
1352 1955 1623 2008 perscriptis
1657 1956 1676 1980 d

53 2032 291 2071 summatim
315 2045 367 2070 ea
387 2044 500 2084 quae
522 2030 761 2070 Decembri
781 2038 799 2056 θ
828 2036 1068 2069 consecuta
1100 2035 1199 2068 sunt
1219 2030 1447 2081 attingam,
1471 2041 1584 2080 quae
1615 2030 1677 2066 ἰού

55 2117 105 2142 ac
125 2105 254 2143 tanta
274 2106 395 2151 sunt,
419 2105 468 2142 ut
490 2117 541 2143 ea
559 2104 697 2142 cuiuis
715 2103 954 2142 animarum
972 2103 1158 2140 salutem
1178 2101 1420 2152 exoptanti,
1440 2113 1528 2139 non
1545 2100 1676 2138 modo

58 2175 221 2223 uidere,
245 2176 324 2214 sed
344 2175 495 2214 audire
517 2187 694 2226 quoque
715 2175 951 2214 iucundum
975 2187 1073 2213 esse
1100 2174 1253 2224 possit.
1287 2172 1455 2224 Ecquid
1477 2172 1591 2210 enim
1613 2177 1679 2210 tot

58 2246 253 2285 homines
274 2247 316 2285 in
337 2246 486 2285 matris
509 2245 727 2285 ecelesiae
749 2245 1049 2284 sanctissimos
1071 2245 1329 2296 complexus
1359 2243 1561 2292 redijsse,
1585 2243 1680 2294 quis

54 2329 137 2354 non
153 2316 363 2368 gaudeat?
385 2322 452 2355 tot
473 2316 729 2355 desertores
763 2315 933 2368 priscae
968 2316 1147 2366 pietatis
1181 2328 1232 2353 36
1266 2319 1553 2366 peruetustae
1584 2314 1680 2352 reli-

58 2386 211 2437 gionis,
237 2386 381 2427 eidem
403 2388 562 2426 iterato
594 2400 642 2425 se
678 2386 871 2435 dedisse,
909 2385 1005 2438 quis
1033 2399 1120 2425 non
1150 2385 1416 2437 gratuletur?
1437 2386 1525 2424 Tot
1553 2384 1680 2423 leuis-

54 2458 183 2497 simos
203 2459 436 2511 trasfugas,
462 2464 628 2497 mutato
653 2459 853 2506 consilio,
878 2458 932 2497 ad
955 2470 1028 2496 eas
1051 2470 1099 2496 se
1117 2457 1358 2496 contulisse
1379 2463 1541 2508 partes,
1575 2469 1682 2507 quas

59 2531 296 2582 oppugnari
317 2530 459 2569 adorti
482 2536 620 2578 erant,
645 2543 775 2580 quem
797 2530 950 2569 uidere
971 2543 1059 2570 non
1080 2529 1297 2568 delectet?

111 2612 169 2651 15.
228 2603 537 2641 Exonerarunt
570 2601 830 2653 praesertim
865 2602 931 2640 his
959 2601 1167 2651 natalitijs
1202 2600 1355 2639 CHRI.
1389 2599 1521 2652 JESV
1557 2599 1682 2638 festis

103 2751 122 2771 a
167 2753 257 2800 Seq.
276 2753 356 2790 del.
375 2758 448 2790 est.
503 2753 569 2778 -b
595 2752 800 2789 alacriter.
855 2758 918 2777 —0
939 2750 1075 2788 Prius
1093 2750 1162 2799 hij.
1216 2750 1283 2775 —d
1304 2750 1396 2786 iam.
1443 2756 1507 2774 -θ
1529 2760 1683 2786 mense.

108 2884 114 2903 ¹
168 2884 208 2921 S.
242 2883 286 2921 P.
320 2883 473 2920 Paulus
504 2882 565 2920 IV
597 2882 693 2919 obiit
725 2882 787 2919 die
828 2882 869 2919 18
904 2881 1095 2928 Augustii
1134 2881 1235 2924 1559,
1274 2881 1441 2929 ejusque
1477 2892 1684 2917 successor

61 2941 154 2980 Pius
171 2942 232 2980 IV
250 2944 406 2981 electus
427 2947 486 2980 est
506 2941 570 2979 die
589 2941 636 2978 25
654 2941 895 2979 Decembris
916 2941 1098 2991 ejusdem
1116 2941 1225 2978 anni.
