2095 3623
414 286 458 324 12
878 289 1097 327 LITTERAE
1123 290 1478 337 QUADmMESTREs

367 397 390 422 a
408 385 662 425 domesticis
680 393 887 434 sumatur,
913 400 1079 435 omnes,
1104 388 1186 425 Dei
1202 389 1355 439 gratia,
1376 394 1497 426 recte
1517 394 1560 426 et
1582 388 1723 426 animo
1744 394 1786 426 et
1805 400 1989 437 corpore

364 457 527 505 valent3
549 460 674 497 solus
696 460 753 497 M.
791 459 1079 497 Baldnmus¹
1112 459 1455 511 infebrieztlam
1484 461 1554 499 his
1584 460 1737 498 diebus
1765 458 1937 504 incidit,
1964 472 1989 496 a

365 540 454 577 qua
493 529 743 567 conualuit.
782 529 969 568 Student
1011 543 1163 568 omnes
1202 531 1526 569 mortificationi
1566 529 1711 568 iudicii
1746 529 1908 580 proprii
1949 535 1992 567 et

363 598 478 637 veris
495 600 728 638 virtutibus
745 601 1039 651 adquirendis3
1058 600 1112 639 de
1130 602 1333 639 fratribus
1355 603 1524 652 loquor,
1545 615 1727 651 quorum
1745 613 1951 639 numerus
1973 609 1991 626 ἃ

362 671 446 709 iam
462 671 555 710 fere
572 671 828 710 vicesimum
846 673 1035 724 attingit,
1059 678 1384 724 augereturque
1402 674 1443 711 in
1461 673 1569 720 dies,
1594 672 1675 710 nisi
1691 671 1756 710 his
1773 671 1991 723 principiis

363 741 632 782 difficiliores
654 744 708 782 ad
729 745 913 783 iuuenes
935 744 1211 794 recipiendos
1233 758 1280 782 se
1304 746 1504 784 consulto
1537 746 1688 782 Patres
1710 746 1988 794 praeberent.

366 815 568 865 Quinque
589 817 609 841 b
630 829 812 854 numero
849 816 1106 855 sacerdotes
1139 830 1301 859 sumus
1341 823 1383 854 et
1419 823 1618 868 quatuor,
1654 819 1837 867 praeter
1873 816 1990 862 illos,

364 886 574 937 magistri,
599 894 615 912 0
637 886 751 925 serio
771 887 923 925 studiis
946 893 989 925 et
1010 887 1287 935 lectionibus,
1313 889 1710 939 discipulorumque
1741 888 1994 939 progressui

363 963 535 996 vacant.
560 960 735 1009 Regens
756 963 768 983 2
790 960 1014 998 rhetorum
1038 972 1183 997 euram
1206 959 1333 1010 gerit,
1359 960 1412 998 M.
1438 961 1674 999 Balduinus
1695 960 1990 1010 physicorum,

367 1030 421 1068 M.
440 1031 631 1080 Joannes
653 1031 883 1068 Berkelius
904 1031 1106 1081 poeticae
1131 1031 1294 1078 classis,
1320 1032 1373 1070 M.
1399 1033 1642 1083 Gregorius
1664 1032 1822 1069 Fabius
1844 1032 1994 1069 classis

364 1102 675 1151 grammaticae
699 1102 950 1152 superioris,
975 1102 1029 1139 M.
1056 1102 1254 1141 Andreas
1285 1104 1493 1153 Phrysius
1513 1103 1526 1122 ³
1557 1104 1866 1155 grammaticae
1888 1103 1993 1141 infe-

364 1173 506 1220 rioris3
530 1186 614 1224 ego
637 1179 784 1211 autem
806 1187 946 1211 nouos
968 1173 1137 1225 logicos
1159 1173 1200 1211 in
1221 1175 1336 1213 festo
1360 1174 1561 1213 Omnium
1584 1176 1843 1214 Sanctorum
1871 1188 1992 1214 rece-

362 1245 419 1295 pi.
445 1245 499 1283 M.
525 1245 741 1283 Henricus
764 1244 998 1295 Dionysius
1019 1252 1195 1296 praeter
1218 1247 1476 1285 concionem
1500 1247 1653 1285 summi
1681 1248 1831 1297 templi
1857 1247 1992 1298 (quod

362 1330 516 1354 munus
539 1330 704 1354 summa
734 1330 830 1355 eum
862 1317 989 1355 laude
1020 1319 1209 1369 peragit)
1243 1319 1285 1356 in
1315 1319 1463 1361 sacris,
1496 1317 1731 1356 sabbatinis
1763 1319 1916 1357 diebus
1948 1325 1990 1357 et

363 1387 590 1427 dominicis
621 1389 895 1426 iuuentutem
924 1390 1050 1427 nobis
1086 1390 1384 1428 concreditam
1414 1390 1613 1429 instituit.
1648 1392 1744 1429 Duo
1782 1403 1834 1428 ex
1870 1404 1992 1441 prae-

363 1459 615 1510 ceptoribus
636 1460 690 1498 ad
711 1460 892 1511 gradum
914 1462 1249 1500 baculaureatus
1266 1463 1329 1507 (vt
1346 1463 1525 1511 vocant)
1546 1463 1587 1500 in
1608 1463 1835 1513 theologia
1855 1476 1992 1513 nuper

363 1531 539 1570 admissi
561 1537 674 1579 sunt,
698 1545 882 1583 quorum
905 1533 1014 1570 alter
1036 1533 1090 1571 M.
1110 1534 1300 1583 Joannes
1328 1533 1556 1571 Berkelius
1583 1534 1666 1571 iam
1697 1539 1841 1571 actum
1879 1534 1992 1572 cele-

361 1603 520 1650 brauit3
543 1603 652 1641 alter
675 1604 730 1642 M.
754 1603 997 1654 Gregorius
1019 1604 1176 1642 Fabius
1197 1609 1296 1655 post
1317 1618 1481 1655 paucos
1504 1604 1612 1652 dies,
1631 1604 1788 1655 prima
1811 1608 1991 1655 oportu-

361 1674 504 1714 nitate
525 1676 677 1722 nacta,
702 1675 1047 1726 promouebitur.
1068 1675 1167 1713 Non
1184 1676 1476 1714 inconsultum
1500 1676 1614 1714 enim
1634 1675 1808 1714 videtur
1826 1677 1880 1714 ad
1897 1690 1991 1728 gra-

359 1746 438 1784 dus
460 1746 638 1784 altiores
659 1751 834 1784 nostros
854 1759 1134 1797 promouere,
1159 1760 1257 1785 curn
1288 1747 1330 1784 in
1360 1747 1434 1785 tali
1465 1752 1581 1785 statu
1611 1760 1682 1785 res
1713 1747 1990 1786 colonienses

360 1817 458 1863 sint,
491 1821 537 1855 vt
569 1817 660 1855 sine
691 1817 1040 1867 promotionibus
1060 1830 1145 1856 nec
1165 1818 1433 1864 authoritati,
1458 1831 1541 1856 nec
1564 1817 1875 1857 existimationi
1896 1832 1990 1857 eru-

361 1887 536 1927 ditionis
558 1889 670 1927 vllus
692 1889 745 1926 sit
766 1889 905 1927 locus.
930 1891 1017 1927 Ista
1041 1889 1093 1927 de
1115 1888 1319 1927 fratribus
1340 1903 1470 1939 porro
1494 1889 1724 1928 sufficiant.

414 1970 450 1998 2.
513 1960 643 2009 Quod
665 1960 715 1998 ad
736 1960 1006 1998 domesticos
1023 1966 1168 1998 autem
1188 1961 1468 1999 conuictores
1485 1961 1656 2007 attinet,
1677 1967 1822 1999 tantus
1841 1974 1991 2000 eorum

362 2036 429 2069 est
449 2044 671 2079 numerus,
697 2037 742 2069 vt
764 2032 823 2069 illi
851 2031 1115 2069 multitudini
1137 2032 1376 2082 capiendae
1407 2032 1541 2070 aedes
1571 2038 1749 2071 nostrae
1781 2034 1993 2072 hactenus

360 2115 448 2141 non
479 2102 751 2149 suffecerint,
786 2115 982 2153 opusque
1009 2102 1141 2140 fuerit
1163 2103 1336 2153 saepius
1358 2103 1413 2141 de
1436 2104 1639 2154 augendo
1662 2105 1760 2143 loco
1783 2103 1897 2142 serio
1921 2118 1991 2143 co-

360 2173 516 2225 gitare.
555 2174 665 2211 Nam
697 2179 740 2212 et
766 2186 881 2211 nune
909 2177 1086 2224 praeter
1116 2173 1251 2211 aedes
1286 2173 1451 2212 vicinas
1486 2187 1592 2225 quas
1628 2175 1990 2225 comparauimus,

358 2244 484 2283 aliam
525 2244 655 2282 etiam
695 2244 871 2282 domum
911 2243 1215 2294 amplissimam
1260 2244 1568 2292 conduximus,
1616 2250 1662 2284 vt
1701 2247 1783 2285 hac
1821 2245 1990 2285 ratione

357 2316 534 2354 tandem
564 2316 688 2354 locus
718 2314 822 2353 satis
854 2327 990 2364 capax
1021 2315 1286 2354 efficeretur.
1321 2315 1479 2354 Sumus
1510 2329 1618 2354 vero
1649 2317 1842 2355 vniuersi
1870 2317 1889 2341 d
1920 2316 1993 2355 hic

358 2387 531 2425 circiter
552 2388 616 2433 80,
641 2386 689 2424 in
720 2385 879 2435 quibus
901 2387 989 2424 dno
1021 2385 1213 2424 admissi
1240 2389 1345 2424 sunt
1375 2386 1446 2435 (ob
1472 2386 1763 2438 singularem
1790 2387 1992 2438 insignis

355 2457 602 2509 probitatis
622 2455 989 2507 expectationem)
1012 2456 1091 2506 qui
1105 2457 1301 2507 propria
1322 2459 1504 2507 quadra
1525 2458 1741 2497 viuerent.
1767 2458 1992 2496 Conantur

361 2543 514 2569 omnes
535 2528 745 2580 pietatem
774 2540 871 2566 cum
901 2528 1039 2566 literis
1068 2528 1352 2579 coniungere,
1383 2542 1510 2580 quam
1542 2528 1874 2580 diligentissime
1905 2530 1991 2568 col-

358 2600 466 2653 legii
486 2601 612 2652 leges
634 2599 939 2645 obseruantes‚
959 2603 1006 2636 vt
1026 2611 1156 2637 nemo
1179 2598 1389 2638 videlicet
1415 2600 1563 2647 domo,
1592 2613 1679 2639 non
1705 2599 1844 2651 petita
1862 2600 1992 2639 venia

406 2768 426 2787 a
476 2766 591 2804 Add.
612 2767 660 2803 in
679 2776 818 2811 marg.
838 2776 865 2802 a
897 2763 1099 2807 Ροίανιεο,
1129 2768 1169 2801 et
1193 2764 1335 2802 deleta
1362 2772 1525 2811 praeter
1551 2766 1784 2803 sacerdotes
1809 2771 1850 2803 et
1875 2778 1990 2812 prae-

360 2832 559 2874 ceptores.
615 2827 681 2851 —b
703 2828 867 2872 praeter
884 2824 989 2861 illos.
1043 2831 1108 2850 ——0
1127 2824 1208 2871 qui.
1263 2825 1329 2850 —d
1349 2826 1573 2863 domestici.

410 2984 419 3004 ¹
472 2981 700 3019 Balduinus
718 2980 768 3017 ab
788 2980 969 3027 Angelo.

409 3042 422 3062 ²
471 3041 517 3078 P.
534 3040 715 3087 Joannes
733 3039 922 3076 Rethius.

409 3101 422 3121 ³
472 3100 635 3138 Dicitur
645 3099 776 3161 ¹etiarn
794 3098 987 3136 Andreas
1007 3097 1233 3136 Boceatius.
