1908 3446
659 175 991 214 375.—MESSANA
1017 175 1038 212 7
1066 175 1172 224 MAJI
1203 175 1290 213 1560
1670 175 1738 212 637

164 278 214 314 lis
247 285 276 323 ¹,
318 290 403 326 quo
445 278 735 315 Panhormum
776 283 982 323 euocato,
1024 276 1141 327 quod
1182 278 1393 326 reliquum
1436 283 1527 313 erat
1568 277 1783 326 praestitit

167 349 212 386 P.
238 348 441 385 Ottellus.

217 430 254 457 2.
315 418 446 466 Quod
468 418 541 456 diu
561 420 602 456 in
634 421 748 458 uotis
780 420 1063 465 habebamus,
1098 417 1273 455 tandem
1305 419 1397 455 uoti
1419 418 1523 456 facti
1554 424 1786 468 compotes

165 489 406 527 effecimus.
432 490 674 539 Templum,
693 490 810 539 quod
826 490 1052 541 angustius
1072 495 1179 535 erat,
1199 502 1326 539 quam
1346 494 1390 525 ut
1409 489 1700 527 aduentantes
1719 490 1787 526 uel

165 561 391 599 continere
410 561 480 598 uel
498 562 696 611 recipere
713 568 866 611 posset
879 563 905 607 ²,
921 573 1054 611 opera
1071 559 1342 610 quorundam
1360 560 1443 597 iam
1460 561 1574 598 bona
1593 573 1645 597 ex
1664 566 1786 610 parte

164 633 365 682 capacius
400 632 625 676 habemus,
649 637 735 670 tam
758 632 1057 670 immoderatis
1079 631 1312 669 affectibus
1342 643 1469 682 Opem
1502 645 1622 669 suam
1645 632 1725 668 hac
1749 632 1786 669 in

1439 703 1450 721 ³
1476 703 1679 752 expensis
1703 702 1787 740 fac-

163 715 210 740 re
233 702 567 743 conferentium,
593 708 637 740 ut
660 716 745 740 non
769 705 909 741 solum
932 704 1056 740 nullis
1079 701 1121 740 id
1145 704 1190 740 P.
1219 702 1417 739 Rectoris

164 780 252 811 tum
281 772 426 820 fuerit,
451 786 603 811 uerum
628 775 757 811 etiam
791 775 953 812 maiora
989 774 1113 812 nobis
1150 773 1263 811 haud
1294 772 1490 811 obscuris
1521 774 1789 823 argumentis

163 846 447 896 polliceamur
469 845 740 896 propediem.
766 847 818 883 Et
841 847 1038 896 quamuis
1061 846 1196 883 multo
1215 846 1297 882 iam
1315 845 1509 895 pluribus
1527 845 1790 894 recipiendis

161 917 364 964 sufficiat,
378 929 465 954 non
482 918 624 966 potuit
638 923 783 955 tamen
801 923 1001 968 tempore
1019 917 1380 968 quadragesimae
1394 916 1611 954 interdum
1630 916 1789 954 aduen-

162 989 344 1026 tantium
367 988 688 1026 multitudinem
707 988 956 1034 admittere,
978 1001 1075 1026 cum
1097 994 1243 1025 tamen
1260 991 1436 1038 praeter
1459 993 1635 1025 nostros
1653 987 1789 1037 (quod

159 1073 369 1110 perquam
389 1059 582 1097 insolens
606 1064 690 1105 est)
712 1073 798 1098 non
830 1061 1018 1098 rariores
1049 1065 1219 1110 septem
1245 1059 1472 1097 Messanae
1504 1059 1666 1096 fuerint
1688 1071 1789 1096 con-

162 1133 428 1178 cionatoreS,
448 1132 518 1182 qui
538 1137 662 1169 extra
679 1132 1056 1183 quadragesimam
1074 1144 1150 1181 per
1166 1135 1308 1169 totum
1331 1143 1490 1168 annum
1513 1131 1655 1168 silent.
1681 1131 1789 1167 Tres

162 1215 214 1241 ex
237 1204 413 1250 nostris,
435 1204 558 1241 statis
579 1203 836 1253 quibusdam
855 1204 1024 1250 diebus,
1043 1202 1084 1240 in
1108 1203 1306 1253 collegiis
1327 1215 1548 1240 sacrarum
1572 1203 1787 1253 uirginum

162 1275 410 1312 concionati
445 1280 558 1320 sunt,
584 1288 671 1312 non
707 1275 799 1312 sine
835 1288 1016 1321 summa,
1049 1273 1165 1325 quod
1199 1275 1596 1325 compertissimum
1628 1274 1786 1321 habeo,

159 1347 394 1383 animarum
419 1346 572 1384 salute.
599 1347 682 1384 Hic
704 1347 738 1384 si
759 1359 1038 1385 numerosam
1061 1352 1284 1384 cateruam
1303 1346 1357 1384 ad
1382 1358 1526 1383 sacras
1549 1346 1788 1383 conciones

161 1417 473 1455 confluentium
505 1430 776 1464 recenseam,
815 1418 918 1455 nihil
950 1417 1150 1455 fortassis
1180 1418 1283 1454 noui
1315 1428 1553 1455 recensere
1586 1416 1787 1463 uidebor,

160 1495 291 1539 atque
312 1489 382 1526 uel
407 1490 461 1527 ob
480 1487 521 1527 id
544 1490 683 1527 libens
705 1494 849 1536 taceo,
876 1489 947 1526 ubi
969 1489 1085 1539 prius
1106 1488 1213 1526 illud
1235 1487 1464 1535 addidero,
1503 1487 1663 1525 multos
1684 1500 1788 1525 nun-

160 1574 286 1611 quam
308 1566 439 1598 antea
468 1561 510 1598 in
540 1562 705 1611 templo
729 1566 880 1598 nostro
905 1561 1038 1607 uisos,
1062 1573 1220 1610 eosque
1239 1560 1258 1578 a
1280 1559 1787 1616 primariae'nobilitatiS,

161 1632 487 1670 confessionum
518 1633 868 1685 concionumque
900 1631 1041 1683 gratia
1075 1631 1336 1678 accessisse,
1370 1633 1593 1681 quosdam
1623 1631 1642 1655 b
1677 1632 1787 1681 plus-

159 1715 286 1753 quam
299 1703 529 1741 decennali
547 1704 752 1740 uitiorum
769 1704 941 1741 sentina
955 1708 1239 1753 expurgatOS,
1257 1703 1521 1752 plaerosque
1536 1713 1786 1752 persuasos,

159 1780 205 1812 ut
222 1787 327 1825 quas
346 1779 470 1812 extra
487 1774 750 1823 matrimonij
776 1774 1016 1825 compedes
1034 1775 1239 1812 mulieres
1257 1773 1375 1812 domi
1393 1773 1688 1821 detinuerant,
1715 1774 1790 1822 eij-

161 1851 324 1886 Cel‘ent,
347 1859 398 1884 ac
419 1845 655 1897 legittimas
678 1858 841 1883 uxores
864 1846 904 1883 in
926 1846 1019 1883 iura
1041 1846 1217 1883 thalami
1249 1851 1479 1892 uocarent,
1505 1846 1628 1892 alios,
1663 1852 1709 1883 ut
1730 1846 1788 1883 in-

160 1919 271 1955 iuste
293 1930 500 1968 possessa
522 1917 707 1955 dominis
731 1917 861 1955 etiam
883 1917 1200 1967 ignorantibus,
1222 1922 1266 1954 et
1283 1918 1324 1954 in
1342 1917 1525 1955 aliorum
1543 1917 1789 1955 haeredita-

160 1994 249 2026 tem
275 1987 631 2031 succedentibus,
666 1989 963 2026 restituerent.
994 1988 1089 2026 Nec
1120 1988 1315 2033 defuere,
1347 1988 1419 2037 qui
1451 1994 1552 2038 post
1588 1989 1790 2026 diuturna

162 2060 260 2097 odia
280 2060 464 2097 inimicis
486 2059 773 2105 reconciliati,
812 2060 853 2096 in
883 2059 1107 2109 pristinam
1139 2072 1236 2097 cum
1259 2059 1311 2108 ijs
1342 2060 1526 2109 gratiam
1559 2059 1785 2098 redierint.

162 2132 256 2169 Duo
279 2132 360 2169 hac
380 2132 421 2169 in
444 2131 552 2168 urbe
575 2133 683 2169 citra
704 2133 1053 2169 controuersiam
1076 2132 1204 2170 facile
1226 2131 1433 2182 primarij,
1467 2144 1651 2182 quorum
1679 2133 1788 2170 alter

159 2208 304 2252 partes
326 2205 527 2254 proregis
549 2204 744 2241 absentis
765 2205 879 2254 gerit
900 2212 927 2252 ⁴,
952 2204 1206 2254 frequenter
1230 2217 1326 2242 cum
1351 2203 1467 2242 omni
1497 2204 1658 2242 familia
1688 2216 1787 2242 con-

160 2275 358 2314 cionibus
379 2278 610 2324 intersunt,
633 2289 718 2315 nec
739 2289 926 2327 unquam
948 2275 1180 2323 accedunt,
1204 2276 1286 2313 nisi
1308 2287 1465 2328 magna
1489 2278 1699 2315 nobilium
1722 2289 1788 2314 ca-

159 2353 297 2396 terua,
321 2348 394 2400 qui
428 2349 562 2387 officii
596 2349 736 2399 gratia
770 2348 867 2385 illos
903 2348 1190 2386 concomitari
1220 2348 1380 2396 solent,
1415 2349 1560 2400 stipati
1592 2349 1784 2386 ueniant.

205 2491 225 2510 a
275 2496 315 2528 et
333 2491 540 2538 quosdam.
642 2492 707 2516 -b
730 2496 768 2527 et
786 2490 1014 2526 nonnullos.

209 2624 216 2642 ¹
271 2624 316 2660 P.
332 2623 607 2670 Hieronymus
629 2622 879 2659 Domenech.

207 2684 219 2702 ‘²
271 2680 379 2720 Vidle
399 2696 435 2730 p.
455 2682 536 2720 438.

206 2743 219 2762 ³
269 2742 468 2780 Pantaleo
487 2743 660 2780 Rodino.
1149 2780 1152 2783 ,

205 2803 218 2822 ⁴
270 2802 392 2840 CIRNI
411 2803 627 2847 (Successi
642 2802 936 2844 dell’armata,
959 2816 995 2850 p.
1016 2803 1077 2847 37)
1097 2805 1265 2852 loquens
1284 2804 1334 2842 de
1353 2805 1537 2852 protegis
1569 2804 1785 2852 expeditio·
1837 2808 1843 2812 ’

159 2876 222 2902 ne.
244 2862 311 2899 ait:
333 2861 388 2898 «E
408 2862 554 2908 perche
573 2875 596 2899 a
615 2863 711 2909 quel
730 2874 911 2909 gouerno
930 2862 970 2899 in
989 2875 1060 2899 suo
1079 2864 1201 2910 luogo
1217 2869 1393 2902 restasse
1409 2876 1582 2912 persona
1596 2864 1634 2900 di
1649 2865 1786 2911 quella

158 2921 402 2965 sufficienza,
434 2922 508 2959 che
537 2922 777 2963 conueniua.
812 2923 944 2959 elesse
975 2923 1003 2959 il
1035 2922 1076 2960 S.
1106 2922 1324 2961 Fernando
1350 2923 1389 2960 di
1420 2922 1538 2960 Silua
1570 2922 1785 2960 Marchese

158 2980 266 3017 della
285 2980 447 3018 Fauara
467 2981 734 3028 gentilissimo
754 2982 974 3025 caualiere,
996 2994 1016 3017 e
1036 2982 1383 3020 d’honoratissime
1402 2983 1592 3030 qualita».
