1908 3446
617 196 932 233 414—PAR1sus
962 197 975 232 1
1006 195 1268 233 SEPTEMBms
1298 195 1387 232 1560
1699 197 1769 234 795

194 304 299 349 puto
320 298 543 336 cuiusdam
560 299 844 347 theologicae
863 298 1082 336 facultatis
1098 297 1386 344 baccalaurei,
1408 310 1503 334 cuin
1523 298 1817 345 eruditissimi,

196 376 287 407 tum
308 368 582 406 disertissimi
605 369 910 416 constantiam,
934 369 1006 419 qui
1023 381 1120 407 cum
1138 368 1223 406 1100
1244 380 1372 415 anno,
1393 374 1571 418 propter
1593 382 1712 406 suani
1732 371 1818 407 oxi-

196 442 323 479 miam
346 439 588 478 doctrinam
612 440 731 489 prior
754 439 1012 478 sorbonicus
1034 440 1088 477 sit
1112 439 1312 485 effectus,
1346 451 1431 476 non
1454 439 1626 477 desistit
1660 446 1817 487 tamen,

195 517 404 563 quantum
425 523 503 561 per
536 511 852 561 occupationes
882 511 1001 557 licet,
1034 511 1167 549 R.d¹²m
1200 512 1375 549 Patrem
1405 516 1617 558 nostrum,
1652 513 1820 549 confes-

196 582 328 621 sionis
350 582 504 634 gratia,
529 582 764 629 accedere,
791 582 959 620 etiamsi
981 587 1075 621 tota
1101 583 1156 620 sit
1178 582 1410 620 aduersum
1433 595 1511 620 nos
1535 583 1820 621 concitatissi-

199 667 268 692 ma
288 654 373 692 hoc
395 659 596 704 tempore
619 665 742 691 sacra
762 653 1018 704 theologiae
1040 654 1240 701 facultas3
1272 653 1379 693 mira
1398 653 1440 691 in
1470 654 1556 691 hoc
1582 653 1757 692 homine
1779 654 1820 692 in

197 725 401 763 obeundo
434 737 513 763 suo
545 725 618 762 illo
650 724 692 762 in
722 724 925 763 Sorbona
955 738 1136 763 munere
1169 726 1360 764 cernitur
1382 725 1537 776 pietaS,
1570 724 1821 764 admiranda

197 798 328 835 etiam
351 796 444 834 eius
466 796 519 834 ab
544 796 744 834 omnibus
760 796 1038 847 praedicatur
1056 798 1173 835 vitae
1191 796 1423 844 modestia,
1443 802 1574 847 atque
1597 797 1821 835 continen-

197 869 269 907 tia.
295 868 392 915 Hic,
416 880 503 905 non
524 872 679 905 natura
699 868 982 915 abhorrente,
1007 868 1085 906 sed
1107 868 1281 919 pietatis
1304 868 1448 907 studio
1471 881 1496 906 a
1523 868 1623 906 vino
1646 881 1822 919 prorsus

195 940 419 978 abstinere
440 939 595 987 fertur,
621 944 665 977 et
683 952 706 977 a
728 938 911 977 lauticiis
934 944 1100 978 tantum
1132 941 1287 979 abesse
1319 940 1491 987 dicitur,
1524 945 1571 977 vt
1602 939 1673 977 vix
1705 940 1822 977 vitae

195 1024 299 1050 suae
321 1010 578 1049 necessaria
600 1010 680 1048 sibi
712 1011 962 1061 elargiatur.
997 1011 1050 1048 Et
1082 1018 1202 1050 certe
1233 1012 1305 1049 vel
1333 1011 1375 1049 in
1406 1012 1500 1049 solo
1533 1023 1737 1049 sermone
1767 1010 1822 1048 de

195 1082 422 1122 Societate
438 1082 544 1133 Jesu
561 1080 783 1119 hominem
800 1081 928 1120 facile
947 1081 1130 1128 diceres,
1148 1082 1227 1120 nisi
1246 1082 1444 1121 occultus
1461 1081 1532 1120 ille
1549 1081 1677 1128 foret,
1696 1095 1822 1132 prop—

195 1159 261 1193 ter
296 1158 477 1200 metum,
504 1153 743 1203 discipulus
768 1158 792 1191 ¹.
817 1153 946 1192 Hunc
981 1154 1015 1191 si
1046 1154 1204 1192 vestris
1240 1155 1443 1205 precibus
1473 1153 1745 1204 impulerstis,
1779 1158 1823 1190 et

198 1225 232 1263 si
254 1224 311 1272 id,
335 1223 452 1276 quod
474 1237 555 1262 nos
578 1224 754 1271 retinet,
779 1230 1061 1263 remoueatur
1083 1224 1457 1276 impedimentum,
1482 1237 1706 1276 speramus
1727 1225 1821 1263 fore

194 1296 357 1335 Christi
378 1295 560 1334 militem
586 1296 665 1333 sub
687 1294 873 1333 nominis
889 1297 993 1346 Jesu
1014 1297 1178 1334 vexillo
1202 1296 1584 1335 conscribendum.
1610 1296 1740 1346 Quod
1757 1308 1820 1333 re-

195 1368 356 1418 liquum
381 1371 461 1414 est,
486 1367 626 1405 multo
654 1367 800 1418 plures
825 1371 867 1405 et
892 1367 1179 1406 confessionis
1203 1373 1247 1406 et
1269 1368 1586 1406 communionis
1609 1373 1730 1406 certe
1752 1367 1822 1404 ha-

193 1440 398 1478 beremus
420 1438 635 1485 alumnos,
659 1438 695 1476 si
715 1439 935 1490 propriam
958 1439 1190 1477 ecclesiam
1217 1439 1259 1477 in
1281 1452 1365 1489 qua
1385 1439 1523 1478 libere
1546 1451 1823 1477 versaremur

194 1510 473 1556 haberemus,
498 1513 543 1548 et
565 1510 599 1548 si
622 1515 873 1548 nostrorum
896 1509 1245 1548 aduersariorum
1265 1516 1410 1548 tantus
1431 1524 1519 1549 non
1537 1515 1653 1549 esset
1674 1524 1822 1549 nume-

195 1596 281 1623 rus.
306 1584 405 1622 Hoc
433 1588 582 1621 tamen
617 1594 742 1620 sacro
776 1582 1063 1621 Beatissimae
1095 1582 1284 1633 Virginis
1307 1581 1467 1620 Mariae
1502 1582 1823 1633 Assumptionis

195 1656 326 1703 festo,
351 1654 521 1693 auctior
539 1655 676 1692 multo
695 1653 776 1691 fuit
798 1653 910 1705 apud
931 1659 1127 1692 sanctum
1145 1653 1412 1692 Germanum
1434 1666 1641 1692 numerus
1660 1659 1705 1692 et
1722 1666 1822 1692 con-

196 1726 412 1766 fitentium
436 1732 479 1765 et
502 1726 932 1772 communicantium,
958 1726 1017 1763 ita
1046 1730 1094 1763 vt
1126 1726 1371 1776 oportuerit
1395 1739 1509 1773 eum,
1533 1726 1605 1776 qui
1626 1726 1823 1764 vltimum

196 1811 365 1837 sacrum
381 1797 586 1845 faciebat,
607 1798 738 1836 etiarn
760 1796 1107 1835 sacerdotalibus
1123 1796 1387 1835 indumentis
1404 1796 1676 1847 impeditum,
1699 1797 1822 1836 finito

194 1884 272 1909 suo
308 1882 449 1918 sacro,
494 1871 731 1921 plerosque
771 1869 914 1907 adhuc
952 1868 1322 1906 reconciliationis
1362 1869 1428 1919 (vt
1466 1869 1646 1918 vocant)
1684 1869 1825 1920 gratia

194 1941 360 1990 audire,
379 1942 498 1994 quod
520 1946 668 1981 essent
690 1942 743 1980 ab
765 1941 838 1979 illo
860 1953 1032 1979 sacrum
1053 1940 1215 1979 Christi
1238 1953 1396 1991 corpus
1416 1941 1684 1993 percepturi.
1707 1942 1823 1980 Ante

194 2015 311 2053 illum
343 2014 474 2052 etiarn
497 2013 612 2052 diem
635 2013 688 2051 ad
706 2012 942 2064 collegium
964 2012 1153 2050 Sanctae
1175 2013 1394 2051 Barbarae
1414 2013 1562 2051 vocati
1583 2025 1730 2051 sumus
1752 2026 1823 2051 au-

194 2085 454 2124 diendorum
474 2097 713 2136 puerorum
735 2084 888 2135 gratia,
912 2084 954 2122 in
975 2096 1061 2135 quo
1083 2096 1171 2122 non
1193 2091 1211 2109 a
1237 2085 1331 2122 sine
1365 2083 1525 2131 fructu,
1558 2089 1606 2122 vt
1624 2084 1822 2133 judicare

193 2163 336 2209 potes,
360 2156 566 2204 maximo,
590 2156 646 2195 de
668 2168 791 2194 more
813 2161 965 2194 nostro
987 2156 1071 2194 iarn
1094 2156 1147 2195 ab
1169 2169 1281 2195 anno
1310 2156 1646 2196 solemnioribus
1668 2156 1822 2195 diebus

196 2240 477 2279 occupamur;
508 2240 593 2266 nec
621 2228 664 2266 in
700 2240 753 2266 eo
791 2227 981 2279 collegio
1016 2228 1214 2279 plerique
1245 2227 1417 2275 desunt,
1455 2227 1528 2279 qui
1556 2228 1697 2267 nolint
1730 2228 1822 2267 aliis

194 2313 318 2351 quam
341 2299 470 2338 nobis
493 2299 710 2346 confiteri,
737 2298 819 2337 etsi
840 2299 926 2337 hoc
947 2312 971 2337 a
990 2303 1187 2338 nostrum
1203 2299 1379 2339 nemine
1395 2305 1672 2351 procuretur,
1690 2305 1822 2352 atque

199 2370 487 2409 multitudinis
508 2370 650 2421 gratia
669 2369 740 2408 alii
771 2370 945 2409 aliunde
975 2370 1190 2409 accedant
1221 2371 1493 2410 sacerdotes.
1526 2372 1590 2409 Ex
1614 2384 1667 2410 eo
1690 2372 1822 2410 colle-

194 2443 267 2492 gio
288 2441 372 2480 13111
400 2441 598 2492 plerique
628 2446 801 2480 nostras
832 2441 966 2480 aedes
996 2441 1203 2480 sabatinis
1225 2442 1395 2489 diebus,
1429 2441 1542 2481 duce
1564 2455 1642 2481 suo
1665 2443 1821 2493 paeda-

195 2526 330 2565 gogo,
369 2512 659 2551 confessionis
700 2525 831 2551 causa
864 2513 1096 2552 accedunt.
1133 2513 1269 2552 Vides
1309 2514 1645 2564 portiunculam,
1684 2515 1754 2552 P.r
1779 2514 1820 2552 in

196 2584 369 2623 Christo
391 2583 661 2630 venerande,
685 2588 864 2622 nostrae
886 2584 928 2622 in
950 2584 1031 2623 hac
1047 2585 1356 2624 florentissima
1370 2584 1479 2623 vrbe
1500 2586 1817 2636 prosperitatis.

197 2654 286 2695 Sed
309 2654 484 2702 eodem,
508 2667 691 2705 quaeso,
715 2654 857 2694 animo
880 2656 1076 2695 substine
1097 2656 1258 2696 molem
1280 2655 1572 2696 aduersitatis,

240 2836 260 2856 a
309 2848 388 2874 non
406 2841 547 2884 supra
560 2846 672 2874 vers.
693 2835 788 2873 ead.
810 2846 966 2873 manu.

244 3019 254 3039 ¹
306 3015 372 3056 Cf.
386 3015 556 3064 JoANN.,
576 3014 692 3062 XIX,
712 3015 769 3053 38.
