1908 3446
527 216 809 259 mos—Gaium
839 221 882 259 15
907 220 1168 260 SEPTEMBms
1197 222 1286 259 1559
1599 221 1668 259 319

92 323 246 365 deinde
265 323 415 363 ordine
438 323 757 362 sanctissimum
779 323 941 362 Christi
964 336 1137 375 corpus,
1162 330 1251 363 tum
1274 324 1402 374 liujus
1424 324 1531 375 reip.
1557 325 1712 363 (lucem

95 404 137 436 et
159 410 253 436 cum
277 409 329 434 eo
350 397 368 415 ²¹
392 401 612 435 oratorem
630 396 870 446 hispanum,
890 401 1115 447 postremo
1136 402 1275 435 totum
1294 401 1491 434 senatum
1511 397 1718 447 elegiacis

95 469 474 522 epigrammatibus
508 469 763 515 salutarunt,
803 470 930 507 tanto
963 469 981 493 b
1018 469 1209 507 omnium
1245 469 1468 520 applausu,
1508 474 1551 506 ut
1590 468 1681 506 illis
1704 480 1717 493 t·

94 541 321 592 episcopus
344 545 386 577 et
409 540 580 591 legatus
611 539 817 591 hispanus
840 545 883 578 et
905 540 999 591 ipse
1021 539 1108 578 dux
1132 545 1262 590 caput
1284 540 1464 578 honoris
1485 539 1625 590 gratia
1646 540 1717 577 ‹le-

93 614 313 653 clinarent.
340 612 441 649 Erat
464 611 639 650 demum
671 616 791 649 totus
813 612 885 649 ille
908 611 927 636 d
949 611 1085 650 callis
1115 610 1314 661 zmdiqzte
1349 612 1548 650 laterum
1580 611 1720 661 corzjs

93 683 300 724 deauratis
322 682 511 734 mirifice
534 688 789 729 exornatus,
813 684 854 720 in
883 682 1038 733 quibus
1059 682 1287 721 innumera
1321 683 1508 721 nominis
1530 683 1629 720 Iesu
1658 683 1717 721 in-

92 755 226 807 signia
263 753 531 804 pendebant,
569 754 838 805 singulisque
879 753 1128 792 nominibus
1165 753 1335 805 singula
1369 753 1556 793 disticha
1596 761 1718 792 erant

96 827 236 866 affixa.

145 909 202 937 10.
262 898 406 945 Esset,
433 898 483 936 R.
510 898 576 945 P.‚
601 899 739 936 breue
762 898 865 936 mihi
898 910 1027 936 omne
1058 904 1247 949 tempus,
1281 899 1317 937 si
1353 897 1497 936 omnia
1518 910 1630 949 quae
1663 910 1716 935 eo

86 969 172 1027 die,
196 971 375 1008 tantum
398 970 518 1009 abest
547 969 630 1008 hoc
651 977 669 994 θ
690 968 997 1021 quadrimestri
1037 979 1062 1017 f,
1088 969 1315 1008 Dominus
1342 971 1496 1009 noster
1519 972 1602 1020 per
1636 982 1719 1008 nos

90 1031 307 1092 indignos
341 1053 500 1080 seruos
531 1040 719 1091 operari
748 1040 974 1092 dignatus
1004 1042 1081 1087 est,
1115 1047 1271 1078 texere
1303 1039 1424 1080 hisce
1454 1039 1551 1078 iam
1581 1040 1718 1078 literis

88 1103 259 1151 uellem.
284 1113 392 1152 Cum
414 1113 550 1152 multa
581 1112 680 1160 sint,
705 1125 816 1164 quae
847 1113 889 1151 in
919 1112 1226 1162 xenodochijs,
1251 1125 1363 1164 quae
1385 1113 1427 1150 in
1449 1111 1715 1158 carceribus,

88 1197 196 1236 quae
216 1197 294 1236 per
314 1185 436 1223 uicos
461 1190 504 1223 et
535 1185 651 1222 urbis
673 1184 801 1234 hujus
834 1184 1043 1236 regiones
1064 1197 1090 1222 a
1119 1184 1280 1224 nostris
1310 1183 1516 1222 fratribus
1544 1185 1677 1234 gessa
1696 1190 1719 1215 Ξ

90 1261 200 1304 sunt3
230 1256 301 1307 qui
331 1256 486 1295 diebus
520 1256 645 1295 festis
676 1256 746 1305 alij
784 1255 897 1307 apud
929 1256 1117 1302 uinctos,
1151 1256 1221 1306 alij
1256 1255 1370 1306 apud
1400 1255 1609 1301 infirmos,
1646 1255 1714 1304 alij

89 1328 200 1366 circa
220 1327 337 1366 urbis
358 1328 532 1367 moenia
563 1328 734 1366 otiosos
756 1326 1056 1378 quaeritantes
1079 1344 1113 1374 1„
1148 1339 1389 1377 eorumque
1421 1326 1526 1364 folia
1556 1326 1718 1365 lusoria

89 1398 388 1446 dilacerantes,
412 1400 572 1437 bonam
594 1398 682 1437 diei
702 1404 872 1450 partem
895 1398 1116 1438 insumere
1138 1399 1300 1445 solent3
1335 1397 1414 1436 sed
1450 1398 1459 1422 i
1490 1396 1583 1436 iam
1614 1397 1718 1443 fim's

87 1469 157 1508 sit.
180 1470 316 1509 Faxz't
346 1470 468 1510 Dens
489 1472 528 1509 et
560 1471 612 1509 ob
634 1471 756 1517 haec,
776 1472 820 1508 vt
842 1470 914 1509 his
932 1471 1068 1522 longe
1097 1471 1242 1520 plura
1258 1469 1452 1520 posthac
1477 1471 1716 1519 praestare

85 1541 323 1591 possimus.
350 1542 558 1589 [Praeces
574 1542 810 1592 postulat,]
836 1543 945 1580 Vale
967 1541 995 1580 J'.
1019 1542 1205 1581 Genuae
1228 1541 1402 1580 decimo
1436 1540 1625 1591 septimo
1648 1553 1715 1579 ca-

88 1612 234 1651 lendas
256 1613 462 1651 Octobris
489 1622 603 1663 1559.

81 1733 87 1736 -
163 1685 226 1722 Ex
247 1684 500 1723 obedientia
521 1686 568 1723 R.
594 1686 640 1723 P.
665 1684 862 1724 doctoris
893 1685 1054 1724 Loarti.
1080 1685 1124 1724 T.
1160 1686 1206 1724 R.
1248 1687 1293 1724 P.
1327 1699 1483 1725 seruus
1514 1686 1714 1737 indignus

86 1754 125 1794 in
145 1756 253 1807 Xpo.

1206 1842 1402 1879 MICHAEL
1434 1841 1540 1879 Spes
1574 1849 1598 1880 ¹.

163 1923 352 1962 Polcmcz'
371 1937 527 1963 manu.
552 1923 809 1963 Emendata.

129 2116 148 2134 ἃ
167 2120 214 2146 eo
231 2114 367 2155 supra
382 2120 491 2146 vers.
545 2111 610 2135 —b
639 2111 755 2146 miro.
814 2116 877 2135 -e
898 2110 1047 2156 pueris.
1102 2110 1168 2135 —d
1190 2111 1314 2147 locus.
1361 2117 1425 2136 -e
1448 2111 1595 2148 nedum
1613 2116 1708 2147 toto.

85 2168 141 2193 —f
163 2174 252 2206 sunt
271 2181 342 2215 per
362 2168 440 2206 Dei
459 2170 634 2215 gratiam
654 2174 784 2216 gesta.
831 2177 899 2202 -Ξ
920 2175 1024 2206 acta.
1071 2171 1136 2195 —11
1158 2170 1408 2216 quaeritates
1427 2181 1509 2208 ms.
1556 2172 1613 2196 —i
1638 2171 1711 2207 hac

85 2233 201 2265 tenus
219 2228 323 2266 dicta
342 2228 555 2266 sufficiant.
610 2229 667 2261 —J'
693 2230 731 2266 in
752 2230 842 2266 dno.

130 2434 139 2453 ¹
162 2410 164 2413 v
190 2433 404 2481 Hispanus,
426 2440 835 2481 caesaraugustanus.
860 2435 921 2471 De
941 2435 1013 2472 hoc
1035 2435 1119 2472 viro
1138 2436 1204 2483 qui
1226 2442 1365 2483 postea
1386 2449 1407 2473 e
1427 2436 1634 2473 societate
1655 2435 1693 2472 di

85 2492 223 2531 missus
241 2499 314 2537 est,
335 2494 423 2531 vide
447 2494 687 2539 Pomwcuim
713 2495 879 2539 Clzron„
901 2495 969 2540 ΙΙΙ,
990 2495 1072 2537 215,
1095 2495 1146 2538 V,
1165 2495 1246 2538 221,
1265 2496 1339 2538 Vl,
1360 2496 1441 2539 325,
1462 2497 1532 2533 335
1562 2497 1645 2543 3363
1669 2503 1708 2535 et

91 2551 216 2600 Epist.
239 2553 289 2590 P.
312 2554 473 2596 Nadal,
494 2554 543 2597 ΙΙ,
563 2555 644 2592 575.
