<?xml version="1.0" encoding="UTF-8"?>
<!DOCTYPE html PUBLIC "-//W3C//DTD XHTML 1.0 Transitional//EN"
    "http://www.w3.org/TR/xhtml1/DTD/xhtml1-transitional.dtd">
<html xmlns="http://www.w3.org/1999/xhtml" xml:lang="en" lang="en">
 <head>
  <title>
</title>
<meta http-equiv="Content-Type" content="text/html;charset=utf-8" />
  <meta name='ocr-system' content='tesseract 3.04.00' />
  <meta name='ocr-capabilities' content='ocr_page ocr_carea ocr_par ocr_line ocrx_word'/>
</head>
<body>
  <div class='ocr_page' id='page_1' title='image "./litteraequadrime1806lain_0666.png"; bbox 0 0 1908 3446; ppageno 0'>
   <div class='ocr_carea' id='block_1_1' title="bbox 200 194 1294 239">
    <p class='ocr_par' dir='ltr' id='par_1_1' title="bbox 200 194 1294 239">
     <span class='ocr_line' id='line_1_1' title="bbox 200 194 1294 239; baseline 0.003 -9"><span class='ocrx_word' id='word_1_1' title='bbox 200 194 269 232; x_wconf 66' lang='lat'>646</span> <span class='ocrx_word' id='word_1_2' title='bbox 693 195 909 231; x_wconf 76' lang='lat' dir='ltr'>LITTERAE</span> <span class='ocrx_word' id='word_1_3' title='bbox 938 195 1294 239; x_wconf 79' lang='lat' dir='ltr'><strong>QUADRIMESTRES</strong></span> 
     </span>
    </p>
   </div>
   <div class='ocr_carea' id='block_1_2' title="bbox 150 297 1784 2914">
    <p class='ocr_par' dir='ltr' id='par_1_2' title="bbox 150 297 1777 701">
     <span class='ocr_line' id='line_1_2' title="bbox 154 297 1776 351; baseline 0.001 -17"><span class='ocrx_word' id='word_1_4' title='bbox 154 297 404 336; x_wconf 77' lang='lat' dir='ltr'>ficationem</span> <span class='ocrx_word' id='word_1_5' title='bbox 429 297 662 348; x_wconf 70' lang='lat' dir='ltr'>pertinent,</span> <span class='ocrx_word' id='word_1_6' title='bbox 686 298 813 336; x_wconf 90' lang='lat' dir='ltr'>nobis</span> <span class='ocrx_word' id='word_1_7' title='bbox 834 299 902 336; x_wconf 85' lang='lat' dir='ltr'>hic</span> <span class='ocrx_word' id='word_1_8' title='bbox 926 299 1098 336; x_wconf 82' lang='lat' dir='ltr'>silentio</span> <span class='ocrx_word' id='word_1_9' title='bbox 1131 305 1228 336; x_wconf 89' lang='lat' dir='ltr'>sunt</span> <span class='ocrx_word' id='word_1_10' title='bbox 1263 300 1569 349; x_wconf 79' lang='lat' dir='ltr'>pretereunda,</span> <span class='ocrx_word' id='word_1_11' title='bbox 1607 313 1661 337; x_wconf 92' lang='lat' dir='ltr'>ne</span> <span class='ocrx_word' id='word_1_12' title='bbox 1692 300 1776 351; x_wconf 92' lang='lat' dir='ltr'>epi-</span> 
     </span>
     <span class='ocr_line' id='line_1_3' title="bbox 156 368 1777 421; baseline 0.002 -17"><span class='ocrx_word' id='word_1_13' title='bbox 156 368 295 406; x_wconf 80' lang='lat' dir='ltr'>stolae</span> <span class='ocrx_word' id='word_1_14' title='bbox 333 370 506 407; x_wconf 90' lang='lat' dir='ltr'>modum</span> <span class='ocrx_word' id='word_1_15' title='bbox 540 369 820 407; x_wconf 78' lang='lat' dir='ltr'>excedamus.</span> <span class='ocrx_word' id='word_1_16' title='bbox 854 370 943 407; x_wconf 82' lang='lat' dir='ltr'>Sed</span> <span class='ocrx_word' id='word_1_17' title='bbox 971 376 1202 420; x_wconf 86' lang='lat' dir='ltr'>antequam</span> <span class='ocrx_word' id='word_1_18' title='bbox 1234 370 1450 409; x_wconf 89' lang='lat' dir='ltr'>scribendi</span> <span class='ocrx_word' id='word_1_19' title='bbox 1480 371 1612 409; x_wconf 89' lang='lat' dir='ltr'>finem</span> <span class='ocrx_word' id='word_1_20' title='bbox 1644 372 1777 421; x_wconf 89' lang='lat' dir='ltr'>impo-</span> 
     </span>
     <span class='ocr_line' id='line_1_4' title="bbox 150 440 1777 492; baseline 0.004 -17"><span class='ocrx_word' id='word_1_21' title='bbox 150 450 324 486; x_wconf 79' lang='lat' dir='ltr'>namus,</span> <span class='ocrx_word' id='word_1_22' title='bbox 368 441 488 477; x_wconf 88' lang='lat' dir='ltr'>lubet</span> <span class='ocrx_word' id='word_1_23' title='bbox 529 440 579 477; x_wconf 82' lang='lat' dir='ltr'>ad</span> <span class='ocrx_word' id='word_1_24' title='bbox 616 441 849 478; x_wconf 92' lang='lat' dir='ltr'>multorum</span> <span class='ocrx_word' id='word_1_25' title='bbox 883 441 1206 479; x_wconf 75' lang='lat' dir='ltr'>edificationem</span> <span class='ocrx_word' id='word_1_26' title='bbox 1238 442 1419 491; x_wconf 89' lang='lat' dir='ltr'>paucula</span> <span class='ocrx_word' id='word_1_27' title='bbox 1450 442 1657 492; x_wconf 84' lang='lat' dir='ltr'>quedam,</span> <span class='ocrx_word' id='word_1_28' title='bbox 1700 443 1777 481; x_wconf 87' lang='lat' dir='ltr'>sed</span> 
     </span>
     <span class='ocr_line' id='line_1_5' title="bbox 155 511 1777 563; baseline 0.003 -17"><span class='ocrx_word' id='word_1_29' title='bbox 155 515 290 557; x_wconf 89' lang='lat' dir='ltr'>certa,</span> <span class='ocrx_word' id='word_1_30' title='bbox 328 511 535 548; x_wconf 80' lang='lat' dir='ltr'>miracula</span> <span class='ocrx_word' id='word_1_31' title='bbox 571 524 901 559; x_wconf 78' lang='lat' dir='ltr'>connumerare,</span> <span class='ocrx_word' id='word_1_32' title='bbox 944 525 1124 562; x_wconf 77' lang='lat' dir='ltr'>quorum</span> <span class='ocrx_word' id='word_1_33' title='bbox 1161 525 1240 550; x_wconf 87' lang='lat' dir='ltr'>nos</span> <span class='ocrx_word' id='word_1_34' title='bbox 1276 518 1415 550; x_wconf 86' lang='lat' dir='ltr'>testes</span> <span class='ocrx_word' id='word_1_35' title='bbox 1454 513 1777 563; x_wconf 82' lang='lat' dir='ltr'>quodammodo</span> 
     </span>
     <span class='ocr_line' id='line_1_6' title="bbox 154 579 1777 634; baseline 0.003 -17"><span class='ocrx_word' id='word_1_36' title='bbox 154 579 238 618; x_wconf 90' lang='lat' dir='ltr'>dici</span> <span class='ocrx_word' id='word_1_37' title='bbox 269 594 512 630; x_wconf 75' lang='lat' dir='ltr'>possumus.</span> <span class='ocrx_word' id='word_1_38' title='bbox 546 582 617 632; x_wconf 81' lang='lat' dir='ltr'>qui</span> <span class='ocrx_word' id='word_1_39' title='bbox 652 582 754 619; x_wconf 91' lang='lat' dir='ltr'>talia</span> <span class='ocrx_word' id='word_1_40' title='bbox 790 596 842 620; x_wconf 78' lang='lat' dir='ltr'>ex</span> <span class='ocrx_word' id='word_1_41' title='bbox 867 596 942 620; x_wconf 91' lang='lat' dir='ltr'>ore</span> <span class='ocrx_word' id='word_1_42' title='bbox 976 595 1125 620; x_wconf 89' lang='lat' dir='ltr'>eorum</span> <span class='ocrx_word' id='word_1_43' title='bbox 1164 584 1417 633; x_wconf 74' lang='lat' dir='ltr'>excepimus</span> <span class='ocrx_word' id='word_1_44' title='bbox 1452 584 1606 634; x_wconf 78' lang='lat' dir='ltr'>quibus</span> <span class='ocrx_word' id='word_1_45' title='bbox 1643 585 1777 622; x_wconf 91' lang='lat' dir='ltr'>conti-</span> 
     </span>
     <span class='ocr_line' id='line_1_7' title="bbox 154 657 326 701; baseline 0 -13"><span class='ocrx_word' id='word_1_46' title='bbox 154 657 326 701; x_wconf 85' lang='lat' dir='ltr'>gerunt.</span> 
     </span>
    </p>

    <p class='ocr_par' dir='ltr' id='par_1_3' title="bbox 153 723 1781 1332">
     <span class='ocr_line' id='line_1_8' title="bbox 206 723 1780 774; baseline 0.003 -15"><span class='ocrx_word' id='word_1_47' title='bbox 206 733 243 769; x_wconf 83' lang='lat'>9.</span> <span class='ocrx_word' id='word_1_48' title='bbox 305 723 401 760; x_wconf 86' lang='lat' dir='ltr'>Fuit</span> <span class='ocrx_word' id='word_1_49' title='bbox 438 724 673 761; x_wconf 81' lang='lat' dir='ltr'>Rauennae</span> <span class='ocrx_word' id='word_1_50' title='bbox 708 724 749 761; x_wconf 89' lang='lat' dir='ltr'>in</span> <span class='ocrx_word' id='word_1_51' title='bbox 785 731 908 762; x_wconf 83' lang='lat' dir='ltr'>vasta</span> <span class='ocrx_word' id='word_1_52' title='bbox 946 724 1131 774; x_wconf 83' lang='lat' dir='ltr'>quadam</span> <span class='ocrx_word' id='word_1_53' title='bbox 1170 724 1355 763; x_wconf 79' lang='lat' dir='ltr'>fluminis</span> <span class='ocrx_word' id='word_1_54' title='bbox 1394 726 1675 764; x_wconf 88' lang='lat' dir='ltr'>inundatione</span> <span class='ocrx_word' id='word_1_55' title='bbox 1715 727 1780 765; x_wconf 85' lang='lat' dir='ltr'>vir</span> 
     </span>
     <span class='ocr_line' id='line_1_9' title="bbox 155 791 1777 846; baseline 0.004 -16"><span class='ocrx_word' id='word_1_56' title='bbox 155 791 326 842; x_wconf 81' lang='lat' dir='ltr'>quidam</span> <span class='ocrx_word' id='word_1_57' title='bbox 349 800 365 817; x_wconf 86' lang='lat' dir='ltr'>a</span> <span class='ocrx_word' id='word_1_58' title='bbox 390 794 456 830; x_wconf 90' lang='lat' dir='ltr'>cui</span> <span class='ocrx_word' id='word_1_59' title='bbox 480 806 503 831; x_wconf 91' lang='lat' dir='ltr'>a</span> <span class='ocrx_word' id='word_1_60' title='bbox 525 794 818 833; x_wconf 80' lang='lat' dir='ltr'>fundamentis</span> <span class='ocrx_word' id='word_1_61' title='bbox 840 794 1023 833; x_wconf 83' lang='lat' dir='ltr'>abscidit</span> <span class='ocrx_word' id='word_1_62' title='bbox 1045 808 1183 846; x_wconf 90' lang='lat' dir='ltr'>aquae</span> <span class='ocrx_word' id='word_1_63' title='bbox 1204 796 1392 846; x_wconf 89' lang='lat' dir='ltr'>impetus</span> <span class='ocrx_word' id='word_1_64' title='bbox 1428 803 1565 835; x_wconf 90' lang='lat' dir='ltr'>totam</span> <span class='ocrx_word' id='word_1_65' title='bbox 1587 797 1777 846; x_wconf 84' lang='lat' dir='ltr'>domum,</span> 
     </span>
     <span class='ocr_line' id='line_1_10' title="bbox 155 865 1781 919; baseline 0.004 -19"><span class='ocrx_word' id='word_1_66' title='bbox 155 875 251 900; x_wconf 88' lang='lat' dir='ltr'>cum</span> <span class='ocrx_word' id='word_1_67' title='bbox 285 877 368 913; x_wconf 80' lang='lat' dir='ltr'>qua</span> <span class='ocrx_word' id='word_1_68' title='bbox 397 876 507 901; x_wconf 79' lang='lat' dir='ltr'>vxor</span> <span class='ocrx_word' id='word_1_69' title='bbox 540 871 583 901; x_wconf 87' lang='lat' dir='ltr'>et</span> <span class='ocrx_word' id='word_1_70' title='bbox 614 865 737 903; x_wconf 90' lang='lat' dir='ltr'>liberi</span> <span class='ocrx_word' id='word_1_71' title='bbox 771 872 813 903; x_wconf 92' lang='lat' dir='ltr'>et</span> <span class='ocrx_word' id='word_1_72' title='bbox 849 871 941 904; x_wconf 86' lang='lat' dir='ltr'>tota</span> <span class='ocrx_word' id='word_1_73' title='bbox 971 866 1131 904; x_wconf 86' lang='lat' dir='ltr'>familia</span> <span class='ocrx_word' id='word_1_74' title='bbox 1151 867 1341 917; x_wconf 70' lang='lat' dir='ltr'>periere,</span> <span class='ocrx_word' id='word_1_75' title='bbox 1363 868 1455 917; x_wconf 87' lang='lat' dir='ltr'>ipse</span> <span class='ocrx_word' id='word_1_76' title='bbox 1479 881 1585 906; x_wconf 78' lang='lat' dir='ltr'>vero</span> <span class='ocrx_word' id='word_1_77' title='bbox 1608 869 1781 919; x_wconf 87' lang='lat' dir='ltr'>saepius</span> 
     </span>
     <span class='ocr_line' id='line_1_11' title="bbox 155 935 1780 989; baseline 0.004 -18"><span class='ocrx_word' id='word_1_78' title='bbox 155 935 395 972; x_wconf 74' lang='lat' dir='ltr'>vorticibus</span> <span class='ocrx_word' id='word_1_79' title='bbox 418 936 713 974; x_wconf 87' lang='lat' dir='ltr'>semiobrutus</span> <span class='ocrx_word' id='word_1_80' title='bbox 735 937 807 975; x_wconf 83' lang='lat' dir='ltr'>vix</span> <span class='ocrx_word' id='word_1_81' title='bbox 830 943 1022 975; x_wconf 88' lang='lat' dir='ltr'>mentem</span> <span class='ocrx_word' id='word_1_82' title='bbox 1052 937 1105 975; x_wconf 88' lang='lat' dir='ltr'>ad</span> <span class='ocrx_word' id='word_1_83' title='bbox 1137 939 1277 976; x_wconf 90' lang='lat' dir='ltr'>Deum</span> <span class='ocrx_word' id='word_1_84' title='bbox 1306 944 1480 989; x_wconf 88' lang='lat' dir='ltr'>poterat</span> <span class='ocrx_word' id='word_1_85' title='bbox 1511 940 1701 977; x_wconf 88' lang='lat' dir='ltr'>eleuare.</span> <span class='ocrx_word' id='word_1_86' title='bbox 1735 941 1780 978; x_wconf 92' lang='lat' dir='ltr'>In</span> 
     </span>
     <span class='ocr_line' id='line_1_12' title="bbox 158 1006 1781 1061; baseline 0.004 -18"><span class='ocrx_word' id='word_1_87' title='bbox 158 1006 289 1044; x_wconf 82' lang='lat' dir='ltr'>tantis</span> <span class='ocrx_word' id='word_1_88' title='bbox 311 1007 442 1057; x_wconf 87' lang='lat' dir='ltr'>igitur</span> <span class='ocrx_word' id='word_1_89' title='bbox 474 1008 685 1058; x_wconf 89' lang='lat' dir='ltr'>angustiis</span> <span class='ocrx_word' id='word_1_90' title='bbox 717 1008 981 1046; x_wconf 89' lang='lat' dir='ltr'>constitutus</span> <span class='ocrx_word' id='word_1_91' title='bbox 1017 1022 1063 1046; x_wconf 88' lang='lat' dir='ltr'>se</span> <span class='ocrx_word' id='word_1_92' title='bbox 1094 1008 1372 1047; x_wconf 75' lang='lat' dir='ltr'>beatissimae</span> <span class='ocrx_word' id='word_1_93' title='bbox 1403 1009 1567 1061; x_wconf 82' lang='lat' dir='ltr'>Virgini</span> <span class='ocrx_word' id='word_1_94' title='bbox 1598 1011 1781 1049; x_wconf 89' lang='lat' dir='ltr'>laureta-</span> 
     </span>
     <span class='ocr_line' id='line_1_13' title="bbox 153 1078 1781 1131; baseline 0.003 -17"><span class='ocrx_word' id='word_1_95' title='bbox 153 1090 234 1115; x_wconf 92' lang='lat' dir='ltr'>nae</span> <span class='ocrx_word' id='word_1_96' title='bbox 258 1090 312 1115; x_wconf 85' lang='lat' dir='ltr'>ex</span> <span class='ocrx_word' id='word_1_97' title='bbox 335 1078 477 1115; x_wconf 89' lang='lat' dir='ltr'>animo</span> <span class='ocrx_word' id='word_1_98' title='bbox 502 1079 842 1126; x_wconf 85' lang='lat' dir='ltr'>commendauit,</span> <span class='ocrx_word' id='word_1_99' title='bbox 868 1086 912 1118; x_wconf 91' lang='lat' dir='ltr'>et</span> <span class='ocrx_word' id='word_1_100' title='bbox 934 1092 1035 1117; x_wconf 83' lang='lat' dir='ltr'>mox</span> <span class='ocrx_word' id='word_1_101' title='bbox 1058 1080 1111 1117; x_wconf 90' lang='lat' dir='ltr'>ad</span> <span class='ocrx_word' id='word_1_102' title='bbox 1135 1080 1321 1118; x_wconf 88' lang='lat' dir='ltr'>vicinam</span> <span class='ocrx_word' id='word_1_103' title='bbox 1343 1082 1560 1128; x_wconf 85' lang='lat' dir='ltr'>arborem,</span> <span class='ocrx_word' id='word_1_104' title='bbox 1580 1095 1689 1131; x_wconf 85' lang='lat' dir='ltr'>quae</span> <span class='ocrx_word' id='word_1_105' title='bbox 1710 1083 1781 1120; x_wconf 83' lang='lat' dir='ltr'>vix</span> 
     </span>
     <span class='ocr_line' id='line_1_14' title="bbox 153 1149 1781 1203; baseline 0.002 -17"><span class='ocrx_word' id='word_1_106' title='bbox 153 1149 370 1187; x_wconf 80' lang='lat' dir='ltr'>radicibus</span> <span class='ocrx_word' id='word_1_107' title='bbox 404 1150 534 1187; x_wconf 89' lang='lat' dir='ltr'>humo</span> <span class='ocrx_word' id='word_1_108' title='bbox 571 1150 769 1197; x_wconf 86' lang='lat' dir='ltr'>herebat,</span> <span class='ocrx_word' id='word_1_109' title='bbox 803 1150 1021 1201; x_wconf 87' lang='lat' dir='ltr'>delapsus,</span> <span class='ocrx_word' id='word_1_110' title='bbox 1061 1151 1152 1189; x_wconf 87' lang='lat' dir='ltr'>eius</span> <span class='ocrx_word' id='word_1_111' title='bbox 1175 1153 1444 1190; x_wconf 84' lang='lat' dir='ltr'>ramusculos</span> <span class='ocrx_word' id='word_1_112' title='bbox 1474 1152 1683 1202; x_wconf 82' lang='lat' dir='ltr'>arripiens</span> <span class='ocrx_word' id='word_1_113' title='bbox 1704 1165 1781 1203; x_wconf 88' lang='lat' dir='ltr'>per</span> 
     </span>
     <span class='ocr_line' id='line_1_15' title="bbox 153 1221 1780 1272; baseline 0.002 -14"><span class='ocrx_word' id='word_1_114' title='bbox 153 1221 341 1271; x_wconf 84' lang='lat' dir='ltr'>quinque</span> <span class='ocrx_word' id='word_1_115' title='bbox 366 1222 595 1259; x_wconf 90' lang='lat' dir='ltr'>continuas</span> <span class='ocrx_word' id='word_1_116' title='bbox 616 1222 746 1259; x_wconf 87' lang='lat' dir='ltr'>horas</span> <span class='ocrx_word' id='word_1_117' title='bbox 777 1235 915 1272; x_wconf 86' lang='lat' dir='ltr'>aquae</span> <span class='ocrx_word' id='word_1_118' title='bbox 944 1223 1120 1260; x_wconf 87' lang='lat' dir='ltr'>iniurias</span> <span class='ocrx_word' id='word_1_119' title='bbox 1156 1222 1372 1261; x_wconf 87' lang='lat' dir='ltr'>sustinuit.</span> <span class='ocrx_word' id='word_1_120' title='bbox 1407 1223 1601 1261; x_wconf 86' lang='lat' dir='ltr'>Tandem</span> <span class='ocrx_word' id='word_1_121' title='bbox 1634 1223 1780 1262; x_wconf 89' lang='lat' dir='ltr'>diuino</span> 
     </span>
     <span class='ocr_line' id='line_1_16' title="bbox 154 1293 905 1332; baseline 0.003 -2"><span class='ocrx_word' id='word_1_122' title='bbox 154 1293 360 1330; x_wconf 86' lang='lat' dir='ltr'>miraculo</span> <span class='ocrx_word' id='word_1_123' title='bbox 383 1293 463 1330; x_wconf 85' lang='lat' dir='ltr'>fuit</span> <span class='ocrx_word' id='word_1_124' title='bbox 486 1293 659 1332; x_wconf 89' lang='lat' dir='ltr'>omnino</span> <span class='ocrx_word' id='word_1_125' title='bbox 682 1294 905 1332; x_wconf 67' lang='lat' dir='ltr'>liberatus</span> 
     </span>
    </p>

    <p class='ocr_par' dir='ltr' id='par_1_4' title="bbox 153 1364 1784 2271">
     <span class='ocr_line' id='line_1_17' title="bbox 211 1364 1782 1415; baseline 0.001 -14"><span class='ocrx_word' id='word_1_126' title='bbox 211 1375 269 1402; x_wconf 92' lang='lat'>10.</span> <span class='ocrx_word' id='word_1_127' title='bbox 332 1364 550 1402; x_wconf 87' lang='lat' dir='ltr'>Mercator</span> <span class='ocrx_word' id='word_1_128' title='bbox 584 1365 715 1402; x_wconf 89' lang='lat' dir='ltr'>etiarn</span> <span class='ocrx_word' id='word_1_129' title='bbox 740 1365 864 1403; x_wconf 87' lang='lat' dir='ltr'>diues</span> <span class='ocrx_word' id='word_1_130' title='bbox 884 1378 961 1415; x_wconf 86' lang='lat' dir='ltr'>per</span> <span class='ocrx_word' id='word_1_131' title='bbox 984 1365 1093 1403; x_wconf 88' lang='lat' dir='ltr'>duos</span> <span class='ocrx_word' id='word_1_132' title='bbox 1115 1377 1251 1403; x_wconf 87' lang='lat' dir='ltr'>annos</span> <span class='ocrx_word' id='word_1_133' title='bbox 1282 1366 1515 1404; x_wconf 91' lang='lat' dir='ltr'>continuos</span> <span class='ocrx_word' id='word_1_134' title='bbox 1545 1366 1604 1404; x_wconf 88' lang='lat' dir='ltr'>ita</span> <span class='ocrx_word' id='word_1_135' title='bbox 1634 1366 1782 1404; x_wconf 89' lang='lat' dir='ltr'>mulie-</span> 
     </span>
     <span class='ocr_line' id='line_1_18' title="bbox 154 1435 1783 1487; baseline 0.001 -15"><span class='ocrx_word' id='word_1_136' title='bbox 154 1436 188 1473; x_wconf 87' lang='lat' dir='ltr'>ri</span> <span class='ocrx_word' id='word_1_137' title='bbox 212 1435 381 1474; x_wconf 88' lang='lat' dir='ltr'>cuidam</span> <span class='ocrx_word' id='word_1_138' title='bbox 404 1436 483 1473; x_wconf 88' lang='lat' dir='ltr'>fuit</span> <span class='ocrx_word' id='word_1_139' title='bbox 505 1435 724 1482; x_wconf 87' lang='lat' dir='ltr'>addictus,</span> <span class='ocrx_word' id='word_1_140' title='bbox 750 1442 796 1474; x_wconf 89' lang='lat' dir='ltr'>vt</span> <span class='ocrx_word' id='word_1_141' title='bbox 822 1449 1041 1487; x_wconf 86' lang='lat' dir='ltr'>nunquam</span> <span class='ocrx_word' id='word_1_142' title='bbox 1062 1437 1115 1474; x_wconf 89' lang='lat' dir='ltr'>ab</span> <span class='ocrx_word' id='word_1_143' title='bbox 1138 1437 1230 1474; x_wconf 89' lang='lat' dir='ltr'>eius</span> <span class='ocrx_word' id='word_1_144' title='bbox 1251 1437 1561 1475; x_wconf 88' lang='lat' dir='ltr'>recordatione</span> <span class='ocrx_word' id='word_1_145' title='bbox 1591 1441 1783 1475; x_wconf 86' lang='lat' dir='ltr'>mentem</span> 
     </span>
     <span class='ocr_line' id='line_1_19' title="bbox 155 1507 1784 1559; baseline 0.001 -14"><span class='ocrx_word' id='word_1_146' title='bbox 155 1507 381 1545; x_wconf 90' lang='lat' dir='ltr'>diuertere</span> <span class='ocrx_word' id='word_1_147' title='bbox 416 1514 584 1558; x_wconf 89' lang='lat' dir='ltr'>posset,</span> <span class='ocrx_word' id='word_1_148' title='bbox 610 1520 738 1558; x_wconf 89' lang='lat' dir='ltr'>quam</span> <span class='ocrx_word' id='word_1_149' title='bbox 778 1507 1033 1546; x_wconf 85' lang='lat' dir='ltr'>fascinatam</span> <span class='ocrx_word' id='word_1_150' title='bbox 1066 1514 1108 1545; x_wconf 89' lang='lat' dir='ltr'>et</span> <span class='ocrx_word' id='word_1_151' title='bbox 1131 1507 1343 1559; x_wconf 79' lang='lat' dir='ltr'>cupidinis</span> <span class='ocrx_word' id='word_1_152' title='bbox 1372 1509 1784 1548; x_wconf 73' lang='lat' dir='ltr'>fiammisexustam</span> 
     </span>
     <span class='ocr_line' id='line_1_20' title="bbox 155 1579 1784 1630; baseline 0.001 -14"><span class='ocrx_word' id='word_1_153' title='bbox 155 1579 379 1617; x_wconf 89' lang='lat' dir='ltr'>credebat.</span> <span class='ocrx_word' id='word_1_154' title='bbox 405 1579 566 1617; x_wconf 88' lang='lat' dir='ltr'>Incidit</span> <span class='ocrx_word' id='word_1_155' title='bbox 588 1580 623 1616; x_wconf 85' lang='lat' dir='ltr'>is</span> <span class='ocrx_word' id='word_1_156' title='bbox 646 1580 687 1617; x_wconf 91' lang='lat' dir='ltr'>in</span> <span class='ocrx_word' id='word_1_157' title='bbox 710 1579 919 1629; x_wconf 82' lang='lat' dir='ltr'>grandem</span> <span class='ocrx_word' id='word_1_158' title='bbox 943 1579 1159 1630; x_wconf 89' lang='lat' dir='ltr'>quendam</span> <span class='ocrx_word' id='word_1_159' title='bbox 1189 1580 1405 1627; x_wconf 74' lang='lat' dir='ltr'>morbum3</span> <span class='ocrx_word' id='word_1_160' title='bbox 1429 1593 1615 1630; x_wconf 87' lang='lat' dir='ltr'>cumque</span> <span class='ocrx_word' id='word_1_161' title='bbox 1644 1593 1667 1618; x_wconf 91' lang='lat' dir='ltr'>a</span> <span class='ocrx_word' id='word_1_162' title='bbox 1697 1593 1784 1618; x_wconf 89' lang='lat' dir='ltr'>me-</span> 
     </span>
     <span class='ocr_line' id='line_1_21' title="bbox 156 1650 1781 1702; baseline 0 -14"><span class='ocrx_word' id='word_1_163' title='bbox 156 1650 263 1688; x_wconf 91' lang='lat' dir='ltr'>dicis</span> <span class='ocrx_word' id='word_1_164' title='bbox 281 1655 324 1688; x_wconf 92' lang='lat' dir='ltr'>et</span> <span class='ocrx_word' id='word_1_165' title='bbox 347 1651 400 1688; x_wconf 92' lang='lat' dir='ltr'>ab</span> <span class='ocrx_word' id='word_1_166' title='bbox 420 1651 535 1688; x_wconf 91' lang='lat' dir='ltr'>omni</span> <span class='ocrx_word' id='word_1_167' title='bbox 555 1662 700 1688; x_wconf 91' lang='lat' dir='ltr'>rerum</span> <span class='ocrx_word' id='word_1_168' title='bbox 719 1651 1001 1688; x_wconf 89' lang='lat' dir='ltr'>humanarum</span> <span class='ocrx_word' id='word_1_169' title='bbox 1025 1652 1335 1702; x_wconf 84' lang='lat' dir='ltr'>expectatione</span> <span class='ocrx_word' id='word_1_170' title='bbox 1354 1652 1592 1690; x_wconf 79' lang='lat' dir='ltr'>destitutus</span> <span class='ocrx_word' id='word_1_171' title='bbox 1611 1651 1781 1698; x_wconf 86' lang='lat' dir='ltr'>fuisset,</span> 
     </span>
     <span class='ocr_line' id='line_1_22' title="bbox 157 1719 1781 1774; baseline 0.001 -15"><span class='ocrx_word' id='word_1_172' title='bbox 157 1721 291 1759; x_wconf 89' lang='lat' dir='ltr'>corde</span> <span class='ocrx_word' id='word_1_173' title='bbox 313 1721 367 1759; x_wconf 88' lang='lat' dir='ltr'>ad</span> <span class='ocrx_word' id='word_1_174' title='bbox 389 1720 579 1759; x_wconf 84' lang='lat' dir='ltr'>diuinum</span> <span class='ocrx_word' id='word_1_175' title='bbox 620 1720 827 1760; x_wconf 80' lang='lat' dir='ltr'>auxilium</span> <span class='ocrx_word' id='word_1_176' title='bbox 851 1726 894 1758; x_wconf 87' lang='lat' dir='ltr'>et</span> <span class='ocrx_word' id='word_1_177' title='bbox 917 1721 970 1759; x_wconf 89' lang='lat' dir='ltr'>ad</span> <span class='ocrx_word' id='word_1_178' title='bbox 1000 1722 1190 1773; x_wconf 81' lang='lat' dir='ltr'>Virginis</span> <span class='ocrx_word' id='word_1_179' title='bbox 1211 1719 1477 1761; x_wconf 75' lang='lat' dir='ltr'>lauretanae&#39;</span> <span class='ocrx_word' id='word_1_180' title='bbox 1494 1724 1781 1774; x_wconf 87' lang='lat' dir='ltr'>patrocinium</span> 
     </span>
     <span class='ocr_line' id='line_1_23' title="bbox 156 1791 1783 1841; baseline 0.001 -11"><span class='ocrx_word' id='word_1_181' title='bbox 156 1805 413 1838; x_wconf 79' lang='lat' dir='ltr'>conuersus,</span> <span class='ocrx_word' id='word_1_182' title='bbox 453 1796 604 1830; x_wconf 89' lang='lat' dir='ltr'>uotum</span> <span class='ocrx_word' id='word_1_183' title='bbox 636 1793 780 1830; x_wconf 84' lang='lat' dir='ltr'>emisit</span> <span class='ocrx_word' id='word_1_184' title='bbox 802 1791 1041 1830; x_wconf 88' lang='lat' dir='ltr'>inuisurum</span> <span class='ocrx_word' id='word_1_185' title='bbox 1066 1805 1112 1830; x_wconf 88' lang='lat' dir='ltr'>se</span> <span class='ocrx_word' id='word_1_186' title='bbox 1147 1794 1259 1831; x_wconf 89' lang='lat' dir='ltr'>hanc</span> <span class='ocrx_word' id='word_1_187' title='bbox 1280 1794 1435 1832; x_wconf 88' lang='lat' dir='ltr'>almam</span> <span class='ocrx_word' id='word_1_188' title='bbox 1471 1794 1662 1841; x_wconf 86' lang='lat' dir='ltr'>domum,</span> <span class='ocrx_word' id='word_1_189' title='bbox 1700 1806 1783 1832; x_wconf 91' lang='lat' dir='ltr'>nec</span> 
     </span>
     <span class='ocr_line' id='line_1_24' title="bbox 159 1864 1783 1916; baseline 0.002 -15"><span class='ocrx_word' id='word_1_190' title='bbox 159 1864 259 1902; x_wconf 90' lang='lat' dir='ltr'>inde</span> <span class='ocrx_word' id='word_1_191' title='bbox 284 1877 577 1908; x_wconf 84' lang='lat' dir='ltr'>reuersurum,</span> <span class='ocrx_word' id='word_1_192' title='bbox 603 1864 705 1914; x_wconf 84' lang='lat' dir='ltr'>quin</span> <span class='ocrx_word' id='word_1_193' title='bbox 740 1865 857 1914; x_wconf 86' lang='lat' dir='ltr'>prius</span> <span class='ocrx_word' id='word_1_194' title='bbox 880 1865 1056 1902; x_wconf 83' lang='lat' dir='ltr'>salutari</span> <span class='ocrx_word' id='word_1_195' title='bbox 1076 1865 1319 1916; x_wconf 88' lang='lat' dir='ltr'>penitentia</span> <span class='ocrx_word' id='word_1_196' title='bbox 1355 1871 1399 1903; x_wconf 92' lang='lat' dir='ltr'>et</span> <span class='ocrx_word' id='word_1_197' title='bbox 1421 1878 1544 1904; x_wconf 91' lang='lat' dir='ltr'>sacra</span> <span class='ocrx_word' id='word_1_198' title='bbox 1578 1865 1783 1904; x_wconf 86' lang='lat' dir='ltr'>dominici</span> 
     </span>
     <span class='ocr_line' id='line_1_25' title="bbox 157 1935 1779 1988; baseline 0 -14"><span class='ocrx_word' id='word_1_199' title='bbox 157 1935 353 1986; x_wconf 80' lang='lat' dir='ltr'>corporis</span> <span class='ocrx_word' id='word_1_200' title='bbox 376 1937 685 1974; x_wconf 89' lang='lat' dir='ltr'>communione</span> <span class='ocrx_word' id='word_1_201' title='bbox 709 1936 934 1973; x_wconf 90' lang='lat' dir='ltr'>remissam</span> <span class='ocrx_word' id='word_1_202' title='bbox 970 1936 1050 1973; x_wconf 91' lang='lat' dir='ltr'>sibi</span> <span class='ocrx_word' id='word_1_203' title='bbox 1072 1941 1236 1974; x_wconf 86' lang='lat' dir='ltr'>tantam</span> <span class='ocrx_word' id='word_1_204' title='bbox 1258 1937 1532 1987; x_wconf 85' lang='lat' dir='ltr'>iniquitatem</span> <span class='ocrx_word' id='word_1_205' title='bbox 1568 1942 1779 1988; x_wconf 89' lang='lat' dir='ltr'>speraret.</span> 
     </span>
     <span class='ocr_line' id='line_1_26' title="bbox 154 2006 1780 2058; baseline 0.001 -13"><span class='ocrx_word' id='word_1_206' title='bbox 154 2007 325 2053; x_wconf 80' lang='lat' dir='ltr'>Statim,</span> <span class='ocrx_word' id='word_1_207' title='bbox 364 2012 471 2044; x_wconf 90' lang='lat' dir='ltr'>voto</span> <span class='ocrx_word' id='word_1_208' title='bbox 511 2006 688 2053; x_wconf 89' lang='lat' dir='ltr'>emisso,</span> <span class='ocrx_word' id='word_1_209' title='bbox 715 2006 863 2044; x_wconf 89' lang='lat' dir='ltr'>diuino</span> <span class='ocrx_word' id='word_1_210' title='bbox 896 2007 1104 2045; x_wconf 90' lang='lat' dir='ltr'>miraculo</span> <span class='ocrx_word' id='word_1_211' title='bbox 1142 2007 1288 2058; x_wconf 88' lang='lat' dir='ltr'>coepit</span> <span class='ocrx_word' id='word_1_212' title='bbox 1323 2009 1554 2058; x_wconf 90' lang='lat' dir='ltr'>respirare,</span> <span class='ocrx_word' id='word_1_213' title='bbox 1580 2013 1624 2045; x_wconf 93' lang='lat' dir='ltr'>et</span> <span class='ocrx_word' id='word_1_214' title='bbox 1652 2008 1780 2058; x_wconf 88' lang='lat' dir='ltr'>paulo</span> 
     </span>
     <span class='ocr_line' id='line_1_27' title="bbox 155 2078 1781 2130; baseline 0.001 -14"><span class='ocrx_word' id='word_1_215' title='bbox 155 2084 254 2128; x_wconf 90' lang='lat' dir='ltr'>post</span> <span class='ocrx_word' id='word_1_216' title='bbox 276 2078 421 2116; x_wconf 90' lang='lat' dir='ltr'>itineri</span> <span class='ocrx_word' id='word_1_217' title='bbox 459 2091 505 2115; x_wconf 87' lang='lat' dir='ltr'>se</span> <span class='ocrx_word' id='word_1_218' title='bbox 528 2078 779 2129; x_wconf 87' lang='lat' dir='ltr'>accingere.</span> <span class='ocrx_word' id='word_1_219' title='bbox 819 2079 1056 2128; x_wconf 89' lang='lat' dir='ltr'>Postquam</span> <span class='ocrx_word' id='word_1_220' title='bbox 1077 2082 1223 2116; x_wconf 88' lang='lat' dir='ltr'>autem</span> <span class='ocrx_word' id='word_1_221' title='bbox 1245 2078 1374 2117; x_wconf 89' lang='lat' dir='ltr'>diuae</span> <span class='ocrx_word' id='word_1_222' title='bbox 1410 2079 1600 2130; x_wconf 84' lang='lat' dir='ltr'>Virginis</span> <span class='ocrx_word' id='word_1_223' title='bbox 1634 2080 1781 2130; x_wconf 87' lang='lat' dir='ltr'>imagi-</span> 
     </span>
     <span class='ocr_line' id='line_1_28' title="bbox 153 2148 1781 2200; baseline 0.001 -13"><span class='ocrx_word' id='word_1_224' title='bbox 153 2162 253 2188; x_wconf 90' lang='lat' dir='ltr'>nem</span> <span class='ocrx_word' id='word_1_225' title='bbox 275 2149 440 2196; x_wconf 86' lang='lat' dir='ltr'>inuisit,</span> <span class='ocrx_word' id='word_1_226' title='bbox 483 2162 656 2187; x_wconf 89' lang='lat' dir='ltr'>ornnem</span> <span class='ocrx_word' id='word_1_227' title='bbox 688 2148 846 2187; x_wconf 87' lang='lat' dir='ltr'>mentis</span> <span class='ocrx_word' id='word_1_228' title='bbox 881 2154 925 2187; x_wconf 91' lang='lat' dir='ltr'>et</span> <span class='ocrx_word' id='word_1_229' title='bbox 953 2150 1149 2200; x_wconf 91' lang='lat' dir='ltr'>corporis</span> <span class='ocrx_word' id='word_1_230' title='bbox 1173 2149 1467 2200; x_wconf 88' lang='lat' dir='ltr'>egritudinem</span> <span class='ocrx_word' id='word_1_231' title='bbox 1504 2162 1550 2188; x_wconf 91' lang='lat' dir='ltr'>se</span> <span class='ocrx_word' id='word_1_232' title='bbox 1588 2151 1781 2188; x_wconf 86' lang='lat' dir='ltr'>euasisse</span> 
     </span>
     <span class='ocr_line' id='line_1_29' title="bbox 157 2219 462 2271; baseline 0 -14"><span class='ocrx_word' id='word_1_233' title='bbox 157 2219 462 2271; x_wconf 87' lang='lat' dir='ltr'>deprehendit.</span> 
     </span>
    </p>

    <p class='ocr_par' dir='ltr' id='par_1_5' title="bbox 153 2290 1782 2914">
     <span class='ocr_line' id='line_1_30' title="bbox 211 2290 1781 2343; baseline 0.001 -14"><span class='ocrx_word' id='word_1_234' title='bbox 211 2302 270 2330; x_wconf 89' lang='lat'>11.</span> <span class='ocrx_word' id='word_1_235' title='bbox 328 2290 450 2329; x_wconf 83' lang='lat' dir='ltr'>Alius</span> <span class='ocrx_word' id='word_1_236' title='bbox 471 2290 659 2340; x_wconf 88' lang='lat' dir='ltr'>quidam,</span> <span class='ocrx_word' id='word_1_237' title='bbox 684 2296 868 2341; x_wconf 90' lang='lat' dir='ltr'>accepto</span> <span class='ocrx_word' id='word_1_238' title='bbox 897 2292 1020 2342; x_wconf 87' lang='lat' dir='ltr'>graui</span> <span class='ocrx_word' id='word_1_239' title='bbox 1050 2292 1232 2330; x_wconf 91' lang='lat' dir='ltr'>uulnere</span> <span class='ocrx_word' id='word_1_240' title='bbox 1262 2292 1304 2330; x_wconf 92' lang='lat' dir='ltr'>in</span> <span class='ocrx_word' id='word_1_241' title='bbox 1334 2305 1465 2343; x_wconf 83' lang='lat' dir='ltr'>genu,</span> <span class='ocrx_word' id='word_1_242' title='bbox 1498 2293 1657 2330; x_wconf 89' lang='lat' dir='ltr'>bonam</span> <span class='ocrx_word' id='word_1_243' title='bbox 1687 2304 1781 2343; x_wconf 89' lang='lat' dir='ltr'>par-</span> 
     </span>
     <span class='ocr_line' id='line_1_31' title="bbox 154 2360 1781 2414; baseline 0.001 -14"><span class='ocrx_word' id='word_1_244' title='bbox 154 2368 243 2400; x_wconf 89' lang='lat' dir='ltr'>tem</span> <span class='ocrx_word' id='word_1_245' title='bbox 265 2374 436 2399; x_wconf 87' lang='lat' dir='ltr'>suarum</span> <span class='ocrx_word' id='word_1_246' title='bbox 460 2362 713 2399; x_wconf 88' lang='lat' dir='ltr'>facultatum</span> <span class='ocrx_word' id='word_1_247' title='bbox 735 2362 777 2399; x_wconf 93' lang='lat' dir='ltr'>in</span> <span class='ocrx_word' id='word_1_248' title='bbox 794 2360 989 2400; x_wconf 89' lang='lat' dir='ltr'>medicos</span> <span class='ocrx_word' id='word_1_249' title='bbox 1008 2364 1224 2414; x_wconf 85' lang='lat' dir='ltr'>erogauit,</span> <span class='ocrx_word' id='word_1_250' title='bbox 1243 2374 1326 2401; x_wconf 92' lang='lat' dir='ltr'>nec</span> <span class='ocrx_word' id='word_1_251' title='bbox 1341 2363 1442 2401; x_wconf 90' lang='lat' dir='ltr'>inde</span> <span class='ocrx_word' id='word_1_252' title='bbox 1458 2375 1580 2414; x_wconf 84' lang='lat' dir='ltr'>spem</span> <span class='ocrx_word' id='word_1_253' title='bbox 1597 2363 1781 2414; x_wconf 88' lang='lat' dir='ltr'>aliquam</span> 
     </span>
     <span class='ocr_line' id='line_1_32' title="bbox 154 2432 1782 2484; baseline 0.001 -13"><span class='ocrx_word' id='word_1_254' title='bbox 154 2432 480 2483; x_wconf 87' lang='lat' dir='ltr'>recuperandae</span> <span class='ocrx_word' id='word_1_255' title='bbox 504 2432 699 2470; x_wconf 86' lang='lat' dir='ltr'>sanitatis</span> <span class='ocrx_word' id='word_1_256' title='bbox 728 2433 962 2484; x_wconf 86' lang='lat' dir='ltr'>concipere</span> <span class='ocrx_word' id='word_1_257' title='bbox 982 2434 1140 2484; x_wconf 80' lang='lat' dir='ltr'>potuit3</span> <span class='ocrx_word' id='word_1_258' title='bbox 1163 2434 1352 2484; x_wconf 89' lang='lat' dir='ltr'>quinimo</span> <span class='ocrx_word' id='word_1_259' title='bbox 1375 2439 1448 2472; x_wconf 89' lang='lat' dir='ltr'>aut</span> <span class='ocrx_word' id='word_1_260' title='bbox 1471 2434 1645 2472; x_wconf 90' lang='lat' dir='ltr'>omnino</span> <span class='ocrx_word' id='word_1_261' title='bbox 1669 2435 1782 2472; x_wconf 90' lang='lat' dir='ltr'>clau-</span> 
     </span>
     <span class='ocr_line' id='line_1_33' title="bbox 155 2502 1780 2556; baseline 0.001 -14"><span class='ocrx_word' id='word_1_262' title='bbox 155 2504 271 2550; x_wconf 85' lang='lat' dir='ltr'>dum,</span> <span class='ocrx_word' id='word_1_263' title='bbox 295 2508 369 2541; x_wconf 90' lang='lat' dir='ltr'>aut</span> <span class='ocrx_word' id='word_1_264' title='bbox 389 2503 587 2541; x_wconf 83' lang='lat' dir='ltr'>fortassis</span> <span class='ocrx_word' id='word_1_265' title='bbox 608 2502 710 2541; x_wconf 84' lang='lat' dir='ltr'>inde</span> <span class='ocrx_word' id='word_1_266' title='bbox 732 2504 989 2543; x_wconf 91' lang='lat' dir='ltr'>moriturum</span> <span class='ocrx_word' id='word_1_267' title='bbox 1012 2517 1164 2543; x_wconf 90' lang='lat' dir='ltr'>omnes</span> <span class='ocrx_word' id='word_1_268' title='bbox 1185 2504 1448 2544; x_wconf 87' lang='lat' dir='ltr'>iudicabant.</span> <span class='ocrx_word' id='word_1_269' title='bbox 1477 2505 1606 2543; x_wconf 90' lang='lat' dir='ltr'>Omni</span> <span class='ocrx_word' id='word_1_270' title='bbox 1634 2506 1780 2556; x_wconf 89' lang='lat' dir='ltr'>itaque</span> 
     </span>
     <span class='ocr_line' id='line_1_34' title="bbox 154 2576 1781 2628; baseline 0 -13"><span class='ocrx_word' id='word_1_271' title='bbox 154 2577 341 2615; x_wconf 90' lang='lat' dir='ltr'>humana</span> <span class='ocrx_word' id='word_1_272' title='bbox 371 2576 673 2614; x_wconf 88' lang='lat' dir='ltr'>consolatione</span> <span class='ocrx_word' id='word_1_273' title='bbox 704 2576 875 2624; x_wconf 89' lang='lat' dir='ltr'>amissa,</span> <span class='ocrx_word' id='word_1_274' title='bbox 909 2576 963 2615; x_wconf 89' lang='lat' dir='ltr'>ad</span> <span class='ocrx_word' id='word_1_275' title='bbox 985 2577 1066 2615; x_wconf 90' lang='lat' dir='ltr'>Dei</span> <span class='ocrx_word' id='word_1_276' title='bbox 1088 2577 1312 2628; x_wconf 84' lang='lat' dir='ltr'>genitricis</span> <span class='ocrx_word' id='word_1_277' title='bbox 1332 2578 1636 2628; x_wconf 84' lang='lat' dir='ltr'>patrocinium,</span> <span class='ocrx_word' id='word_1_278' title='bbox 1660 2590 1781 2628; x_wconf 91' lang='lat' dir='ltr'>spem</span> 
     </span>
     <span class='ocr_line' id='line_1_35' title="bbox 154 2647 1782 2698; baseline 0.002 -13"><span class='ocrx_word' id='word_1_279' title='bbox 154 2648 430 2698; x_wconf 87' lang='lat' dir='ltr'>animumque</span> <span class='ocrx_word' id='word_1_280' title='bbox 453 2647 664 2695; x_wconf 89' lang='lat' dir='ltr'>deflectit,</span> <span class='ocrx_word' id='word_1_281' title='bbox 689 2662 739 2688; x_wconf 90' lang='lat' dir='ltr'>ac</span> <span class='ocrx_word' id='word_1_282' title='bbox 760 2649 885 2687; x_wconf 88' lang='lat' dir='ltr'>vouit</span> <span class='ocrx_word' id='word_1_283' title='bbox 915 2649 1153 2687; x_wconf 87' lang='lat' dir='ltr'>inuisurum</span> <span class='ocrx_word' id='word_1_284' title='bbox 1185 2661 1230 2687; x_wconf 88' lang='lat' dir='ltr'>se</span> <span class='ocrx_word' id='word_1_285' title='bbox 1263 2661 1360 2687; x_wconf 89' lang='lat' dir='ltr'>cum</span> <span class='ocrx_word' id='word_1_286' title='bbox 1391 2650 1642 2688; x_wconf 88' lang='lat' dir='ltr'>muneribus</span> <span class='ocrx_word' id='word_1_287' title='bbox 1671 2650 1782 2689; x_wconf 91' lang='lat' dir='ltr'>hanc</span> 
     </span>
     <span class='ocr_line' id='line_1_36' title="bbox 155 2719 1780 2769; baseline 0.001 -13"><span class='ocrx_word' id='word_1_288' title='bbox 155 2719 376 2758; x_wconf 86' lang='lat' dir='ltr'>celebrem</span> <span class='ocrx_word' id='word_1_289' title='bbox 413 2719 660 2757; x_wconf 88' lang='lat' dir='ltr'>ecclesiam.</span> <span class='ocrx_word' id='word_1_290' title='bbox 696 2721 858 2758; x_wconf 91' lang='lat' dir='ltr'>Votum</span> <span class='ocrx_word' id='word_1_291' title='bbox 894 2720 1055 2758; x_wconf 89' lang='lat' dir='ltr'>sanitas</span> <span class='ocrx_word' id='word_1_292' title='bbox 1090 2720 1297 2757; x_wconf 90' lang='lat' dir='ltr'>continuo</span> <span class='ocrx_word' id='word_1_293' title='bbox 1329 2720 1538 2769; x_wconf 86' lang='lat' dir='ltr'>sequitur.</span> <span class='ocrx_word' id='word_1_294' title='bbox 1573 2722 1780 2760; x_wconf 87' lang='lat' dir='ltr'>Ceterum</span> 
     </span>
     <span class='ocr_line' id='line_1_37' title="bbox 153 2791 1780 2841; baseline 0.001 -13"><span class='ocrx_word' id='word_1_295' title='bbox 153 2803 283 2829; x_wconf 89' lang='lat' dir='ltr'>sanus</span> <span class='ocrx_word' id='word_1_296' title='bbox 306 2791 508 2837; x_wconf 80' lang='lat' dir='ltr'>effeetus,</span> <span class='ocrx_word' id='word_1_297' title='bbox 545 2792 675 2829; x_wconf 89' lang='lat' dir='ltr'>nimia</span> <span class='ocrx_word' id='word_1_298' title='bbox 696 2805 841 2830; x_wconf 90' lang='lat' dir='ltr'>rerum</span> <span class='ocrx_word' id='word_1_299' title='bbox 861 2792 1104 2830; x_wconf 86' lang='lat' dir='ltr'>foelicitate</span> <span class='ocrx_word' id='word_1_300' title='bbox 1137 2791 1376 2829; x_wconf 89' lang='lat' dir='ltr'>obliuiosus</span> <span class='ocrx_word' id='word_1_301' title='bbox 1397 2792 1552 2838; x_wconf 86' lang='lat' dir='ltr'>factus,</span> <span class='ocrx_word' id='word_1_302' title='bbox 1584 2795 1780 2841; x_wconf 89' lang='lat' dir='ltr'>prestare</span> 
     </span>
     <span class='ocr_line' id='line_1_38' title="bbox 154 2861 1780 2914; baseline 0.001 -14"><span class='ocrx_word' id='word_1_303' title='bbox 154 2861 335 2909; x_wconf 87' lang='lat' dir='ltr'>distulit,</span> <span class='ocrx_word' id='word_1_304' title='bbox 368 2861 485 2912; x_wconf 92' lang='lat' dir='ltr'>quod</span> <span class='ocrx_word' id='word_1_305' title='bbox 514 2863 814 2912; x_wconf 79' lang='lat' dir='ltr'>promisserat3</span> <span class='ocrx_word' id='word_1_306' title='bbox 848 2875 1035 2914; x_wconf 91' lang='lat' dir='ltr'>cumque</span> <span class='ocrx_word' id='word_1_307' title='bbox 1069 2863 1227 2901; x_wconf 91' lang='lat' dir='ltr'>iterum</span> <span class='ocrx_word' id='word_1_308' title='bbox 1265 2867 1496 2901; x_wconf 88' lang='lat' dir='ltr'>anteactae</span> <span class='ocrx_word' id='word_1_309' title='bbox 1530 2862 1648 2901; x_wconf 88' lang='lat' dir='ltr'>vitae</span> <span class='ocrx_word' id='word_1_310' title='bbox 1677 2863 1780 2914; x_wconf 89' lang='lat' dir='ltr'>(que</span> 
     </span>
    </p>
   </div>
   <div class='ocr_carea' id='block_1_3' title="bbox 200 2998 467 3045">
    <p class='ocr_par' dir='ltr' id='par_1_6' title="bbox 200 2998 467 3045">
     <span class='ocr_line' id='line_1_39' title="bbox 200 2998 467 3045; baseline -0.007 -8"><span class='ocrx_word' id='word_1_311' title='bbox 200 2999 219 3018; x_wconf 69' lang='lat'>²</span> <span class='ocrx_word' id='word_1_312' title='bbox 269 2998 365 3036; x_wconf 82' lang='lat' dir='ltr'>Del.</span> <span class='ocrx_word' id='word_1_313' title='bbox 387 2999 467 3045; x_wconf 89' lang='lat' dir='ltr'>qui.</span> 
     </span>
    </p>
   </div>
  </div>
 </body>
</html>
