1908 3446
483 203 849 241 340.—BELMONTE
880 203 920 238 18
941 201 1141 249 JANUARII
1172 200 1261 237 1560
1556 198 1626 234 503

807 410 919 460 340

408 562 459 606 P.
507 560 907 618 JOANNES
956 558 1323 616 QUADRA

517 691 739 717 BELMONTE
770 681 811 716 18
836 690 1029 727 JaNUARn
1059 678 1150 715 1560
1178 679 1200 714 ¹.

59 794 139 832 Res
160 791 440 830 domesficae.
466 789 840 838 S'zcln'z‘asoannis
863 790 1011 827 Lucae
1032 799 1157 826 mors
1179 786 1256 836 qni
1286 785 1560 836 praeclarus
1581 785 1680 822 erac*

136 856 320 907 collegii
346 855 619 907 benefacfor.
654 854 818 905 Popnlz·
850 856 1029 892 nostros
1060 853 1213 891 alendi
1229 850 1531 902 propositum.
1558 849 1680 887 Μαν-

136 923 312 962 clm'onz's
333 924 383 961 de
415 922 586 961 Villena
607 934 721 972 erga
748 934 826 958 nos
847 921 1075 958 volunt-as.

138 1039 165 1087 ἦ·
192 1037 310 1088 Jhus.
350 1034 611 1073 Reuerende
648 1033 882 1071 admodum
914 1034 955 1071 in
987 1033 1120 1070 Chro.
1154 1033 1296 1070 Pater.
1335 1030 1487 1069 Gratia
1523 1035 1566 1067 et
1599 1041 1683 1079 pax

65 1109 130 1148 X.i
158 1113 242 1146 etc.
283 1109 407 1157 Quae
443 1107 562 1144 hisce
585 1106 603 1124 '⁸¹‘
631 1105 785 1143 diebus
822 1105 937 1142 circa
966 1117 1046 1141 nos
1077 1108 1263 1154 aguntur
1294 1101 1439 1139 diuina
1469 1101 1682 1146 bonitate,

62 1180 207 1233 paucis
230 1179 472 1229 explicabo,
495 1183 541 1215 vt
564 1184 607 1216 et
633 1177 847 1215 voluntati
867 1182 967 1215 tuae
992 1180 1035 1213 et
1056 1173 1341 1214 institutionis
1362 1179 1540 1211 nostrae
1562 1184 1684 1223 prae-

63 1253 219 1303 scripto
261 1249 540 1288 satisfaciam.
565 1251 611 1287 In
632 1249 779 1300 primis
801 1247 917 1300 quod
949 1247 1002 1285 ad
1034 1247 1230 1298 corporis
1263 1245 1559 1284 valetudinem
1589 1242 1685 1281 atti-

63 1329 150 1371 net,
190 1334 341 1360 omnes
376 1322 535 1359 vtimur
566 1322 636 1358 illa
666 1333 889 1371 prospera,
922 1325 1097 1371 praeter
1127 1332 1259 1356 vnum
1290 1318 1413 1355 frem.
1448 1316 1645 1354 Ramirez
1673 1320 1686 1339 2

64 1395 133 1446 qui
152 1395 334 1441 laborat,
359 1401 403 1431 vt
427 1393 607 1439 assolet,
632 1393 796 1431 crebris
820 1392 906 1430 suis
933 1391 1321 1430 imbecillitatibus.
1346 1388 1515 1426 Deinde
1546 1386 1688 1425 studia
1711 1436 1718 1446 ⁴

68 1467 206 1506 omnia
228 1478 400 1516 semper
422 1465 654 1516 proficiunt
685 1470 728 1502 et
759 1465 982 1501 literarum
1018 1469 1061 1501 et
1091 1462 1281 1513 pietatis,
1317 1474 1468 1499 eorum
1500 1460 1686 1497 maxime

67 1539 136 1590 qui
155 1539 435 1588 frequentant
458 1538 630 1575 scholas
652 1537 889 1575 Societatis
912 1536 983 1573 uel
1004 1534 1052 1573 in
1075 1535 1208 1573 sacris
1228 1535 1446 1572 intersunt
1468 1531 1687 1570 concioni—

67 1610 158 1658 bus,
178 1611 248 1648 uel
272 1610 402 1647 etiam
424 1609 466 1646 in
488 1609 794 1646 communione
831 1600 1204 1645 sacramentorum
1234 1605 1463 1643 nobiscum
1497 1617 1688 1642 commu-

67 1681 222 1719 nicant.
248 1681 345 1719 Non
368 1681 429 1718 sic
451 1680 592 1730 agitur
609 1680 650 1717 in
667 1679 733 1716 his
755 1679 886 1716 rebus
903 1691 1014 1728 quae
1037 1677 1301 1729 quotidianis
1318 1677 1467 1714 vsibus
1485 1675 1538 1712 ad
1555 1674 1688 1712 vitam

69 1753 271 1791 tuendam
294 1753 492 1802 corporis
513 1752 791 1790 necessariae
815 1756 930 1798 suntg
954 1751 1098 1788 omnia
1127 1749 1254 1787 nobis
1289 1753 1494 1786 uertente
1517 1758 1690 1797 semper

68 1825 109 1862 in
130 1824 282 1862 melius
304 1823 448 1861 diuina
468 1822 758 1874 prouidentia.
784 1824 893 1860 Nam
915 1822 1055 1859 bonus
1077 1821 1147 1858 ille
1170 1820 1234 1858 uir
1261 1822 1450 1871 Joannes
1486 1820 1626 1856 Lucas
1660 1821 1688 1864 3,

48 1938 50 1940 v
71 1896 139 1946 qui
159 1896 412 1934 benefitium
433 1895 475 1932 in
498 1893 656 1945 oppido
679 1895 909 1943 Xorquera
931 1897 1185 1943 susceperat
1206 1891 1346 1929 nostri
1368 1902 1535 1936 caussa,
1560 1893 1691 1938 atque

73 1979 95 2005 e
117 1967 237 2016 cujus
257 1967 350 2005 fere
372 1965 664 2005 beneficentia
680 1964 733 2014 (si
752 1965 806 2002 de
823 1965 1021 2002 humanis
1036 1964 1177 2015 agitur
1194 1962 1442 2013 praesidijs)
1471 1960 1693 2011 pendebat

72 2039 195 2088 hujus
213 2039 386 2089 colleg-ij
407 2044 625 2076 structura
648 2042 691 2075 et
712 2049 989 2088 progressus,
1013 2036 1156 2073 subita
1176 2035 1334 2073 mentis
1356 2032 1621 2071 alienatione
1643 2044 1694 2068 ac

73 2124 273 2149 sensuum
293 2110 467 2149 uinculo
504 2113 732 2159 correptus
767 2107 903 2159 (quod
935 2120 1075 2159 genus
1110 2105 1249 2144 morbi
1283 2105 1502 2156 appellant
1536 2103 1695 2142 medici

73 2182 359 2232 apoplexiam)
381 2181 472 2219 sine
496 2194 608 2219 uoce
629 2180 809 2229 interijt:
834 2179 907 2217 uix
943 2183 1064 2217 certe
1094 2178 1220 2216 vnius
1251 2176 1337 2214 diei
1368 2176 1553 2227 adeptus
1574 2174 1694 2212 indu-

76 2254 173 2301 cias,
198 2266 294 2291 cum
315 2253 474 2304 alioqui
496 2253 629 2290 uitam
652 2265 825 2290 ornnem
849 2250 1015 2302 egisset
1044 2263 1131 2287 non
1160 2254 1328 2286 tantum
1357 2248 1621 2298 inculpatam
1653 2252 1696 2284 et

76 2338 219 2376 puram
237 2326 289 2363 ab
313 2324 579 2363 offendiculo
597 2324 784 2374 proximi
800 2323 871 2361 uel
893 2321 1253 2373 reprehensione,
1278 2334 1431 2359 verum
1450 2320 1580 2358 etiam
1599 2331 1696 2357 cum

77 2397 378 2436 aedificatione
401 2383 581 2443 summa,
605 2396 736 2447 idque
759 2395 807 2434 z'n
835 2397 1013 2433 tantum
1028 2395 1063 2442 Ὀ,
1086 2399 1136 2432 vt
1156 2400 1343 2432 mortem
1364 2393 1497 2443 ipsius
1529 2399 1545 2416 0
1565 2404 1696 2429 nemo

122 2533 141 2552 a
187 2534 299 2572 hisde
318 2544 399 2571 ms.
453 2535 518 2559 —b
538 2534 652 2571 adeo.
705 2539 771 2558 —0
790 2532 894 2579 ipius
913 2542 992 2568 ms.

125 2666 135 2685 ¹
184 2665 247 2702 Ex
264 2670 422 2711 autogr.
445 2679 468 2701 a
487 2665 664 2702 Polaneo
684 2664 899 2701 emendato
917 2663 956 2699 in
976 2663 1062 2699 cod.
1084 2662 1209 2708 Hisp.
1234 2661 1300 2703 97.
1322 2660 1345 2698 2
1371 2661 1428 2705 ff„
1458 2673 1523 2697 nn.
1552 2660 1612 2704 25,
1639 2659 1699 2706 26;

81 2724 185 2771 prius
202 2724 283 2763 251.
303 2725 349 2763 In
366 2725 392 2763 f.
412 2724 458 2762 27
473 2729 534 2762 est
553 2725 783 2771 exemplum
803 2723 1025 2760 secundum
1040 2723 1324 2764 correctiones,
1345 2723 1395 2758 ad
1414 2722 1528 2770 cujus
1547 2721 1702 2758 calcem

81 2789 303 2822 annotatur:
325 2785 426 2822 «Per
444 2784 631 2829 Genoua,
659 2783 872 2828 Fiorenza‚
901 2781 1040 2824 Siena,
1074 2781 1420 2829 Montepulciano,
1452 2780 1632 2827 Perugia
1663 2784 1704 2817 et

81 2843 280 2882 Amelia».

127 2902 140 2922 ²
189 2903 392 2941 Antonius
411 2902 617 2940 Ramirez.
640 2902 739 2952 Ejus
758 2901 938 2948 elogium
956 2902 1161 2939 invenitur
1179 2901 1285 2948 apud
1317 2900 1527 2944 ΑΝΤοΝιΟ,
1559 2900 1702 2937 Histo-

84 2962 151 3041 ri?
175 2962 231 3059 ἀΰ
242 2964 285 2999 la
313 2963 555 3060 Congpmgicg3
568 2962 623 3000 de
634 2962 769 3009 Jeszts
788 2961 843 2999 de
861 2962 904 2998 la
922 2960 1156 2998 Provincia
1176 2961 1231 2997 de
1254 2959 1422 3005 Toledo,
1444 2959 1548 3004 (ms.)
1568 2971 1599 2996 c.
1623 2958 1701 2994 179.

236 3023 299 3060 ide
317 3035 356 3070 p.
373 3022 395 3059 2
420 3023 466 3059 2-
508 3022 531 3059 6
559 3051 566 3061 .
