1908 3446
584 219 969 259 257.—V1N1)0130NA
1002 218 1015 255 1
1048 216 1155 264 MAJ1
1186 214 1275 253 1559
1627 212 1691 251 173

187 326 326 378 fama
346 321 492 363 variis
513 321 724 372 exemplis
750 317 1217 359 demonstrabm'.—ll.
1242 315 1479 368 Religiosct
1507 315 1736 353 comoedia

196 403 365 443 magno
388 388 626 428 hominnm
647 398 871 426 concursu
894 387 934 424 et
965 385 1189 434 applausu
1222 382 1287 421 bis
1318 380 1496 432 agitur.
1532 380 1744 430 Episcopi

195 454 449 509 hungarici
469 467 586 505 erga
606 453 753 492 socios
775 451 987 491 benevoli.

175 594 208 621 Ι.
266 584 294 632 †
318 581 408 631 Jhs.
444 579 645 617 Breuiter
676 577 731 616 de
762 576 826 615 his
857 589 968 628 quae
1001 575 1146 613 diuina
1180 574 1353 612 bonitas
1383 585 1460 623 per
1497 570 1599 609 uilia
1634 571 1746 607 haec

118 655 404 692 instrumenta
422 664 499 689 sua
521 650 694 701 operari
715 649 892 700 dignata
919 653 1000 695 est,
1031 647 1285 696 scripturus,
1311 644 1419 681 Rde.
1444 644 1485 681 in
1510 643 1641 681 Chro.
1668 642 1746 679 Pa-

117 730 200 772 ter,
223 737 247 762 a
268 722 561 773 spiritualibus
585 720 808 769 exercitijs
830 720 997 758 initium
1028 731 1208 756 sumam.
1247 715 1337 763 [siit
1368 727 1526 754 omnes
1556 713 1748 751 virtutes

121 797 174 835 ab
196 793 400 834 omnihus
422 792 624 832 exerceri
644 790 924 843 diligentem.
949 790 1048 828 Non
1069 802 1219 840 parum
1249 791 1395 825 autem
1428 786 1481 824 ad
1513 787 1624 823 hanc
1655 796 1746 821 rem

118 868 278 906 iuuisse
311 865 515 903 existimo
549 863 736 902 dininas
769 863 878 901 ‘illas
909 860 1002 901 Rdi.
1039 861 1145 899 Pris.
1179 860 1258 898 nri.
1294 864 1471 897 sanctae
1507 856 1747 895 memoriae

119 937 270 990 Ignatij
294 935 610 976 meditationes
630 936 663 981 ἃ,
683 935 837 985 quibus
855 935 940 972 hoc
963 938 1142 971 sanctae
1161 930 1525 981 quadragesimae
1544 934 1746 978 tempore

122 1009 368 1060 complures
404 1020 459 1045 ex
494 1007 714 1053 fratribus,
752 1006 847 1055 alijs
882 1005 1055 1042 interim
1088 1002 1451 1053 occupationibus
1487 1000 1540 1037 ad
1577 1005 1750 1048 tempus

118 1079 385 1133 postpositiS‚
424 1079 611 1117 libenter
649 1082 691 1115 et
727 1077 961 1128 diligenter
999 1080 1223 1114 vacarunt.
1267 1074 1320 1111 Et
1356 1086 1453 1111 cum
1494 1071 1656 1122 alioqui
1695 1069 1750 1108 ad

118 1152 340 1204 proximos
360 1149 577 1189 iuuandos
598 1148 808 1200 propensi
830 1149 929 1196 sint,
953 1148 1075 1186 hisce
1097 1152 1245 1185 tamen
1268 1145 1424 1183 diebus
1447 1143 1667 1194 singulare
1699 1141 1752 1179 ad

119 1225 229 1262 hanc
258 1235 349 1261 rem
380 1221 570 1261 studium
603 1221 897 1267 contulerunt,
932 1219 1051 1258 uaria
1082 1219 1376 1269 disquirentes
1407 1215 1566 1263 media,
1596 1214 1751 1265 quibus

121 1309 222 1334 suos
250 1295 408 1346 singuli
436 1294 671 1345 pisciculos
702 1293 805 1331 dolo
837 1293 954 1330 bono
986 1291 1175 1337 irretire,
1210 1295 1254 1328 et
1281 1290 1470 1327 Domino
1500 1289 1542 1326 in
1567 1287 1751 1325 odorem

121 1367 344 1406 suauitatis
367 1367 530 1405 offerre
551 1371 749 1417 possent.
773 1364 952 1403 Adiuuit
982 1367 1129 1401 autem
1157 1375 1238 1400 nos
1269 1363 1312 1400 in
1343 1363 1429 1399 hoc
1459 1364 1754 1399 sacrosancto

120 1440 299 1490 negotio
330 1438 539 1489 imprimis
571 1439 618 1476 R.
653 1439 699 1475 P.
733 1442 881 1475 rector
903 1436 1113 1482 Victoria,
1137 1435 1210 1486 qui
1233 1447 1329 1472 cum
1353 1434 1643 1471 uehementer
1666 1431 1756 1469 ani-

122 1523 284 1549 marum
306 1510 492 1548 salutem
515 1508 646 1556 sitiat,
672 1508 828 1546 modos
851 1507 977 1546 nobis
1006 1505 1105 1544 huic
1133 1512 1311 1544 sanctae
1344 1503 1577 1555 piscationi
1608 1502 1757 1540 varios

124 1589 167 1620 et
198 1594 405 1633 perquam
445 1580 759 1619 accommodos
798 1578 1095 1630 praescripsit.
1134 1578 1259 1615 Faxit
1296 1577 1418 1616 Dens
1454 1575 1668 1613 Dominus
1708 1578 1754 1611 ut

122 1653 211 1703 pari
239 1665 319 1690 nos
349 1651 574 1703 diligentia
605 1656 648 1689 et
684 1650 897 1689 charitate
935 1650 1104 1700 singula
1141 1660 1431 1698 exequamur,
1466 1647 1759 1697 quemadmo-

125 1726 230 1763 dum
249 1725 269 1749 b
288 1724 414 1762 nobis
436 1725 489 1762 ab
511 1724 583 1762 illo
608 1727 707 1761 sunt
728 1720 1014 1774 praescripta.
1040 1722 1116 1759 Illa
1138 1733 1244 1759 uero
1269 1719 1484 1758 exercitia
1504 1730 1616 1768 quae
1639 1730 1758 1755 com-

125 1798 267 1835 munia
295 1795 509 1835 Societati
538 1802 716 1834 nostrae
747 1799 864 1841 sunt,
903 1792 1195 1831 concionandi
1229 1791 1452 1838 videlicet,
1485 1796 1760 1829 sacramenta

125 1867 464 1915 administrandi,
497 1866 687 1906 docendi
723 1870 766 1903 et
801 1864 843 1903 id
878 1878 1017 1916 genus
1053 1864 1148 1910 alia,
1184 1863 1346 1914 optime
1380 1863 1461 1900 Dei
1491 1862 1632 1913 gratia
1662 1874 1759 1899 suc-

127 1939 302 1978 cedunt.

178 2022 215 2050 2.
275 2011 524 2051 Conciones
563 2011 683 2048 hisce
720 2017 736 2035 0
770 2009 1049 2060 paschalibus
1091 2006 1215 2044 festis
1256 2007 1505 2057 complures
1548 2005 1680 2053 uarijs
1719 2005 1761 2041 in

126 2083 297 2134 templis
335 2095 360 2121 a
399 2083 584 2120 diuersis
625 2081 823 2119 Patribus
866 2085 909 2119 et
948 2080 1156 2119 fratribus
1196 2079 1371 2117 habitae
1413 2082 1526 2116 sunt.
1568 2077 1679 2115 Nam
1716 2082 1762 2113 et

131 2153 259 2193 Rdus.
284 2156 330 2192 P.
356 2155 539 2194 Carolus
569 2154 594 2201 ¹,
625 2154 729 2192 licet
760 2154 904 2191 multis
935 2153 1052 2191 domi
1083 2153 1277 2203 forisque
1309 2150 1502 2202 negotijs
1532 2147 1761 2200 praepedi-

130 2231 212 2272 tus,
237 2226 522 2264 concionatus
545 2231 626 2273 est,
659 2231 702 2263 et
737 2227 806 2263 Pr.
841 2225 1077 2275 Dionysius
1107 2224 1136 2271 2;
1169 2230 1259 2261 tum
1297 2235 1351 2260 ex
1381 2222 1587 2260 fratribus
1620 2221 1762 2259 Thad-

131 2297 264 2335 daeus
284 2299 296 2319 ³
319 2311 416 2336 cum
434 2297 701 2349 Wolfgango
722 2297 948 2348 Piringero
971 2300 984 2318 ⁴
1000 2296 1253 2346 neutiquam
1274 2295 1444 2333 otiosus
1460 2293 1556 2341 fuit,
1576 2306 1760 2344 quorum

177 2427 196 2447 a
244 2425 608 2475 spiritualia‘illa...
631 2428 844 2465 exercitia.
903 2429 967 2453 —b
989 2425 1113 2475 quae.
1173 2448 1201 2452 -
1220 2435 1236 2452 0
1257 2426 1394 2464 hiscae
1415 2437 1495 2463 ms.

181 2563 188 2581 ¹
240 2560 283 2598 P.
305 2561 480 2599 Carolus
499 2561 632 2599 Grim.

180 2620 192 2640 ²
242 2619 450 2668 Epistolae
469 2626 619 2657 auctor.
639 2620 683 2657 In
699 2620 814 2657 brevi
828 2621 1016 2667 catalogo
1031 2632 1152 2667 quem
1167 2619 1212 2657 P.
1231 2619 1418 2657 Victoria
1433 2618 1580 2656 litteris
1593 2617 1640 2655 22
1656 2617 1763 2654 Mar—

134 2679 175 2716 tii
197 2679 286 2717 1559
302 2680 497 2729 adjunxit,
519 2693 612 2717 eum
631 2681 738 2717 inter
756 2680 989 2726 theologiae
1008 2680 1214 2716 auditores
1233 2680 1419 2723 collocat,
1448 2683 1487 2715 et
1512 2678 1614 2714 haec
1641 2677 1763 2715 addit:

137 2738 376 2786 ‹Dionysius
394 2738 628 2777 Germanus
653 2740 842 2777 sacerdos
879 2740 1138 2777 concionator
1168 2739 1365 2776 facundus
1400 2744 1546 2775 natura
1577 2749 1687 2774 sua.»
1720 2736 1766 2773 In

135 2799 220 2836 cod.
242 2798 385 2837 Germ.
407 2798 495 2843 131,
517 2798 583 2836 fol.
600 2798 712 2836 238v.

181 2859 194 2879 ³
242 2858 487 2895 Thaddaeus
505 2858 644 2904 Italus,
673 2860 905 2906 theologiae
936 2859 1106 2897 auditor.
1133 2858 1230 2895 Ibid.
1262 2857 1307 2895 In
1335 2858 1415 2895 alio
1446 2858 1568 2894 catal.
1601 2856 1764 2902 (ibidem

136 2917 160 2955 f.
178 2918 261 2964 215)
278 2918 424 2955 dicitur
441 2917 632 2955 Taddeus
653 2917 769 2956 Maro
788 2918 986 2964 senensis,
1007 2924 1127 2956 natus
1147 2930 1273 2955 annos
1291 2917 1351 2954 26.

181 2978 196 2997 ⁴
244 2977 308 3015 De
327 2991 404 3025 quo
423 2978 524 3016 haec
542 2978 704 3015 ibidem:
728 2977 998 3025 «Wolfangus
1018 2978 1210 3024 Piringer
1227 2977 1463 3015 Germanus
1483 2982 1544 3014 est
1563 2976 1604 3013 in
1623 2976 1764 3018 sacris;

137 3038 237 3084 legit
254 3038 564 3084 grammaticam
582 3050 775 3085 graecam
794 3043 834 3075 et
852 3038 950 3075 Isoc.
971 3037 1106 3075 Bonus
1125 3042 1262 3074 orator
1279 3042 1320 3074 et
1335 3037 1522 3087 poe⁴[ta].»
