1908 3446
10 0 47 138 ’Ἥ

34 433 36 443 ἡ
30 404 34 415 s
22 114 44 396 .-b25.<-½>x.4.-
43 93 45 103 ,

559 259 949 299 365.-V1N00130NA
974 260 1021 298 30
1048 260 1223 297 Amris
1256 259 1345 298 1560
1650 258 1721 295 605

144 370 191 403 ut
211 364 281 403 uel
303 364 344 403 in
362 364 569 403 conuictu
590 364 703 414 apud
725 377 804 402 nos
825 368 1043 409 maneant,
1064 363 1133 401 uel
1157 367 1278 400 certe
1300 362 1663 413 praeceptoribus
1686 362 1768 400 sint

144 436 372 486 plurimum
395 435 702 474 commendati.

199 516 234 555 5.
296 507 448 545 Nullus
482 506 577 545 fere
614 520 799 557 unquam
833 507 1018 545 elabitur
1049 505 1157 551 dies,
1191 505 1293 555 quin
1324 505 1377 543 ad
1408 505 1601 543 infirmos
1631 506 1770 543 nostri

146 580 215 618 uel
237 584 530 625 accersantur,
555 580 623 616 uel
648 592 725 617 sua
747 585 901 629 sponte
924 577 1152 617 accedant.
1172 577 1380 615 Curatum
1413 583 1495 624 est,
1520 582 1566 614 ut
1586 576 1613 626 ij
1637 576 1709 627 qui
1731 577 1772 614 in

146 662 323 688 carcere
356 650 623 696 detinentur,
655 650 792 687 ferme
831 663 982 688 omnes
1013 649 1328 688 confiterentur
1359 660 1614 699 sacramque
1649 659 1772 697 syna-

148 722 219 760 xin
242 729 261 747 ὃ
281 722 323 760 in
344 721 444 760 loco
466 722 656 759 honesto
679 721 844 759 deuote
868 722 1158 772 susciperent,
1181 733 1267 770 quo
1299 720 1368 758 die
1387 721 1558 770 piorum
1581 721 1772 757 uirorum

147 798 191 830 et
212 798 506 830 matronarum
543 792 749 842 impensis
785 792 1026 830 exhibitum
1063 797 1130 830 est
1164 804 1188 829 a
1217 792 1379 829 nostris
1411 804 1506 829 cum
1539 791 1773 829 multorum

146 863 452 902 aedificatione
483 863 710 914 prandium
741 864 822 901 illis
853 864 957 902 satis
979 862 1243 902 munificum.
1276 863 1437 901 Iisdem
1468 875 1773 913 nonnunquam

145 936 282 974 nostri
304 936 512 974 assistunt
533 935 677 986 rogati
698 936 798 973 dum
820 935 994 986 publico
1017 936 1161 985 aliquo
1185 934 1396 986 supplicio
1420 947 1471 972 ac
1499 935 1651 972 mortis
1672 947 1775 985 poe-

146 1020 200 1045 na
220 1007 482 1045 afficiuntur.
506 1007 662 1057 Neque
685 1019 790 1045 sane
813 1008 952 1045 minor
973 1007 1145 1045 interim
1169 1019 1272 1044 cura
1291 1007 1419 1045 nobis
1443 1013 1510 1044 est
1542 1006 1658 1045 circa
1680 1018 1773 1052 eos,

146 1079 218 1129 qui
238 1079 280 1116 in
303 1077 582 1116 xenodochio
606 1077 796 1116 ciuitatis
819 1079 940 1129 graui
972 1079 1114 1128 aliquo
1147 1079 1301 1116 morbo
1333 1078 1480 1116 affecti
1513 1078 1671 1115 misere
1703 1077 1777 1115 de-

147 1150 353 1188 tinentur.
378 1149 487 1188 Nam
509 1154 553 1187 et
576 1149 855 1188 confessione
875 1149 1131 1188 eorumdem
1148 1149 1308 1197 audita,
1334 1161 1611 1200 summopere
1634 1162 1658 1187 a
1678 1162 1776 1187 nos-

147 1222 223 1259 tris
244 1221 490 1259 laboratum
513 1227 579 1258 est
600 1221 635 1268 b,
660 1227 706 1259 ut
740 1221 794 1259 ad
815 1228 981 1260 rectam
1013 1234 1064 1260 ac
1082 1220 1303 1271 antiquam
1338 1221 1554 1259 rationem
1579 1221 1673 1258 eius
1694 1219 1779 1258 loci

149 1292 506 1339 exercitationes,
546 1292 777 1342 officiaque
813 1292 1148 1339 reducerentur,
1184 1290 1372 1330 necdum
1409 1298 1556 1330 tamen
1587 1291 1779 1330 assecuti

148 1369 247 1401 sunt
267 1363 386 1413 quod
408 1364 632 1414 optabant,
657 1362 854 1414 quamuis
889 1362 1044 1402 infirmi
1068 1376 1123 1401 ex
1146 1376 1199 1402 eo
1224 1364 1375 1401 maiori
1408 1376 1505 1401 cum
1536 1362 1775 1401 solicitudi-

147 1446 203 1472 ne
225 1439 448 1472 curentur.
472 1434 658 1473 Accedit
679 1434 733 1472 ad
754 1434 865 1472 haec
885 1434 1002 1485 quod
1024 1435 1279 1486 frequentes
1314 1435 1656 1485 supplicationes
1677 1446 1778 1485 pau-

148 1506 323 1556 peribus
345 1506 538 1544 seribunt
560 1505 614 1544 ad
643 1518 882 1553 caesarem,
913 1518 1065 1557 regem
1096 1511 1140 1544 et
1171 1507 1365 1557 reginam
1390 1508 1414 1553 ¹,
1439 1519 1624 1557 quorum
1655 1518 1778 1556 prae-

147 1576 253 1615 fecti
274 1576 575 1624 libentissime,
600 1585 616 1602 0
638 1590 688 1615 ac
710 1577 778 1626 alij
803 1577 1026 1627 primates,
1052 1589 1129 1615 eos
1151 1578 1223 1628 qui
1245 1590 1269 1616 a
1288 1578 1416 1616 nobis
1439 1584 1538 1616 sunt
1560 1590 1779 1616 commen-

149 1649 237 1688 dati
254 1651 420 1688 iuuant.

201 1721 240 1759 6.
295 1721 387 1771 Jam
409 1733 515 1759 uero
539 1726 584 1758 ut
606 1720 661 1759 de
684 1722 894 1772 spirituali
915 1722 1095 1760 fratrum
1111 1723 1314 1772 profectu
1332 1722 1491 1773 aliquid
1514 1722 1670 1769 dicam,
1690 1735 1777 1760 non

151 1792 340 1843 uulgaris
363 1804 466 1830 sane
487 1791 522 1830 is
546 1798 626 1830 est.
652 1792 762 1830 Nam
784 1793 986 1831 certatim
1010 1805 1088 1831 eos
1110 1793 1163 1832 ad
1184 1794 1471 1845 perfectionis
1493 1795 1665 1832 culmen
1697 1793 1781 1831 fes-

149 1865 303 1910 tinare,
326 1876 410 1902 nec
431 1864 515 1902 ulla
537 1863 679 1911 facile,
703 1877 814 1914 quae
836 1866 922 1904 huc
943 1865 1206 1912 conducant,
1231 1865 1375 1904 media
1395 1865 1548 1904 uideas
1569 1866 1782 1904 intermit-

150 1942 262 1974 tere.
289 1937 462 1974 Docent
482 1937 568 1975 hoc
603 1934 898 1975 laudatissima
934 1949 1107 1988 semper
1129 1938 1170 1975 in
1194 1936 1445 1976 obediendo
1480 1937 1781 1988 promptitudo

150 2012 280 2057 atque
302 2007 501 2055 facilitas,
527 2013 572 2045 et
589 2008 630 2045 in
648 2007 909 2059 expetendis
931 2021 982 2046 ac
998 2008 1277 2060 peragendis,
1296 2008 1458 2047 nedum
1477 2009 1780 2060 suscipiendiS,

150 2078 449 2130 poenitentiae
473 2080 679 2130 operibus
701 2081 930 2131 singularis
951 2080 1239 2131 quorumdam
1261 2080 1459 2119 deuotio.
1485 2081 1784 2132 Proposuerat

154 2151 197 2189 P.
221 2152 382 2189 Rector
403 2150 430 2198 ²,
454 2157 501 2189 ut
521 2164 599 2202 per
631 2151 886 2191 schedulam
915 2153 1116 2203 quisque,
1153 2153 1270 2190 facta
1307 2152 1520 2198 oratione,
1551 2151 1781 2197 indicaret,

152 2235 279 2272 quam
302 2224 415 2262 uiam
446 2224 527 2262 sibi
556 2223 798 2262 faciliorem
828 2230 1004 2274 putaret
1034 2224 1087 2262 ad
1119 2225 1288 2263 animae
1325 2237 1430 2263 suae
1461 2224 1783 2275 perfectionem

153 2294 475 2346 acquirendam.
497 2295 517 2320 d
539 2296 775 2334 Testantur
792 2295 935 2333 adhuc
951 2296 1112 2347 scripta
1129 2296 1394 2348 singularem
1410 2297 1621 2347 pietatem
1638 2308 1784 2347 quam-

154 2365 252 2404 dam
274 2367 509 2405 multorum
531 2365 682 2405 animis
703 2367 876 2405 insitam
908 2379 1024 2415 esse,
1057 2381 1122 2415 ac,
1155 2373 1202 2406 ut
1224 2380 1378 2406 uerum
1408 2368 1563 2416 fatear,
1587 2381 1784 2407 normam

155 2438 219 2476 eis
238 2438 320 2476 hac
339 2438 383 2476 in
412 2450 459 2476 re
493 2439 807 2489 praescriptam
843 2438 1040 2478 studiose
1071 2438 1126 2477 ad
1159 2440 1275 2478 hunc
1306 2452 1445 2491 usque
1476 2439 1593 2478 diem
1624 2452 1782 2491 magno

156 2521 253 2547 cum
272 2509 433 2557 fructu,
456 2509 575 2561 quod
596 2509 651 2548 de
674 2510 819 2549 multis
849 2510 1064 2558 intellexi,
1099 2511 1352 2549 obseruant.
1389 2512 1673 2549 Renouarunt
1697 2524 1784 2550 om-

155 2593 233 2618 nes
255 2586 361 2619 uota
381 2594 458 2619 sua
477 2582 572 2633 ipso
594 2581 839 2620 dominicae
862 2582 1205 2621 circumcisionis
1228 2582 1298 2621 die
1334 2590 1367 2628 ⁸,
1391 2583 1630 2635 praemissa
1651 2595 1784 2634 gene-

204 2752 224 2771 *
246 2745 381 2782 Prius
395 2745 730 2782 communionem.
773 2745 837 2769 —b
865 2743 960 2781 Del.
981 2743 1087 2781 circa
1107 2756 1188 2788 eos,
1208 2743 1290 2791 qui.
1343 2752 1408 2770 —0
1434 2744 1529 2782 Del.
1551 2745 1674 2782 etiam
1705 2746 1788 2782 ele-

158 2805 442 2843 emosinarum.
484 2806 550 2831 ——d
572 2805 668 2843 Del.
690 2807 809 2842 intra
826 2803 1028 2850 parenth.
1050 2803 1186 2841 nescio
1204 2804 1299 2851 quid
1318 2805 1463 2843 dicam.
1505 2813 1569 2831 *e
1594 2805 1657 2842 die
1677 2805 1786 2842 add.

159 2862 252 2899 alia
270 2872 422 2899 manu.

209 3007 217 3026 ¹
269 3004 304 3042 F
307 3005 552 3042 erdinandus
569 3005 599 3051 Ι,
621 3005 925 3043 Maximilianus
945 3006 1112 3053 eiusque
1131 3017 1233 3043 uxor
1252 3004 1400 3042 Maria.

208 3065 222 3085 ²
272 3064 318 3102 P.
331 3064 512 3112 Joannes
527 3065 576 3103 de
598 3064 795 3103 Victoria.
