1908 3446
498 218 787 256 300.—GENUA
819 220 859 255 15
890 218 1152 255 SEPTEMBMS
1182 217 1269 253 1559
1582 216 1650 251 347

77 324 156 364 illis
176 336 377 374 magnum
400 323 453 360 sit
476 321 517 360 in
544 322 626 360 hac
648 322 756 359 urbe
778 320 987 359 indictum
1010 319 1186 365 belluni,
1211 318 1328 369 quod
1350 326 1369 344 a
1391 318 1562 356 uelatae
1586 319 1700 356 ince-

79 396 194 442 dant,
213 393 329 445 quod
347 406 480 444 saepe
503 392 810 439 confiteantur,
830 390 947 442 quod
964 395 1091 429 notas
1108 402 1302 440 quasque
1320 388 1398 427 sibi
1418 388 1637 435 mulieres,
1659 394 1701 426 ct

78 468 246 518 ignotas
268 478 353 503 non
376 476 490 511 raro,
515 462 550 502 si
581 476 668 502 non
690 463 851 509 uerbis,
876 462 1030 500 saltem
1062 474 1140 499 suo
1172 461 1288 499 bono
1314 460 1516 511 exemplo
1539 459 1593 498 ad
1615 474 1702 497 me-

78 538 228 576 liorem
250 535 366 574 uitae
396 535 610 573 rationem
642 534 862 573 aduocare
894 533 1127 571 enitantur.
1161 531 1249 571 Sed
1280 532 1378 570 illae
1407 531 1553 569 mundi
1576 532 1702 580 hujus

78 608 260 647 ludibria
280 619 357 658 pro
393 607 526 645 nihilo
550 605 729 652 ducunt,
755 610 800 643 ut
822 617 934 656 quae
965 603 1202 642 crucifixae
1232 604 1315 641 sint
1346 615 1503 641 reuera
1524 603 1701 648 mundo,

81 684 122 719 et
151 679 231 718 illis
263 678 447 717 mundus
483 680 508 725 ¹3
532 682 663 728 atque
695 676 808 714 adeo
845 681 890 714 ut
911 688 997 726 quo
1033 675 1170 726 magis
1200 675 1294 713 illas
1328 674 1567 712 insectatur
1589 675 1623 721 b,
1650 687 1703 712 eo

81 750 214 802 magis
237 749 523 788 inualescant.
553 748 683 799 Quod
705 747 890 799 quedam
913 746 1077 796 diuitijs
1101 751 1143 784 et
1179 758 1344 797 genere
1367 759 1453 784 non
1476 746 1704 784 mediocri-

79 827 144 861 ter
164 821 400 861 nobilitata
423 829 439 847 0
467 821 579 859 inter
612 825 815 859 coeteras
836 820 1024 866 intuens,
1058 831 1155 856 cum
1186 818 1329 869 capite
1351 830 1525 869 quoque
1558 819 1704 855 uelato

80 898 251 946 praeter
286 893 413 943 hujus
436 892 555 931 urbis
583 903 751 930 morem
774 890 982 929 incedere
1014 890 1254 937 statuisset,
1287 902 1375 928 non
1405 888 1596 940 uulgaris
1627 889 1706 927 fuit

78 967 135 1004 illi
156 965 335 1003 suborta
357 964 558 1014 quaestio
582 962 696 1014 apud
714 960 930 1013 quendam
953 962 1229 1009 monachum,
1255 961 1349 1011 ejus
1372 960 1704 1007 confessarium,

78 1036 148 1089 qui
183 1036 300 1074 nullo
338 1035 470 1074 modo
510 1034 611 1073 huic
645 1035 762 1073 bono
800 1033 993 1072 mulieris
1014 1034 1191 1085 incepto
1215 1033 1553 1080 assentiebatur,
1585 1032 1707 1084 quasi

79 1108 222 1147 uerbis
247 1106 335 1146 suis
357 1107 581 1145 insinuans
602 1105 676 1153 illi,
701 1117 788 1144 non
809 1106 850 1144 in
874 1119 927 1144 eo
950 1105 1099 1144 habitu
1121 1106 1416 1152 honestatem,
1440 1104 1519 1143 sed
1540 1105 1706 1156 profes-

81 1179 211 1219 sionis
242 1178 570 1217 distinctionem
603 1178 765 1225 inesse3
798 1183 858 1224 ut,
892 1177 1075 1224 scilicet,
1107 1177 1166 1215 ita
1195 1177 1418 1215 theatinae
1449 1177 1562 1226 (utar
1593 1176 1706 1215 enim

82 1252 172 1290 eius
193 1248 359 1299 uerbis)
381 1262 404 1287 a
426 1249 731 1296 dominicanis,
755 1248 1052 1296 franciscanis,
1083 1247 1388 1295 carmelitanis,
1426 1248 1706 1299 coeterisque

82 1322 295 1374 religiosis
317 1321 570 1360 mulieribus
593 1326 894 1360 secernantur.
918 1321 1160 1359 Coeterum
1182 1320 1336 1359 mulier
1358 1320 1484 1359 nullis
1506 1318 1708 1358 monachi

82 1393 223 1433 uerbis
245 1394 547 1444 acquiescens,
572 1393 658 1431 imo
677 1392 718 1430 in
738 1405 791 1431 eo
809 1393 910 1431 uelo
933 1405 1143 1431 summam
1166 1393 1456 1443 relligionem,
1480 1393 1705 1443 pietatem,

80 1456 356 1504 honestatem
380 1469 424 1502 et
446 1464 662 1503 muliebre
685 1463 897 1503 decorum
921 1476 1019 1502 esse
1041 1463 1235 1514 pluribus
1266 1463 1506 1502 rationibus
1529 1468 1708 1502 conten-

82 1535 202 1583 dens,
242 1536 312 1575 uel
349 1534 496 1574 inuit-o
518 1533 600 1574 illo
640 1535 881 1582 monacho,
919 1535 1066 1573 uelata
1098 1534 1264 1573 incedit
1297 1535 1538 1586 hucusque.
1576 1535 1710 1586 Atqui

81 1600 291 1646 hactenus
313 1606 368 1645 de
392 1607 652 1645 mulieribus
673 1607 784 1645 haec
803 1619 943 1657 pauca
963 1605 1080 1645 dicta
1101 1606 1332 1645 sufficiant.

108 1680 169 1718 ’8.
228 1679 355 1718 Nunc
386 1691 509 1727 uero,
534 1684 580 1717 ut
610 1691 688 1730 per
718 1677 876 1717 aetatis
906 1678 1067 1730 gradus
1103 1678 1439 1727 descendamus,
1477 1678 1533 1718 de
1563 1679 1709 1718 adole-

83 1750 302 1790 scentibus
337 1750 572 1802 puerisque
607 1749 679 1802 qui
700 1755 873 1789 nostras
908 1750 1082 1789 scholas
1109 1750 1286 1798 adeunt,
1310 1751 1504 1790 nonnihil
1534 1765 1709 1803 quoque

84 1822 254 1861 uidetur
276 1821 525 1861 dicendum.
553 1822 638 1872 Qui
659 1821 836 1873 quidem
859 1822 894 1860 si
916 1823 987 1860 uel
1010 1834 1162 1861 eorum
1190 1821 1450 1861 modestiam
1475 1824 1545 1861 uel
1575 1823 1710 1874 pieta-

86 1899 171 1933 tem
193 1894 263 1933 uel
295 1899 492 1932 mutuum
515 1892 795 1932 christianum
826 1906 1021 1933 amorem
1053 1893 1399 1941 consideremus,
1428 1907 1515 1932 non
1546 1893 1711 1932 medio-

84 1978 199 2004 crem
239 1964 519 2016 suppeditant
560 1965 686 2003 nobis
726 1964 946 2003 scribendi
986 1965 1227 2004 materiam.
1265 1966 1374 2003 Nam
1410 1966 1474 2015 (ut
1514 1966 1711 2004 omittam

85 2037 330 2076 scholarum
353 2036 681 2075 distinctionem
714 2042 758 2075 et
788 2036 1064 2087 quotidianas
1096 2037 1456 2084 exercitationes,
1480 2036 1535 2076 de
1556 2038 1712 2088 quibus

87 2108 168 2147 iarn
198 2120 337 2159 pauca
365 2120 495 2159 supra
526 2108 770 2159 tetigimus)
800 2108 914 2147 inter
947 2120 1023 2147 eos
1054 2109 1291 2160 plerosque
1327 2109 1522 2159 reperies
1552 2109 1624 2160 qui
1654 2110 1713 2148 ita

88 2177 253 2218 nimias
293 2177 505 2218 libidines
541 2179 560 2204 d
595 2179 877 2227 abhorreant,
915 2180 1147 2218 illecebras
1182 2179 1475 2228 detestentur,
1518 2181 1713 2220 honores

83 2251 450 2300 perhorrescant,
477 2255 521 2288 ut
553 2250 595 2289 in
626 2250 780 2301 puerili
812 2256 961 2289 aetate
993 2252 1176 2290 senilem
1206 2251 1421 2302 quandam
1453 2252 1712 2291 modestiam

89 2334 190 2372 prae
212 2334 259 2360 se
280 2322 397 2360 ferre
420 2321 669 2361 uideantur.
694 2322 870 2361 Assidui
893 2328 991 2361 sunt
1021 2324 1153 2362 rebus
1175 2323 1325 2371 sacris,
1349 2322 1391 2362 in
1427 2324 1713 2363 confessioni-

87 2393 166 2431 bus
185 2393 457 2444 frequeffles,
481 2392 683 2445 adeoque
706 2399 751 2432 ut
772 2407 858 2433 non
881 2396 1019 2434 semel
1041 2401 1059 2420 θ
1081 2395 1219 2434 solum
1245 2407 1299 2434 ex
1322 2395 1559 2434 Societatis
1581 2383 1713 2434 statu*-

85 2470 129 2503 to
162 2465 361 2504 confiteri
399 2466 586 2517 placeat,
621 2465 700 2505 sed
730 2465 904 2518 saepius
940 2472 984 2505 et
1015 2466 1071 2505 de
1106 2472 1201 2506 tota
1235 2472 1336 2505 ante
1366 2472 1464 2506 acta
1494 2467 1584 2506 uita
1614 2479 1713 2506 con-

85 2536 300 2577 fiteantur.
331 2537 423 2578 Nec
444 2539 560 2578 deest
581 2537 701 2578 inter
721 2551 795 2578 eos
816 2537 895 2589 qui
914 2537 1043 2578 intra
1066 2539 1281 2589 quatuor,
1308 2538 1376 2578 nel
1400 2539 1459 2577 act
1487 2551 1714 2578 summum

134 2734 151 2752 a
171 2725 393 2764 Polancus
411 2725 572 2763 delevit
589 2724 693 2772 quod
713 2727 753 2761 et
769 2724 945 2770 scripsit
963 2727 1005 2760 vt
1023 2723 1093 2760 hic
1111 2726 1150 2760 et
1168 2722 1340 2760 duobus
1365 2733 1449 2769 seq.
1476 2722 1592 2766 locis,
1620 2725 1717 2768 post

89 2784 243 2823 delevit
262 2791 302 2823 vt
321 2789 361 2824 et
379 2785 570 2823 restituit
586 2784 710 2832 quod.
766 2785 832 2809 -b
854 2783 989 2820 Prius
1007 2782 1186 2820 videtur
1200 2783 1414 2828 scriptum
1434 2781 1484 2818 ab
1503 2781 1572 2818 illo
1591 2781 1714 2819 insec-

88 2848 234 2885 tantur.
285 2853 351 2873 ——0
376 2846 535 2883 nobilis.
589 2845 656 2871 -d
677 2857 700 2882 a
719 2844 897 2881 libidine.
952 2851 1016 2870 -e
1047 2841 1230 2880 Videtur
1241 2842 1389 2880 deesse
1406 2841 1445 2878 in
1465 2854 1617 2879 mense.

139 3035 147 3054 ¹
199 3033 262 3074 Cf.
285 3034 412 3080 GAL.,
433 3035 508 3082 VI,
533 3036 584 3073 14.
