<?xml version="1.0" encoding="UTF-8"?>
<!DOCTYPE html PUBLIC "-//W3C//DTD XHTML 1.0 Transitional//EN"
    "http://www.w3.org/TR/xhtml1/DTD/xhtml1-transitional.dtd">
<html xmlns="http://www.w3.org/1999/xhtml" xml:lang="en" lang="en">
 <head>
  <title>
</title>
<meta http-equiv="Content-Type" content="text/html;charset=utf-8" />
  <meta name='ocr-system' content='tesseract 3.04.00' />
  <meta name='ocr-capabilities' content='ocr_page ocr_carea ocr_par ocr_line ocrx_word'/>
</head>
<body>
  <div class='ocr_page' id='page_1' title='image "./litteraequadrime1806lain_0348.png"; bbox 0 0 1908 3446; ppageno 0'>
   <div class='ocr_carea' id='block_1_1' title="bbox 259 248 1320 293">
    <p class='ocr_par' dir='ltr' id='par_1_1' title="bbox 259 248 1320 293">
     <span class='ocr_line' id='line_1_1' title="bbox 259 248 1320 293; baseline -0.009 -2"><span class='ocrx_word' id='word_1_1' title='bbox 259 256 328 291; x_wconf 77' lang='lat'>328</span> <span class='ocrx_word' id='word_1_2' title='bbox 702 249 930 286; x_wconf 78' lang='lat' dir='ltr'>Ll&#39;r&#39;sERAE</span> <span class='ocrx_word' id='word_1_3' title='bbox 957 248 1320 293; x_wconf 75' lang='lat' dir='ltr'><strong>QUADfflMESTRES</strong></span> 
     </span>
    </p>
   </div>
   <div class='ocr_carea' id='block_1_2' title="bbox 211 346 1889 2896">
    <p class='ocr_par' dir='ltr' id='par_1_2' title="bbox 211 346 1885 1114">
     <span class='ocr_line' id='line_1_2' title="bbox 212 346 1834 403; baseline -0.007 -9"><span class='ocrx_word' id='word_1_4' title='bbox 212 363 277 394; x_wconf 87' lang='lat' dir='ltr'>tur</span> <span class='ocrx_word' id='word_1_5' title='bbox 299 356 352 394; x_wconf 87' lang='lat' dir='ltr'>de</span> <span class='ocrx_word' id='word_1_6' title='bbox 374 356 529 401; x_wconf 84' lang='lat' dir='ltr'>salute,</span> <span class='ocrx_word' id='word_1_7' title='bbox 554 354 735 391; x_wconf 87' lang='lat' dir='ltr'>multum</span> <span class='ocrx_word' id='word_1_8' title='bbox 765 365 899 403; x_wconf 77' lang='lat' dir='ltr'>egere</span> <span class='ocrx_word' id='word_1_9' title='bbox 936 350 1101 396; x_wconf 90' lang='lat' dir='ltr'>uident,</span> <span class='ocrx_word' id='word_1_10' title='bbox 1139 355 1229 387; x_wconf 91' lang='lat' dir='ltr'>tum</span> <span class='ocrx_word' id='word_1_11' title='bbox 1265 348 1452 387; x_wconf 81' lang='lat' dir='ltr'><strong>maxime</strong></span> <span class='ocrx_word' id='word_1_12' title='bbox 1487 346 1834 385; x_wconf 87' lang='lat' dir='ltr'>animaduertunt</span> 
     </span>
     <span class='ocr_line' id='line_1_3' title="bbox 212 417 1835 475; baseline -0.006 -11"><span class='ocrx_word' id='word_1_13' title='bbox 212 428 341 465; x_wconf 86' lang='lat' dir='ltr'>etiam</span> <span class='ocrx_word' id='word_1_14' title='bbox 363 438 411 464; x_wconf 91' lang='lat' dir='ltr'>se</span> <span class='ocrx_word' id='word_1_15' title='bbox 432 423 661 475; x_wconf 82' lang='lat' dir='ltr'>plurimum</span> <span class='ocrx_word' id='word_1_16' title='bbox 682 424 837 471; x_wconf 81' lang='lat' dir='ltr'>iuuari3</span> <span class='ocrx_word' id='word_1_17' title='bbox 859 435 993 474; x_wconf 90' lang='lat' dir='ltr'>quare</span> <span class='ocrx_word' id='word_1_18' title='bbox 1015 433 1172 472; x_wconf 79' lang='lat' dir='ltr'>magna</span> <span class='ocrx_word' id='word_1_19' title='bbox 1193 431 1290 457; x_wconf 88' lang='lat' dir='ltr'>eum</span> <span class='ocrx_word' id='word_1_20' title='bbox 1312 419 1441 457; x_wconf 88' lang='lat' dir='ltr'>animi</span> <span class='ocrx_word' id='word_1_21' title='bbox 1471 417 1756 463; x_wconf 87' lang='lat' dir='ltr'>iucunditate,</span> <span class='ocrx_word' id='word_1_22' title='bbox 1794 421 1835 454; x_wconf 90' lang='lat' dir='ltr'>et</span> 
     </span>
     <span class='ocr_line' id='line_1_4' title="bbox 211 486 1836 539; baseline -0.006 -4"><span class='ocrx_word' id='word_1_23' title='bbox 211 498 475 536; x_wconf 86' lang='lat' dir='ltr'>confitentur</span> <span class='ocrx_word' id='word_1_24' title='bbox 498 501 542 533; x_wconf 87' lang='lat' dir='ltr'>et</span> <span class='ocrx_word' id='word_1_25' title='bbox 564 494 900 533; x_wconf 88' lang='lat' dir='ltr'>communicant.</span> <span class='ocrx_word' id='word_1_26' title='bbox 939 495 1125 532; x_wconf 89' lang='lat' dir='ltr'>Tantum</span> <span class='ocrx_word' id='word_1_27' title='bbox 1160 490 1202 529; x_wconf 89' lang='lat' dir='ltr'>in</span> <span class='ocrx_word' id='word_1_28' title='bbox 1234 502 1286 528; x_wconf 84' lang='lat' dir='ltr'>ea</span> <span class='ocrx_word' id='word_1_29' title='bbox 1319 502 1367 528; x_wconf 86' lang='lat' dir='ltr'>re</span> <span class='ocrx_word' id='word_1_30' title='bbox 1400 488 1647 539; x_wconf 88' lang='lat' dir='ltr'>proficiunt,</span> <span class='ocrx_word' id='word_1_31' title='bbox 1684 487 1756 538; x_wconf 89' lang='lat' dir='ltr'>qui</span> <span class='ocrx_word' id='word_1_32' title='bbox 1784 486 1836 526; x_wconf 90' lang='lat' dir='ltr'>ad</span> 
     </span>
     <span class='ocr_line' id='line_1_5' title="bbox 211 558 1836 617; baseline -0.006 -11"><span class='ocrx_word' id='word_1_33' title='bbox 211 573 406 607; x_wconf 85' lang='lat' dir='ltr'>nostrum</span> <span class='ocrx_word' id='word_1_34' title='bbox 429 580 476 605; x_wconf 84' lang='lat' dir='ltr'>se</span> <span class='ocrx_word' id='word_1_35' title='bbox 493 567 703 617; x_wconf 87' lang='lat' dir='ltr'>templum</span> <span class='ocrx_word' id='word_1_36' title='bbox 727 566 974 612; x_wconf 85' lang='lat' dir='ltr'>conferunt,</span> <span class='ocrx_word' id='word_1_37' title='bbox 999 570 1046 602; x_wconf 91' lang='lat' dir='ltr'>ut</span> <span class='ocrx_word' id='word_1_38' title='bbox 1066 564 1213 614; x_wconf 88' lang='lat' dir='ltr'>plures</span> <span class='ocrx_word' id='word_1_39' title='bbox 1242 573 1294 599; x_wconf 88' lang='lat' dir='ltr'>ea</span> <span class='ocrx_word' id='word_1_40' title='bbox 1313 566 1497 612; x_wconf 86' lang='lat' dir='ltr'>peccata</span> <span class='ocrx_word' id='word_1_41' title='bbox 1517 572 1629 610; x_wconf 89' lang='lat' dir='ltr'>quae</span> <span class='ocrx_word' id='word_1_42' title='bbox 1650 572 1674 597; x_wconf 90' lang='lat' dir='ltr'>a</span> <span class='ocrx_word' id='word_1_43' title='bbox 1695 558 1836 597; x_wconf 89' lang='lat' dir='ltr'>multis</span> 
     </span>
     <span class='ocr_line' id='line_1_6' title="bbox 211 629 1838 687; baseline -0.006 -9"><span class='ocrx_word' id='word_1_44' title='bbox 211 640 330 678; x_wconf 82' lang='lat' dir='ltr'>annis</span> <span class='ocrx_word' id='word_1_45' title='bbox 352 637 733 677; x_wconf 82' lang='lat' dir='ltr'>dissimulauerant</span> <span class='ocrx_word' id='word_1_46' title='bbox 754 638 825 687; x_wconf 84' lang='lat' dir='ltr'>(ob</span> <span class='ocrx_word' id='word_1_47' title='bbox 847 650 960 687; x_wconf 80' lang='lat' dir='ltr'>quae</span> <span class='ocrx_word' id='word_1_48' title='bbox 982 634 1309 687; x_wconf 80' lang='lat' dir='ltr'>confessionem</span> <span class='ocrx_word' id='word_1_49' title='bbox 1337 633 1573 672; x_wconf 72' lang='lat' dir='ltr'><em>instituere</em></span> <span class='ocrx_word' id='word_1_50' title='bbox 1607 644 1713 678; x_wconf 66' lang='grc' dir='ltr'>που,</span> <span class='ocrx_word' id='word_1_51' title='bbox 1749 629 1838 669; x_wconf 87' lang='lat' dir='ltr'>uisi</span> 
     </span>
     <span class='ocr_line' id='line_1_7' title="bbox 215 703 1834 759; baseline -0.007 -9"><span class='ocrx_word' id='word_1_52' title='bbox 215 712 261 750; x_wconf 77' lang='lat' dir='ltr'>iu</span> <span class='ocrx_word' id='word_1_53' title='bbox 282 712 549 749; x_wconf 72' lang='lat' dir='ltr'>nostrorum</span> <span class='ocrx_word' id='word_1_54' title='bbox 571 708 802 759; x_wconf 81' lang='lat' dir='ltr'>colloquia</span> <span class='ocrx_word' id='word_1_55' title='bbox 823 708 1104 754; x_wconf 76' lang='lat' dir='ltr'>incidissent,</span> <span class='ocrx_word' id='word_1_56' title='bbox 1142 706 1456 755; x_wconf 76' lang='lat' dir='ltr'>decreueraut)</span> <span class='ocrx_word' id='word_1_57' title='bbox 1476 704 1575 751; x_wconf 91' lang='lat' dir='ltr'>iam,</span> <span class='ocrx_word' id='word_1_58' title='bbox 1612 704 1708 740; x_wconf 92' lang='lat' dir='ltr'>Deo</span> <span class='ocrx_word' id='word_1_59' title='bbox 1731 703 1834 750; x_wconf 85' lang='lat' dir='ltr'>laus,</span> 
     </span>
     <span class='ocr_line' id='line_1_8' title="bbox 213 775 1837 833; baseline -0.006 -13"><span class='ocrx_word' id='word_1_60' title='bbox 213 794 369 833; x_wconf 79' lang='lat' dir='ltr'>magno</span> <span class='ocrx_word' id='word_1_61' title='bbox 391 794 488 819; x_wconf 91' lang='lat' dir='ltr'>cum</span> <span class='ocrx_word' id='word_1_62' title='bbox 506 780 651 818; x_wconf 83' lang='lat' dir='ltr'>fructu</span> <span class='ocrx_word' id='word_1_63' title='bbox 675 784 719 817; x_wconf 91' lang='lat' dir='ltr'>et</span> <span class='ocrx_word' id='word_1_64' title='bbox 741 780 898 818; x_wconf 89' lang='lat' dir='ltr'>mentis</span> <span class='ocrx_word' id='word_1_65' title='bbox 920 777 1192 817; x_wconf 85' lang='lat' dir='ltr'>iucunditate</span> <span class='ocrx_word' id='word_1_66' title='bbox 1213 778 1255 815; x_wconf 91' lang='lat' dir='ltr'>in</span> <span class='ocrx_word' id='word_1_67' title='bbox 1273 775 1552 815; x_wconf 82' lang='lat' dir='ltr'>confessione</span> <span class='ocrx_word' id='word_1_68' title='bbox 1583 777 1756 813; x_wconf 88' lang='lat' dir='ltr'>secreta</span> <span class='ocrx_word' id='word_1_69' title='bbox 1776 785 1837 811; x_wconf 90' lang='lat' dir='ltr'>sa-</span> 
     </span>
     <span class='ocr_line' id='line_1_9' title="bbox 213 845 1885 901; baseline -0.007 -10"><span class='ocrx_word' id='word_1_70' title='bbox 213 853 382 892; x_wconf 83' lang='lat' dir='ltr'>cerdoti</span> <span class='ocrx_word' id='word_1_71' title='bbox 399 851 666 890; x_wconf 77' lang='lat' dir='ltr'>detexerint.</span> <span class='ocrx_word' id='word_1_72' title='bbox 689 852 789 889; x_wconf 92' lang='lat' dir='ltr'>Non</span> <span class='ocrx_word' id='word_1_73' title='bbox 806 851 934 901; x_wconf 83' lang='lat' dir='ltr'>pauci</span> <span class='ocrx_word' id='word_1_74' title='bbox 952 850 1083 887; x_wconf 89' lang='lat' dir='ltr'>etiam</span> <span class='ocrx_word' id='word_1_75' title='bbox 1100 848 1159 886; x_wconf 91' lang='lat' dir='ltr'>illi</span> <span class='ocrx_word' id='word_1_76' title='bbox 1177 851 1291 895; x_wconf 89' lang='lat' dir='ltr'>sunt,</span> <span class='ocrx_word' id='word_1_77' title='bbox 1310 848 1382 898; x_wconf 89' lang='lat' dir='ltr'>qui</span> <span class='ocrx_word' id='word_1_78' title='bbox 1400 845 1545 885; x_wconf 90' lang='lat' dir='ltr'>diuina</span> <span class='ocrx_word' id='word_1_79' title='bbox 1563 857 1662 896; x_wconf 91' lang='lat' dir='ltr'>ope,</span> <span class='ocrx_word' id='word_1_80' title='bbox 1684 849 1726 882; x_wconf 92' lang='lat' dir='ltr'>et</span> <span class='ocrx_word' id='word_1_81' title='bbox 1742 857 1837 882; x_wconf 89' lang='lat' dir='ltr'>nos-</span> <span class='ocrx_word' id='word_1_82' title='bbox 1881 875 1885 879; x_wconf 75' lang='grc'>,</span> 
     </span>
     <span class='ocr_line' id='line_1_10' title="bbox 212 919 1836 974; baseline -0.006 -12"><span class='ocrx_word' id='word_1_83' title='bbox 212 931 375 963; x_wconf 90' lang='lat' dir='ltr'>trorum</span> <span class='ocrx_word' id='word_1_84' title='bbox 409 935 556 974; x_wconf 91' lang='lat' dir='ltr'>opera,</span> <span class='ocrx_word' id='word_1_85' title='bbox 591 922 650 960; x_wconf 88' lang='lat' dir='ltr'>ita</span> <span class='ocrx_word' id='word_1_86' title='bbox 682 921 1008 960; x_wconf 85' lang='lat' dir='ltr'>confessionem</span> <span class='ocrx_word' id='word_1_87' title='bbox 1039 932 1217 959; x_wconf 91' lang='lat' dir='ltr'>suorum</span> <span class='ocrx_word' id='word_1_88' title='bbox 1239 919 1520 957; x_wconf 88' lang='lat' dir='ltr'>instituerunt</span> <span class='ocrx_word' id='word_1_89' title='bbox 1541 921 1836 969; x_wconf 85' lang='lat' dir='ltr'>peecatorum,</span> 
     </span>
     <span class='ocr_line' id='line_1_11' title="bbox 214 986 1839 1038; baseline -0.005 -5"><span class='ocrx_word' id='word_1_90' title='bbox 214 1001 259 1034; x_wconf 87' lang='lat' dir='ltr'>ut</span> <span class='ocrx_word' id='word_1_91' title='bbox 294 995 455 1034; x_wconf 89' lang='lat' dir='ltr'>relictis</span> <span class='ocrx_word' id='word_1_92' title='bbox 492 994 713 1032; x_wconf 88' lang='lat' dir='ltr'>erroribus</span> <span class='ocrx_word' id='word_1_93' title='bbox 748 1006 799 1031; x_wconf 89' lang='lat' dir='ltr'>ac</span> <span class='ocrx_word' id='word_1_94' title='bbox 834 993 1008 1031; x_wconf 88' lang='lat' dir='ltr'>haeresi</span> <span class='ocrx_word' id='word_1_95' title='bbox 1043 992 1253 1038; x_wconf 85' lang='lat' dir='ltr'>abiurata,</span> <span class='ocrx_word' id='word_1_96' title='bbox 1291 990 1508 1028; x_wconf 82' lang='lat' dir='ltr'>catholice</span> <span class='ocrx_word' id='word_1_97' title='bbox 1547 989 1589 1027; x_wconf 87' lang='lat' dir='ltr'>in</span> <span class='ocrx_word' id='word_1_98' title='bbox 1628 986 1839 1026; x_wconf 87' lang='lat' dir='ltr'>catholica</span> 
     </span>
     <span class='ocr_line' id='line_1_12' title="bbox 213 1060 1423 1114; baseline -0.006 -8"><span class='ocrx_word' id='word_1_99' title='bbox 213 1067 402 1106; x_wconf 82' lang='lat' dir='ltr'>ecclesia</span> <span class='ocrx_word' id='word_1_100' title='bbox 423 1069 798 1104; x_wconf 87' lang='lat' dir='ltr'>sacramentorum</span> <span class='ocrx_word' id='word_1_101' title='bbox 819 1065 901 1103; x_wconf 92' lang='lat' dir='ltr'>Dei</span> <span class='ocrx_word' id='word_1_102' title='bbox 923 1072 941 1089; x_wconf 62' lang='lat' dir='ltr'>a</span> <span class='ocrx_word' id='word_1_103' title='bbox 962 1064 1150 1102; x_wconf 83' lang='lat' dir='ltr'>fructum</span> <span class='ocrx_word' id='word_1_104' title='bbox 1167 1060 1423 1114; x_wconf 80' lang='lat' dir='ltr'>percipiant.</span> 
     </span>
    </p>

    <p class='ocr_par' dir='ltr' id='par_1_3' title="bbox 211 1132 1888 1685">
     <span class='ocr_line' id='line_1_13' title="bbox 258 1132 1888 1187; baseline -0.004 -11"><span class='ocrx_word' id='word_1_105' title='bbox 258 1140 295 1177; x_wconf 81' lang='lat'>8.</span> <span class='ocrx_word' id='word_1_106' title='bbox 348 1138 529 1176; x_wconf 87' lang='lat' dir='ltr'>Multum</span> <span class='ocrx_word' id='word_1_107' title='bbox 546 1136 787 1175; x_wconf 90' lang='lat' dir='ltr'>adiumenti</span> <span class='ocrx_word' id='word_1_108' title='bbox 803 1136 960 1183; x_wconf 80' lang='lat' dir='ltr'>adfert,</span> <span class='ocrx_word' id='word_1_109' title='bbox 978 1136 1280 1187; x_wconf 82' lang='lat' dir='ltr'>pietatemque</span> <span class='ocrx_word' id='word_1_110' title='bbox 1296 1138 1531 1184; x_wconf 92' lang='lat' dir='ltr'>promouet</span> <span class='ocrx_word' id='word_1_111' title='bbox 1548 1132 1837 1179; x_wconf 81' lang='lat' dir='ltr'>christianam,</span> <span class='ocrx_word' id='word_1_112' title='bbox 1886 1151 1888 1154; x_wconf 92' lang='lat'>·</span> 
     </span>
     <span class='ocr_line' id='line_1_14' title="bbox 212 1203 1886 1259; baseline -0.004 -12"><span class='ocrx_word' id='word_1_113' title='bbox 212 1215 333 1248; x_wconf 89' lang='lat' dir='ltr'>recta</span> <span class='ocrx_word' id='word_1_114' title='bbox 353 1208 457 1247; x_wconf 90' lang='lat' dir='ltr'>noui</span> <span class='ocrx_word' id='word_1_115' title='bbox 478 1208 654 1259; x_wconf 83' lang='lat' dir='ltr'>collegij</span> <span class='ocrx_word' id='word_1_116' title='bbox 692 1220 932 1259; x_wconf 88' lang='lat' dir='ltr'>pauperum</span> <span class='ocrx_word' id='word_1_117' title='bbox 954 1206 1187 1253; x_wconf 87' lang='lat' dir='ltr'>institutio,</span> <span class='ocrx_word' id='word_1_118' title='bbox 1212 1205 1267 1243; x_wconf 88' lang='lat' dir='ltr'>de</span> <span class='ocrx_word' id='word_1_119' title='bbox 1288 1218 1374 1256; x_wconf 91' lang='lat' dir='ltr'>quo</span> <span class='ocrx_word' id='word_1_120' title='bbox 1398 1209 1464 1243; x_wconf 90' lang='lat' dir='ltr'>est</span> <span class='ocrx_word' id='word_1_121' title='bbox 1494 1215 1709 1255; x_wconf 86' lang='lat' dir='ltr'>persaepe</span> <span class='ocrx_word' id='word_1_122' title='bbox 1729 1203 1840 1241; x_wconf 85' lang='lat' dir='ltr'>facta</span> <span class='ocrx_word' id='word_1_123' title='bbox 1884 1230 1886 1234; x_wconf 48' lang='lat'>&gt;</span> 
     </span>
     <span class='ocr_line' id='line_1_15' title="bbox 211 1273 1840 1327; baseline -0.004 -8"><span class='ocrx_word' id='word_1_124' title='bbox 211 1280 314 1319; x_wconf 89' lang='lat' dir='ltr'>alias</span> <span class='ocrx_word' id='word_1_125' title='bbox 355 1279 535 1318; x_wconf 91' lang='lat' dir='ltr'>mentio.</span> <span class='ocrx_word' id='word_1_126' title='bbox 560 1279 671 1317; x_wconf 86' lang='lat' dir='ltr'>Cum</span> <span class='ocrx_word' id='word_1_127' title='bbox 694 1280 810 1317; x_wconf 87' lang='lat' dir='ltr'>enirn</span> <span class='ocrx_word' id='word_1_128' title='bbox 833 1278 1071 1317; x_wconf 86' lang='lat' dir='ltr'>sabbatinis</span> <span class='ocrx_word' id='word_1_129' title='bbox 1106 1277 1261 1316; x_wconf 90' lang='lat' dir='ltr'>diebus</span> <span class='ocrx_word' id='word_1_130' title='bbox 1292 1275 1467 1327; x_wconf 87' lang='lat' dir='ltr'>uesperi</span> <span class='ocrx_word' id='word_1_131' title='bbox 1501 1274 1714 1325; x_wconf 84' lang='lat' dir='ltr'>statisque</span> <span class='ocrx_word' id='word_1_132' title='bbox 1749 1273 1840 1324; x_wconf 88' lang='lat' dir='ltr'>alijs</span> 
     </span>
     <span class='ocr_line' id='line_1_16' title="bbox 212 1346 1840 1404; baseline -0.005 -13"><span class='ocrx_word' id='word_1_133' title='bbox 212 1352 483 1404; x_wconf 85' lang='lat' dir='ltr'>temporibus</span> <span class='ocrx_word' id='word_1_134' title='bbox 505 1351 737 1389; x_wconf 85' lang='lat' dir='ltr'>laetaniam</span> <span class='ocrx_word' id='word_1_135' title='bbox 769 1350 823 1389; x_wconf 87' lang='lat' dir='ltr'>ad</span> <span class='ocrx_word' id='word_1_136' title='bbox 856 1349 1202 1388; x_wconf 88' lang='lat' dir='ltr'>ecclesiasticam</span> <span class='ocrx_word' id='word_1_137' title='bbox 1232 1349 1347 1386; x_wconf 91' lang='lat' dir='ltr'>illam</span> <span class='ocrx_word' id='word_1_138' title='bbox 1378 1346 1698 1392; x_wconf 87' lang='lat' dir='ltr'>salutationem,</span> <span class='ocrx_word' id='word_1_139' title='bbox 1733 1358 1840 1396; x_wconf 87' lang='lat' dir='ltr'>quae</span> 
     </span>
     <span class='ocr_line' id='line_1_17' title="bbox 216 1417 1841 1473; baseline -0.004 -11"><span class='ocrx_word' id='word_1_140' title='bbox 216 1425 369 1463; x_wconf 82' lang='lat' dir='ltr'>«Salue</span> <span class='ocrx_word' id='word_1_141' title='bbox 406 1423 580 1473; x_wconf 83' lang='lat' dir='ltr'>regina»</span> <span class='ocrx_word' id='word_1_142' title='bbox 620 1422 792 1468; x_wconf 89' lang='lat' dir='ltr'>dicitur,</span> <span class='ocrx_word' id='word_1_143' title='bbox 818 1420 1069 1467; x_wconf 89' lang='lat' dir='ltr'>decantant,</span> <span class='ocrx_word' id='word_1_144' title='bbox 1093 1425 1326 1458; x_wconf 87' lang='lat' dir='ltr'>accurrunt</span> <span class='ocrx_word' id='word_1_145' title='bbox 1347 1417 1485 1466; x_wconf 89' lang='lat' dir='ltr'>multi,</span> <span class='ocrx_word' id='word_1_146' title='bbox 1511 1418 1841 1468; x_wconf 85' lang='lat' dir='ltr'>excitanturque</span> 
     </span>
     <span class='ocr_line' id='line_1_18' title="bbox 214 1488 1841 1546; baseline -0.004 -13"><span class='ocrx_word' id='word_1_147' title='bbox 214 1495 269 1533; x_wconf 84' lang='lat' dir='ltr'>ad</span> <span class='ocrx_word' id='word_1_148' title='bbox 290 1495 516 1546; x_wconf 85' lang='lat' dir='ltr'>pietatem,</span> <span class='ocrx_word' id='word_1_149' title='bbox 541 1506 592 1532; x_wconf 90' lang='lat' dir='ltr'>ac</span> <span class='ocrx_word' id='word_1_150' title='bbox 613 1498 848 1531; x_wconf 85' lang='lat' dir='ltr'>mouentur</span> <span class='ocrx_word' id='word_1_151' title='bbox 871 1498 918 1530; x_wconf 91' lang='lat' dir='ltr'>ut</span> <span class='ocrx_word' id='word_1_152' title='bbox 940 1492 1232 1530; x_wconf 89' lang='lat' dir='ltr'>uehementer</span> <span class='ocrx_word' id='word_1_153' title='bbox 1254 1503 1363 1540; x_wconf 90' lang='lat' dir='ltr'>quos</span> <span class='ocrx_word' id='word_1_154' title='bbox 1393 1489 1592 1541; x_wconf 83' lang='lat' dir='ltr'>diligunt,</span> <span class='ocrx_word' id='word_1_155' title='bbox 1629 1502 1653 1527; x_wconf 91' lang='lat' dir='ltr'>a</span> <span class='ocrx_word' id='word_1_156' title='bbox 1685 1488 1841 1527; x_wconf 88' lang='lat' dir='ltr'>nostris</span> 
     </span>
     <span class='ocr_line' id='line_1_19' title="bbox 213 1560 1840 1615; baseline -0.004 -11"><span class='ocrx_word' id='word_1_157' title='bbox 213 1567 394 1613; x_wconf 86' lang='lat' dir='ltr'>institui,</span> <span class='ocrx_word' id='word_1_158' title='bbox 416 1578 467 1604; x_wconf 91' lang='lat' dir='ltr'>ac</span> <span class='ocrx_word' id='word_1_159' title='bbox 487 1577 671 1603; x_wconf 89' lang='lat' dir='ltr'>numero</span> <span class='ocrx_word' id='word_1_160' title='bbox 691 1564 986 1615; x_wconf 82' lang='lat' dir='ltr'>collegialium</span> <span class='ocrx_word' id='word_1_161' title='bbox 1007 1567 1462 1614; x_wconf 88' lang='lat' dir='ltr'>praememoratorum</span> <span class='ocrx_word' id='word_1_162' title='bbox 1483 1560 1685 1608; x_wconf 85' lang='lat' dir='ltr'>adscribi,</span> <span class='ocrx_word' id='word_1_163' title='bbox 1706 1566 1750 1599; x_wconf 85' lang='lat' dir='ltr'>et</span> <span class='ocrx_word' id='word_1_164' title='bbox 1771 1572 1840 1611; x_wconf 82' lang='lat' dir='ltr'>op-</span> 
     </span>
     <span class='ocr_line' id='line_1_20' title="bbox 212 1632 1749 1685; baseline -0.002 -11"><span class='ocrx_word' id='word_1_165' title='bbox 212 1642 307 1676; x_wconf 89' lang='lat' dir='ltr'>tent</span> <span class='ocrx_word' id='word_1_166' title='bbox 329 1643 374 1676; x_wconf 88' lang='lat' dir='ltr'>et</span> <span class='ocrx_word' id='word_1_167' title='bbox 390 1637 600 1675; x_wconf 88' lang='lat' dir='ltr'>maiorem</span> <span class='ocrx_word' id='word_1_168' title='bbox 624 1637 665 1675; x_wconf 91' lang='lat' dir='ltr'>in</span> <span class='ocrx_word' id='word_1_169' title='bbox 686 1636 865 1675; x_wconf 91' lang='lat' dir='ltr'>modum</span> <span class='ocrx_word' id='word_1_170' title='bbox 885 1648 909 1673; x_wconf 91' lang='lat' dir='ltr'>a</span> <span class='ocrx_word' id='word_1_171' title='bbox 929 1635 1057 1674; x_wconf 89' lang='lat' dir='ltr'>nobis</span> <span class='ocrx_word' id='word_1_172' title='bbox 1076 1634 1121 1673; x_wconf 92' lang='lat' dir='ltr'>id</span> <span class='ocrx_word' id='word_1_173' title='bbox 1141 1639 1294 1685; x_wconf 91' lang='lat' dir='ltr'>petant</span> <span class='ocrx_word' id='word_1_174' title='bbox 1313 1638 1445 1685; x_wconf 89' lang='lat' dir='ltr'>atque</span> <span class='ocrx_word' id='word_1_175' title='bbox 1467 1632 1749 1672; x_wconf 89' lang='lat' dir='ltr'>contendant.</span> 
     </span>
    </p>

    <p class='ocr_par' dir='ltr' id='par_1_4' title="bbox 213 1705 1889 2896">
     <span class='ocr_line' id='line_1_21' title="bbox 265 1705 1841 1759; baseline -0.004 -12"><span class='ocrx_word' id='word_1_176' title='bbox 265 1721 308 1757; x_wconf 75' lang='lat' dir='ltr'>c).</span> <span class='ocrx_word' id='word_1_177' title='bbox 372 1709 439 1747; x_wconf 93' lang='lat' dir='ltr'>Ad</span> <span class='ocrx_word' id='word_1_178' title='bbox 460 1710 573 1747; x_wconf 88' lang='lat' dir='ltr'>haec</span> <span class='ocrx_word' id='word_1_179' title='bbox 593 1720 732 1759; x_wconf 87' lang='lat' dir='ltr'>pauca</span> <span class='ocrx_word' id='word_1_180' title='bbox 754 1720 906 1746; x_wconf 91' lang='lat' dir='ltr'>eorum</span> <span class='ocrx_word' id='word_1_181' title='bbox 929 1719 1042 1758; x_wconf 91' lang='lat' dir='ltr'>quae</span> <span class='ocrx_word' id='word_1_182' title='bbox 1064 1706 1119 1745; x_wconf 90' lang='lat' dir='ltr'>de</span> <span class='ocrx_word' id='word_1_183' title='bbox 1143 1705 1368 1755; x_wconf 83' lang='lat' dir='ltr'>exercitijs</span> <span class='ocrx_word' id='word_1_184' title='bbox 1396 1705 1592 1752; x_wconf 84' lang='lat' dir='ltr'>fratrum,</span> <span class='ocrx_word' id='word_1_185' title='bbox 1625 1716 1721 1742; x_wconf 90' lang='lat' dir='ltr'>cum</span> <span class='ocrx_word' id='word_1_186' title='bbox 1753 1715 1841 1742; x_wconf 88' lang='lat' dir='ltr'>cor-</span> 
     </span>
     <span class='ocr_line' id='line_1_22' title="bbox 214 1775 1889 1832; baseline -0.004 -13"><span class='ocrx_word' id='word_1_187' title='bbox 214 1782 448 1832; x_wconf 82' lang='lat' dir='ltr'>poralibus,</span> <span class='ocrx_word' id='word_1_188' title='bbox 470 1787 561 1819; x_wconf 91' lang='lat' dir='ltr'>tum</span> <span class='ocrx_word' id='word_1_189' title='bbox 584 1780 880 1831; x_wconf 84' lang='lat' dir='ltr'>spiritualibus</span> <span class='ocrx_word' id='word_1_190' title='bbox 906 1779 949 1817; x_wconf 88' lang='lat' dir='ltr'>in</span> <span class='ocrx_word' id='word_1_191' title='bbox 975 1778 1322 1830; x_wconf 85' lang='lat' dir='ltr'>praesentiarum</span> <span class='ocrx_word' id='word_1_192' title='bbox 1354 1782 1603 1823; x_wconf 89' lang='lat' dir='ltr'>occurrunt,</span> <span class='ocrx_word' id='word_1_193' title='bbox 1641 1775 1838 1814; x_wconf 85' lang='lat' dir='ltr'>referam.</span> <span class='ocrx_word' id='word_1_194' title='bbox 1880 1795 1889 1806; x_wconf 64' lang='grc' dir='ltr'><strong>ι</strong></span> 
     </span>
     <span class='ocr_line' id='line_1_23' title="bbox 214 1847 1842 1903; baseline -0.003 -13"><span class='ocrx_word' id='word_1_195' title='bbox 214 1852 416 1903; x_wconf 81' lang='lat' dir='ltr'>Aspirant</span> <span class='ocrx_word' id='word_1_196' title='bbox 436 1853 496 1890; x_wconf 91' lang='lat' dir='ltr'>illi</span> <span class='ocrx_word' id='word_1_197' title='bbox 518 1857 641 1891; x_wconf 89' lang='lat' dir='ltr'>certe</span> <span class='ocrx_word' id='word_1_198' title='bbox 665 1850 719 1889; x_wconf 93' lang='lat' dir='ltr'>ad</span> <span class='ocrx_word' id='word_1_199' title='bbox 741 1851 1130 1901; x_wconf 87' lang='lat' dir='ltr'>pulcherrimarum</span> <span class='ocrx_word' id='word_1_200' title='bbox 1153 1849 1516 1888; x_wconf 85' lang='lat' dir='ltr'>consecutionem</span> <span class='ocrx_word' id='word_1_201' title='bbox 1537 1847 1761 1895; x_wconf 90' lang='lat' dir='ltr'>uirtutum,</span> <span class='ocrx_word' id='word_1_202' title='bbox 1793 1857 1842 1885; x_wconf 87' lang='lat' dir='ltr'>ac</span> 
     </span>
     <span class='ocr_line' id='line_1_24' title="bbox 217 1919 1889 1974; baseline -0.004 -11"><span class='ocrx_word' id='word_1_203' title='bbox 217 1930 263 1963; x_wconf 91' lang='lat' dir='ltr'>ut</span> <span class='ocrx_word' id='word_1_204' title='bbox 284 1924 337 1962; x_wconf 91' lang='lat' dir='ltr'>ad</span> <span class='ocrx_word' id='word_1_205' title='bbox 358 1922 645 1974; x_wconf 66' lang='lat' dir='ltr'>perfectionis</span> <span class='ocrx_word' id='word_1_206' title='bbox 667 1923 838 1974; x_wconf 86' lang='lat' dir='ltr'>apicem</span> <span class='ocrx_word' id='word_1_207' title='bbox 868 1922 1104 1973; x_wconf 89' lang='lat' dir='ltr'>peruenire</span> <span class='ocrx_word' id='word_1_208' title='bbox 1134 1921 1315 1972; x_wconf 89' lang='lat' dir='ltr'>possint,</span> <span class='ocrx_word' id='word_1_209' title='bbox 1345 1920 1464 1958; x_wconf 87' lang='lat' dir='ltr'>miris</span> <span class='ocrx_word' id='word_1_210' title='bbox 1494 1919 1635 1958; x_wconf 87' lang='lat' dir='ltr'>modis</span> <span class='ocrx_word' id='word_1_211' title='bbox 1666 1922 1842 1957; x_wconf 88' lang='lat' dir='ltr'>conten·</span> <span class='ocrx_word' id='word_1_212' title='bbox 1882 1939 1889 1967; x_wconf 49' lang='grc' dir='ltr'>ιἸ</span> 
     </span>
     <span class='ocr_line' id='line_1_25' title="bbox 214 1990 1842 2045; baseline -0.004 -12"><span class='ocrx_word' id='word_1_213' title='bbox 214 1995 334 2042; x_wconf 89' lang='lat' dir='ltr'>dunt,</span> <span class='ocrx_word' id='word_1_214' title='bbox 357 1996 557 2045; x_wconf 76' lang='lat' dir='ltr'>adeoque</span> <span class='ocrx_word' id='word_1_215' title='bbox 577 1996 597 2020; x_wconf 78' lang='lat' dir='ltr'>b</span> <span class='ocrx_word' id='word_1_216' title='bbox 626 1992 799 2044; x_wconf 86' lang='lat' dir='ltr'>seipsos</span> <span class='ocrx_word' id='word_1_217' title='bbox 823 1994 1025 2033; x_wconf 87' lang='lat' dir='ltr'>omnibus</span> <span class='ocrx_word' id='word_1_218' title='bbox 1045 1993 1088 2032; x_wconf 91' lang='lat' dir='ltr'>in</span> <span class='ocrx_word' id='word_1_219' title='bbox 1109 1993 1242 2030; x_wconf 87' lang='lat' dir='ltr'>rebus</span> <span class='ocrx_word' id='word_1_220' title='bbox 1263 1991 1458 2038; x_wconf 82' lang='lat' dir='ltr'>uincere,</span> <span class='ocrx_word' id='word_1_221' title='bbox 1481 2003 1533 2030; x_wconf 90' lang='lat' dir='ltr'>ac</span> <span class='ocrx_word' id='word_1_222' title='bbox 1553 1990 1661 2029; x_wconf 90' lang='lat' dir='ltr'>alios</span> <span class='ocrx_word' id='word_1_223' title='bbox 1695 1990 1842 2028; x_wconf 83' lang='lat' dir='ltr'>iuuare</span> 
     </span>
     <span class='ocr_line' id='line_1_26' title="bbox 213 2062 1842 2115; baseline -0.003 -11"><span class='ocrx_word' id='word_1_224' title='bbox 213 2067 422 2113; x_wconf 80' lang='lat' dir='ltr'>nituntur3</span> <span class='ocrx_word' id='word_1_225' title='bbox 458 2067 639 2105; x_wconf 77' lang='lat' dir='ltr'>uultum</span> <span class='ocrx_word' id='word_1_226' title='bbox 659 2068 708 2105; x_wconf 86' lang='lat' dir='ltr'>ut</span> <span class='ocrx_word' id='word_1_227' title='bbox 731 2073 747 2091; x_wconf 76' lang='lat'><em>0</em></span> <span class='ocrx_word' id='word_1_228' title='bbox 778 2065 1129 2104; x_wconf 87' lang='lat' dir='ltr'>mortificationis</span> <span class='ocrx_word' id='word_1_229' title='bbox 1159 2075 1299 2115; x_wconf 84' lang='lat' dir='ltr'>genus</span> <span class='ocrx_word' id='word_1_230' title='bbox 1334 2062 1557 2114; x_wconf 86' lang='lat' dir='ltr'>refugiant</span> <span class='ocrx_word' id='word_1_231' title='bbox 1585 2062 1618 2101; x_wconf 76' lang='lat' dir='ltr'>d.</span> <span class='ocrx_word' id='word_1_232' title='bbox 1653 2063 1842 2100; x_wconf 88' lang='lat' dir='ltr'>Petierat</span> 
     </span>
     <span class='ocr_line' id='line_1_27' title="bbox 216 2132 1889 2188; baseline -0.002 -14"><span class='ocrx_word' id='word_1_233' title='bbox 216 2137 262 2175; x_wconf 77' lang='lat' dir='ltr'>R.</span> <span class='ocrx_word' id='word_1_234' title='bbox 288 2137 338 2175; x_wconf 84' lang='lat' dir='ltr'>P.</span> <span class='ocrx_word' id='word_1_235' title='bbox 366 2136 645 2187; x_wconf 86' lang='lat' dir='ltr'>prouincialis</span> <span class='ocrx_word' id='word_1_236' title='bbox 673 2150 751 2188; x_wconf 91' lang='lat' dir='ltr'>pro</span> <span class='ocrx_word' id='word_1_237' title='bbox 774 2135 1032 2187; x_wconf 90' lang='lat' dir='ltr'>quibusdam</span> <span class='ocrx_word' id='word_1_238' title='bbox 1053 2134 1198 2174; x_wconf 89' lang='lat' dir='ltr'>arduis</span> <span class='ocrx_word' id='word_1_239' title='bbox 1219 2146 1271 2173; x_wconf 90' lang='lat' dir='ltr'>ac</span> <span class='ocrx_word' id='word_1_240' title='bbox 1291 2132 1537 2172; x_wconf 85' lang='lat' dir='ltr'>difficilibus</span> <span class='ocrx_word' id='word_1_241' title='bbox 1557 2133 1842 2185; x_wconf 24' lang='lat' dir='ltr'>negotijsssex-</span> <span class='ocrx_word' id='word_1_242' title='bbox 1883 2153 1889 2162; x_wconf 59' lang='grc' dir='ltr'><strong>ι</strong></span> 
     </span>
     <span class='ocr_line' id='line_1_28' title="bbox 213 2204 1842 2259; baseline -0.003 -13"><span class='ocrx_word' id='word_1_243' title='bbox 213 2207 441 2258; x_wconf 89' lang='lat' dir='ltr'>pediendis</span> <span class='ocrx_word' id='word_1_244' title='bbox 471 2220 594 2247; x_wconf 88' lang='lat' dir='ltr'>sacra</span> <span class='ocrx_word' id='word_1_245' title='bbox 623 2221 701 2259; x_wconf 90' lang='lat' dir='ltr'>per</span> <span class='ocrx_word' id='word_1_246' title='bbox 737 2209 903 2259; x_wconf 89' lang='lat' dir='ltr'>aliquot</span> <span class='ocrx_word' id='word_1_247' title='bbox 937 2206 1032 2246; x_wconf 89' lang='lat' dir='ltr'>dies</span> <span class='ocrx_word' id='word_1_248' title='bbox 1070 2206 1298 2253; x_wconf 89' lang='lat' dir='ltr'>celebrari,</span> <span class='ocrx_word' id='word_1_249' title='bbox 1330 2204 1541 2244; x_wconf 88' lang='lat' dir='ltr'>laetanias</span> <span class='ocrx_word' id='word_1_250' title='bbox 1575 2204 1764 2252; x_wconf 89' lang='lat' dir='ltr'>recitari,</span> <span class='ocrx_word' id='word_1_251' title='bbox 1801 2207 1842 2242; x_wconf 91' lang='lat' dir='ltr'>et</span> 
     </span>
     <span class='ocr_line' id='line_1_29' title="bbox 216 2275 1841 2330; baseline -0.002 -13"><span class='ocrx_word' id='word_1_252' title='bbox 216 2291 361 2318; x_wconf 86' lang='lat' dir='ltr'>coram</span> <span class='ocrx_word' id='word_1_253' title='bbox 384 2279 625 2318; x_wconf 88' lang='lat' dir='ltr'>venerabili</span> <span class='ocrx_word' id='word_1_254' title='bbox 645 2280 932 2318; x_wconf 88' lang='lat' dir='ltr'>Sacramento</span> <span class='ocrx_word' id='word_1_255' title='bbox 971 2278 1176 2330; x_wconf 90' lang='lat' dir='ltr'>precibus</span> <span class='ocrx_word' id='word_1_256' title='bbox 1202 2277 1363 2316; x_wconf 91' lang='lat' dir='ltr'>nostris</span> <span class='ocrx_word' id='word_1_257' title='bbox 1391 2275 1564 2315; x_wconf 88' lang='lat' dir='ltr'>diuinae</span> <span class='ocrx_word' id='word_1_258' title='bbox 1587 2276 1841 2315; x_wconf 86' lang='lat' dir='ltr'>clementiae</span> 
     </span>
     <span class='ocr_line' id='line_1_30' title="bbox 215 2347 1842 2401; baseline -0.003 -12"><span class='ocrx_word' id='word_1_259' title='bbox 215 2351 333 2389; x_wconf 85' lang='lat' dir='ltr'>fores</span> <span class='ocrx_word' id='word_1_260' title='bbox 367 2351 540 2401; x_wconf 90' lang='lat' dir='ltr'>pulsari.</span> <span class='ocrx_word' id='word_1_261' title='bbox 574 2350 622 2389; x_wconf 94' lang='lat' dir='ltr'>Id</span> <span class='ocrx_word' id='word_1_262' title='bbox 653 2363 761 2389; x_wconf 91' lang='lat' dir='ltr'>uero</span> <span class='ocrx_word' id='word_1_263' title='bbox 793 2364 891 2389; x_wconf 90' lang='lat' dir='ltr'>cum</span> <span class='ocrx_word' id='word_1_264' title='bbox 912 2349 1038 2389; x_wconf 87' lang='lat' dir='ltr'>nobis</span> <span class='ocrx_word' id='word_1_265' title='bbox 1071 2354 1191 2388; x_wconf 89' lang='lat' dir='ltr'>esset</span> <span class='ocrx_word' id='word_1_266' title='bbox 1225 2348 1516 2400; x_wconf 83' lang='lat' dir='ltr'>significatum</span> <span class='ocrx_word' id='word_1_267' title='bbox 1551 2354 1584 2395; x_wconf 70' lang='grc' dir='ltr'>Θ,</span> <span class='ocrx_word' id='word_1_268' title='bbox 1616 2347 1790 2385; x_wconf 85' lang='lat' dir='ltr'>fuer-unt</span> <span class='ocrx_word' id='word_1_269' title='bbox 1819 2357 1842 2383; x_wconf 89' lang='lat' dir='ltr'>e</span> 
     </span>
     <span class='ocr_line' id='line_1_31' title="bbox 214 2417 1842 2473; baseline -0.002 -14"><span class='ocrx_word' id='word_1_270' title='bbox 214 2421 374 2460; x_wconf 86' lang='lat' dir='ltr'>nostris</span> <span class='ocrx_word' id='word_1_271' title='bbox 394 2421 598 2472; x_wconf 87' lang='lat' dir='ltr'>permulti</span> <span class='ocrx_word' id='word_1_272' title='bbox 621 2422 693 2473; x_wconf 85' lang='lat' dir='ltr'>qui</span> <span class='ocrx_word' id='word_1_273' title='bbox 714 2421 976 2473; x_wconf 85' lang='lat' dir='ltr'>disciplinas.</span> <span class='ocrx_word' id='word_1_274' title='bbox 999 2425 1046 2458; x_wconf 91' lang='lat' dir='ltr'>ut</span> <span class='ocrx_word' id='word_1_275' title='bbox 1067 2425 1244 2467; x_wconf 88' lang='lat' dir='ltr'>uocant,</span> <span class='ocrx_word' id='word_1_276' title='bbox 1267 2431 1319 2458; x_wconf 91' lang='lat' dir='ltr'>ac</span> <span class='ocrx_word' id='word_1_277' title='bbox 1346 2419 1451 2457; x_wconf 88' lang='lat' dir='ltr'>alias</span> <span class='ocrx_word' id='word_1_278' title='bbox 1485 2417 1842 2458; x_wconf 85' lang='lat' dir='ltr'>mortificationes</span> 
     </span>
     <span class='ocr_line' id='line_1_32' title="bbox 216 2487 1843 2543; baseline -0.002 -13"><span class='ocrx_word' id='word_1_279' title='bbox 216 2505 270 2530; x_wconf 83' lang='lat' dir='ltr'>ex</span> <span class='ocrx_word' id='word_1_280' title='bbox 304 2492 447 2531; x_wconf 87' lang='lat' dir='ltr'>animo</span> <span class='ocrx_word' id='word_1_281' title='bbox 483 2493 709 2543; x_wconf 89' lang='lat' dir='ltr'>petebant,</span> <span class='ocrx_word' id='word_1_282' title='bbox 748 2492 860 2531; x_wconf 89' lang='lat' dir='ltr'>adeo</span> <span class='ocrx_word' id='word_1_283' title='bbox 897 2497 943 2530; x_wconf 92' lang='lat' dir='ltr'>ut</span> <span class='ocrx_word' id='word_1_284' title='bbox 972 2492 1066 2530; x_wconf 88' lang='lat' dir='ltr'>fere</span> <span class='ocrx_word' id='word_1_285' title='bbox 1100 2491 1280 2542; x_wconf 83' lang='lat' dir='ltr'>singulis</span> <span class='ocrx_word' id='word_1_286' title='bbox 1311 2489 1679 2540; x_wconf 85' lang='lat' dir='ltr'>diebusuesperi,</span> <span class='ocrx_word' id='word_1_287' title='bbox 1703 2487 1843 2527; x_wconf 89' lang='lat' dir='ltr'>donec</span> 
     </span>
     <span class='ocr_line' id='line_1_33' title="bbox 217 2561 1840 2614; baseline -0.002 -13"><span class='ocrx_word' id='word_1_288' title='bbox 217 2563 531 2614; x_wconf 86' lang='lat' dir='ltr'>praescriptum</span> <span class='ocrx_word' id='word_1_289' title='bbox 561 2569 734 2614; x_wconf 91' lang='lat' dir='ltr'>tempus</span> <span class='ocrx_word' id='word_1_290' title='bbox 765 2564 992 2602; x_wconf 91' lang='lat' dir='ltr'>missarum</span> <span class='ocrx_word' id='word_1_291' title='bbox 1024 2567 1067 2601; x_wconf 91' lang='lat' dir='ltr'>et</span> <span class='ocrx_word' id='word_1_292' title='bbox 1103 2561 1387 2601; x_wconf 83' lang='lat' dir='ltr'>laetaniarum</span> <span class='ocrx_word' id='word_1_293' title='bbox 1424 2565 1542 2599; x_wconf 87' lang='lat' dir='ltr'>esset</span> <span class='ocrx_word' id='word_1_294' title='bbox 1563 2563 1840 2606; x_wconf 85' lang='lat' dir='ltr'>transactum,</span> 
     </span>
     <span class='ocr_line' id='line_1_34' title="bbox 220 2631 1842 2683; baseline -0.002 -11"><span class='ocrx_word' id='word_1_295' title='bbox 220 2647 368 2674; x_wconf 83' lang='lat' dir='ltr'>coram</span> <span class='ocrx_word' id='word_1_296' title='bbox 389 2634 631 2672; x_wconf 87' lang='lat' dir='ltr'>uenerabili</span> <span class='ocrx_word' id='word_1_297' title='bbox 668 2634 955 2673; x_wconf 87' lang='lat' dir='ltr'>Sacramento</span> <span class='ocrx_word' id='word_1_298' title='bbox 977 2634 1134 2672; x_wconf 88' lang='lat' dir='ltr'>fierent</span> <span class='ocrx_word' id='word_1_299' title='bbox 1156 2632 1424 2683; x_wconf 87' lang='lat' dir='ltr'>disciplinae.</span> <span class='ocrx_word' id='word_1_300' title='bbox 1447 2632 1637 2670; x_wconf 80' lang='lat' dir='ltr'>Vtuntur</span> <span class='ocrx_word' id='word_1_301' title='bbox 1658 2631 1842 2680; x_wconf 87' lang='lat' dir='ltr'>(ut-cum</span> 
     </span>
     <span class='ocr_line' id='line_1_35' title="bbox 217 2699 1840 2756; baseline -0.002 -13"><span class='ocrx_word' id='word_1_302' title='bbox 217 2706 326 2756; x_wconf 81' lang='lat' dir='ltr'>Xpo.</span> <span class='ocrx_word' id='word_1_303' title='bbox 361 2704 558 2744; x_wconf 80' lang='lat' dir='ltr'>Domino</span> <span class='ocrx_word' id='word_1_304' title='bbox 590 2704 639 2743; x_wconf 85' lang='lat' dir='ltr'>iu</span> <span class='ocrx_word' id='word_1_305' title='bbox 670 2718 756 2755; x_wconf 79' lang='lat' dir='ltr'>quo</span> <span class='ocrx_word' id='word_1_306' title='bbox 789 2707 840 2744; x_wconf 85' lang='lat' dir='ltr'>de</span> <span class='ocrx_word' id='word_1_307' title='bbox 875 2703 1228 2755; x_wconf 76' lang='lat' dir='ltr'>lucrifaciendis</span> <span class='ocrx_word' id='word_1_308' title='bbox 1249 2703 1342 2742; x_wconf 89' lang='lat' dir='ltr'>Deo</span> <span class='ocrx_word' id='word_1_309' title='bbox 1375 2701 1617 2741; x_wconf 78' lang='lat' dir='ltr'>animabus</span> <span class='ocrx_word' id='word_1_310' title='bbox 1647 2699 1840 2753; x_wconf 84' lang='lat' dir='ltr'>agitur),</span> 
     </span>
     <span class='ocr_line' id='line_1_36' title="bbox 216 2771 1843 2826; baseline -0.002 -14"><span class='ocrx_word' id='word_1_311' title='bbox 216 2776 406 2813; x_wconf 82' lang='lat' dir='ltr'>vtuutur</span> <span class='ocrx_word' id='word_1_312' title='bbox 428 2773 617 2824; x_wconf 80' lang='lat' dir='ltr'>iuquam</span> <span class='ocrx_word' id='word_1_313' title='bbox 640 2775 788 2814; x_wconf 90' lang='lat' dir='ltr'>officio</span> <span class='ocrx_word' id='word_1_314' title='bbox 824 2776 1090 2826; x_wconf 89' lang='lat' dir='ltr'>piscatorum</span> <span class='ocrx_word' id='word_1_315' title='bbox 1124 2772 1263 2813; x_wconf 91' lang='lat' dir='ltr'>nostri</span> <span class='ocrx_word' id='word_1_316' title='bbox 1295 2774 1338 2812; x_wconf 89' lang='lat' dir='ltr'>in</span> <span class='ocrx_word' id='word_1_317' title='bbox 1369 2771 1588 2811; x_wconf 92' lang='lat' dir='ltr'>dominico</span> <span class='ocrx_word' id='word_1_318' title='bbox 1625 2771 1758 2810; x_wconf 88' lang='lat' dir='ltr'>fluuio</span> <span class='ocrx_word' id='word_1_319' title='bbox 1793 2782 1843 2810; x_wconf 86' lang='lat' dir='ltr'>ac</span> 
     </span>
     <span class='ocr_line' id='line_1_37' title="bbox 215 2842 1841 2896; baseline -0.002 -11"><span class='ocrx_word' id='word_1_320' title='bbox 215 2845 396 2896; x_wconf 77' lang='lat' dir='ltr'>seipsos,</span> <span class='ocrx_word' id='word_1_321' title='bbox 427 2858 520 2884; x_wconf 83' lang='lat' dir='ltr'>uon</span> <span class='ocrx_word' id='word_1_322' title='bbox 551 2847 684 2885; x_wconf 82' lang='lat' dir='ltr'>modo</span> <span class='ocrx_word' id='word_1_323' title='bbox 712 2845 1078 2885; x_wconf 75' lang='lat' dir='ltr'>exercitamentis</span> <span class='ocrx_word' id='word_1_324' title='bbox 1112 2844 1386 2896; x_wconf 82' lang='lat' dir='ltr'>quibusdam</span> <span class='ocrx_word' id='word_1_325' title='bbox 1418 2842 1756 2894; x_wconf 79' lang='lat' dir='ltr'>spiritualibus,</span> <span class='ocrx_word' id='word_1_326' title='bbox 1778 2855 1841 2881; x_wconf 88' lang='lat' dir='ltr'>ve-</span> 
     </span>
    </p>
   </div>
   <div class='ocr_carea' id='block_1_3' title="bbox 219 2990 1842 3101">
    <p class='ocr_par' dir='ltr' id='par_1_5' title="bbox 219 2990 1842 3101">
     <span class='ocr_line' id='line_1_38' title="bbox 263 2990 1842 3040; baseline -0.003 -9"><span class='ocrx_word' id='word_1_327' title='bbox 263 2993 283 3013; x_wconf 81' lang='lat' dir='ltr'>a</span> <span class='ocrx_word' id='word_1_328' title='bbox 333 2993 413 3031; x_wconf 86' lang='lat' dir='ltr'>Dei</span> <span class='ocrx_word' id='word_1_329' title='bbox 432 2995 479 3031; x_wconf 82' lang='lat' dir='ltr'>iu</span> <span class='ocrx_word' id='word_1_330' title='bbox 499 3004 639 3040; x_wconf 83' lang='lat' dir='ltr'>marg.</span> <span class='ocrx_word' id='word_1_331' title='bbox 660 2997 775 3032; x_wconf 85' lang='lat' dir='ltr'>auct.</span> <span class='ocrx_word' id='word_1_332' title='bbox 797 3004 950 3032; x_wconf 80' lang='lat' dir='ltr'>manu.</span> <span class='ocrx_word' id='word_1_333' title='bbox 1003 2995 1069 3020; x_wconf 82' lang='lat' dir='ltr'>-b</span> <span class='ocrx_word' id='word_1_334' title='bbox 1089 3005 1149 3030; x_wconf 86' lang='lat' dir='ltr'>ac.</span> <span class='ocrx_word' id='word_1_335' title='bbox 1202 2999 1266 3018; x_wconf 81' lang='lat'>—0</span> <span class='ocrx_word' id='word_1_336' title='bbox 1285 3005 1360 3030; x_wconf 82' lang='lat' dir='ltr'>nec</span> <span class='ocrx_word' id='word_1_337' title='bbox 1379 3004 1425 3029; x_wconf 86' lang='lat' dir='ltr'>ae</span> <span class='ocrx_word' id='word_1_338' title='bbox 1443 2992 1482 3028; x_wconf 92' lang='lat' dir='ltr'>id</span> <span class='ocrx_word' id='word_1_339' title='bbox 1502 2991 1641 3029; x_wconf 87' lang='lat' dir='ltr'>vllum.</span> <span class='ocrx_word' id='word_1_340' title='bbox 1697 2990 1764 3017; x_wconf 73' lang='grc' dir='ltr'>-ᾱ</span> <span class='ocrx_word' id='word_1_341' title='bbox 1783 3001 1842 3027; x_wconf 88' lang='lat' dir='ltr'>re·</span> 
     </span>
     <span class='ocr_line' id='line_1_39' title="bbox 219 3053 1549 3101; baseline -0.003 -10"><span class='ocrx_word' id='word_1_342' title='bbox 219 3053 391 3101; x_wconf 76' lang='lat' dir='ltr'>lugiunt.</span> <span class='ocrx_word' id='word_1_343' title='bbox 443 3060 509 3079; x_wconf 71' lang='lat' dir='ltr'>—e</span> <span class='ocrx_word' id='word_1_344' title='bbox 530 3064 598 3090; x_wconf 89' lang='lat' dir='ltr'>vv.</span> <span class='ocrx_word' id='word_1_345' title='bbox 621 3053 664 3090; x_wconf 90' lang='lat' dir='ltr'>Id</span> <span class='ocrx_word' id='word_1_346' title='bbox 680 3074 722 3078; x_wconf 89' lang='lat'>-</span> <span class='ocrx_word' id='word_1_347' title='bbox 737 3053 1010 3101; x_wconf 86' lang='lat' dir='ltr'>significatum</span> <span class='ocrx_word' id='word_1_348' title='bbox 1030 3054 1076 3091; x_wconf 86' lang='lat' dir='ltr'>z&#39;n</span> <span class='ocrx_word' id='word_1_349' title='bbox 1095 3063 1235 3099; x_wconf 73' lang='lat' dir='ltr'>marg.</span> <span class='ocrx_word' id='word_1_350' title='bbox 1255 3054 1370 3090; x_wconf 86' lang='lat' dir='ltr'>auct.</span> <span class='ocrx_word' id='word_1_351' title='bbox 1391 3061 1549 3090; x_wconf 82' lang='lat' dir='ltr'>manu.</span> 
     </span>
    </p>
   </div>
   <div class='ocr_carea' id='block_1_4' title="bbox 1849 0 1908 3446">
    <p class='ocr_par' dir='ltr' id='par_1_6' title="bbox 1849 0 1908 3446">
     <span class='ocr_line' id='line_1_40' title="bbox 1849 0 1908 3446; baseline 0 0"><span class='ocrx_word' id='word_1_352' title='bbox 1849 0 1908 3446; x_wconf 95' lang='lat' dir='ltr'> </span> 
     </span>
    </p>
   </div>
  </div>
 </body>
</html>
