1908 3446
448 216 774 257 299.—C0L0N1A
803 218 845 257 13
871 215 1134 257 SEPTEMBms
1166 218 1254 259 1559
1553 217 1621 259 337

8 321 15 357 ὲῗ
39 321 89 362 ad
111 321 189 360 Dei
209 320 402 372 ogloriam
435 327 478 359 et
509 316 805 372 proximorum
842 326 1092 361 nostrorum
1131 329 1279 362 essent
1311 323 1557 363 vtilitatem.
1584 327 1667 363 Do-

10 384 15 419 l
38 406 149 433 mum
170 392 345 443 quidem
366 405 481 430 nunc
502 392 714 430 habemus
736 393 842 430 satis
864 394 1068 444 amplam,
1107 394 1237 433 cuius
1254 397 1370 444 pars
1409 408 1497 433 vna
1520 394 1666 434 Socie-

37 459 143 503 tatis
176 464 308 502 modo
339 465 415 508 esf,
455 464 604 502 altera
637 465 837 511 senatus,
876 464 1014 503 tertia
1051 467 1201 505 autem
1233 468 1472 505 conducta.
1506 467 1666 505 Verum

39 534 250 584 fortassis
271 547 421 574 omnes
442 534 694 585 aliquando
717 534 960 574 Societas-is
992 538 1143 575 ermzt.
1168 537 1437 575 Sacerdotes
1467 538 1538 575 hic
1568 542 1666 575 sunt

39 599 204 645 decem.
229 605 275 643 In
305 605 467 643 scholis
489 604 651 644 docent
683 606 884 652 totidem,
906 607 1062 657 quibus
1085 607 1171 646 duo
1203 608 1329 646 breui
1358 620 1487 658 spero
1520 608 1666 646 adiun-

36 682 201 729 gentur.
225 677 272 715 R.
298 676 361 701 ‘³¹¹³
385 675 597 715 dominus
616 677 635 695 a
658 677 912 715 Leonardus
936 680 943 698 ¹
968 678 1103 716 totius
1127 678 1303 729 collegij
1328 692 1437 717 onus
1465 679 1663 725 sustinet,

14 735 16 745 .
36 749 269 787 animorum
291 753 336 785 et
358 759 590 798 corporum
628 748 757 786 etiam
782 748 1039 799 diligentem
1073 762 1218 788 curam
1251 750 1381 800 gerit3
1412 755 1456 788 ut
1480 754 1523 788 et
1545 762 1664 800 para-

14 827 99 878 ltus
120 819 300 866 animm,
326 823 369 856 et
399 831 557 869 corpus
578 819 748 858 firmum
780 820 833 858 sit
866 819 919 858 ad
950 820 1033 858 Dei
1065 821 1337 871 obsequium.
1362 821 1416 860 M.
1448 821 1665 859 Henricus

14 882 263 940 *Dionysius
303 889 422 928 domi
461 894 592 940 atque
632 890 738 928 foris
779 890 913 929 sacris
956 897 1196 942 occupatur
1236 892 1499 930 lectionibus
1533 897 1664 942 atque

14 942 311 1022 leoncionibus
334 973 431 999 cum
462 973 621 1011 magno
645 961 855 1011 spirituali
877 962 1022 1000 fructu
1046 968 1090 1000 et
1112 962 1382 1001 audientium
1405 963 1664 1002 satisfactio-

14 1024 98 1089 }ne.
123 1032 176 1070 M.
202 1032 457 1070 Franciscus
479 1032 692 1070 Costerus
714 1032 829 1082 apud
859 1046 939 1071 nos
972 1039 1015 1071 et
1044 1034 1330 1085 philosophus
1354 1040 1397 1073 et
1426 1035 1664 1086 theologus

14 1095 75 1168 {et
102 1102 366 1141 nouitiorum
400 1108 467 1141 est
497 1102 707 1154 magister
729 1107 756 1141 ².
782 1103 877 1142 Dici
907 1118 995 1144 non
1025 1110 1173 1156 potest
1203 1119 1330 1156 quam
1353 1106 1588 1157 diligenter
1620 1112 1663 1144 et

15 1172 278 1225 'prudentem
313 1180 357 1212 et
378 1179 539 1225 quanta
569 1187 666 1213 cum
699 1175 889 1213 omnium
921 1176 1110 1214 Vtilitate
1132 1177 1150 1201 b
1172 1176 1273 1215 huic
1305 1177 1450 1216 officio
1482 1178 1659 1228 praesit.

10 1197 130 1296 lMihi
150 1245 324 1285 videtur
346 1248 466 1296 quod
487 1253 504 1272 e
525 1259 612 1285 non
643 1247 842 1297 vulgare,
867 1247 946 1285 sed
979 1248 1186 1287 eximium
1208 1249 1335 1287 huius
1357 1249 1400 1287 S.
1426 1249 1662 1288 Societatis

12 1298 87 1379 >isit
106 1317 360 1356 membrum.
386 1318 442 1356 Μ.
462 1317 700 1356 Balduinus
721 1318 774 1356 ab
796 1318 970 1369 Angelo
992 1319 1207 1357 hactenus
1228 1332 1404 1370 quoque
1425 1321 1552 1358 huius
1575 1321 1662 1359 col-

11 1388 128 1468 ilegij
149 1388 228 1426 fuit
248 1389 549 1439 philosophus,
583 1402 695 1428 nunc
727 1394 873 1427 autem
905 1389 1162 1441 theologiae
1185 1403 1359 1441 quoque
1391 1391 1561 1429 futurus
1594 1397 1660 1430 est

12 1460 321 1523 *Jbacalaureus
358 1460 670 1498 Leodiensium
707 1459 776 1498 hic
805 1466 1016 1511 patronus
1054 1465 1136 1509 est,
1161 1462 1233 1513 qui
1270 1463 1525 1512 optimatum
1548 1463 1660 1501 filios

15 1531 213 1582 {optimae
235 1531 328 1582 spei
349 1530 660 1569 adolescentes
682 1544 841 1583 magno
870 1545 1055 1571 numero
1078 1533 1213 1583 ipsius
1234 1531 1337 1582 fidej
1363 1533 1656 1581 committunt,

16 1606 72 1666 {et
92 1602 201 1653 apud
233 1615 313 1640 nos
334 1602 627 1641 instituendos
650 1603 884 1642 collocant.
912 1603 966 1642 At
994 1605 1049 1642 M.
1084 1603 1302 1642 Henricus
1325 1604 1542 1642 Somalius
1570 1605 1659 1655 phi-

16 1668 264 1730 llosophiam
287 1674 434 1721 etiam3
458 1674 513 1712 M.
539 1675 696 1712 Petrus
718 1675 922 1713 Hauftius
943 1675 1132 1726 poesim3
1157 1680 1200 1713 et
1222 1675 1277 1713 M.
1302 1675 1547 1726 Gregorius
1582 1676 1658 1714 Fa-

32 1743 119 1783 bius
148 1741 408 1784 Ciceronem
431 1745 609 1784 docent.
643 1745 697 1783 M.
729 1744 931 1784 Andreas
964 1746 1201 1784 Boccatius
1231 1759 1465 1797 puerorum
1498 1747 1656 1786 bonam

31 1826 169 1854 curam
190 1816 319 1867 gerit,
345 1815 526 1854 eosdem
549 1816 591 1854 in
626 1816 774 1854 infima
803 1817 956 1855 schola
996 1816 1126 1854 etiam
1158 1817 1345 1855 instituit
1375 1817 1431 1856 M.
1465 1818 1640 1856 Francis

31 1899 101 1925 eus
121 1887 429 1935 Hoemerelus,
455 1893 499 1926 et
529 1887 796 1926 rhetoricam
817 1888 1052 1938 profitetur
1082 1889 1176 1926 eius
1207 1894 1422 1939 cognatus
1445 1888 1500 1926 M.
1528 1890 1638 1939 Joan

15 1954 103 2012 {ries
135 1958 374 1997 BerkeliuS.
409 1959 591 1997 Duobus
621 1959 715 1997 istis
759 1959 1137 2007 buscoducenses‚
1185 1965 1391 2011 tanquam
1423 1961 1539 1998 veris
1570 1962 1656 1999 ani-

18 2023 188 2068 lm'orum
207 2030 475 2081 parentibus,
498 2030 614 2069 filios
644 2043 747 2069 suos
769 2029 1051 2069 committere
1074 2031 1235 2069 solent.
1261 2031 1313 2069 D.
1339 2031 1538 2070 Andreas
1573 2033 1656 2070 Ro-

19 2100 221 2147 ¹bodorod
241 2105 270 2149 ³,
303 2101 368 2139 vir
388 2101 515 2151 plane
552 2101 775 2153 egregius,
811 2102 853 2140 in
885 2101 1142 2140 domesticis
1173 2101 1368 2152 negotijs
1399 2109 1653 2154 occupatur,

31 2183 327 2223 nonnunquam
368 2172 670 2220 concionatur,
711 2172 998 2223 quorumdam
1040 2185 1217 2224 quoque
1255 2173 1466 2222 juucnum
1508 2187 1653 2212 curam

21 2373 23 2392 ²
70 2366 86 2386 ²
136 2367 178 2403 P.
230 2369 294 2394 -b
317 2368 489 2406 vtilitate
509 2369 556 2405 in
576 2379 713 2414 marg.
736 2367 925 2405 Polanci
952 2379 1106 2414 manu,
1128 2369 1267 2406 deleto
1287 2371 1333 2407 in
1365 2375 1483 2408 textu
1503 2372 1647 2415 verlm,

22 2418 137 2471 {quod
155 2427 291 2473 legere
308 2438 393 2465 uon
412 2428 625 2465 valemus,
681 2434 745 2454 —0
768 2428 812 2464 is.

21 2470 24 2503 l

22 2607 25 2670 l
73 2618 81 2637 ¹
132 2617 173 2655 P.
194 2619 431 2656 Leonardus
450 2618 613 2656 Kessel.

38 2679 40 2681 ’
73 2677 85 2698 ²
130 2676 172 2715 In
191 2691 319 2726 marg.
339 2679 555 2716 recentiori
574 2693 709 2718 manu:
730 2680 891 2718 Costeri
911 2681 1014 2718 laus.

71 2735 97 2755 ³'
130 2737 250 2784 Apud
267 2738 456 2780 HANSEN,
477 2739 508 2775 1.
532 2752 581 2783 c..
597 2740 667 2776 774
681 2740 826 2777 dieitur
841 2740 1033 2777 Andreas
1052 2741 1337 2778 Robotradius.
1359 2741 1469 2778 Idem
1492 2742 1650 2780 videtur

29 2805 112 2832 esse
128 2797 193 2843 qui
214 2798 402 2835 Andreas
420 2798 624 2846 Aquensis
643 2804 683 2835 et
702 2799 771 2847 qui
789 2799 979 2836 Andreas
1000 2799 1386 2847 Valkenburgensis
1401 2801 1449 2837 de
1466 2814 1544 2848 quo
1564 2803 1649 2848 agi-

29 2858 89 2891 tur
105 2855 206 2901 apud
224 2856 411 2902 HANSEN,
434 2858 459 2894 l.
481 2870 530 2901 c..
551 2858 634 2900 353,
654 2858 785 2901 356...
806 2859 889 2896 550.
907 2857 1012 2895 Nam
1028 2860 1164 2896 nullus
1191 2860 1296 2896 alius
1315 2860 1503 2897 Andreas
1519 2874 1649 2898 sacer-

29 2911 93 2950 dos
109 2921 342 2953 numeratur
360 2917 399 2953 in
417 2918 604 2964 catalogo
623 2917 787 2964 collegii
805 2918 901 2954 anni
926 2918 1016 2955 1559
1034 2918 1089 2961 (in
1110 2919 1194 2956 cod.
1219 2919 1360 2957 Germ.
1383 2919 1471 2964 131,
1492 2920 1518 2958 f.
1546 2920 1648 2965 36v),

31 2976 66 3008 et
93 2977 223 3011 tamen
252 2975 292 3012 in
322 2976 666 3020 «Informatz'one
691 2977 805 3014 delle
828 2982 1009 3025 persone
1041 2979 1080 3015 le
1104 2980 1235 3025 quale
1264 2980 1305 3015 si
1329 2983 1516 3016 trottano
1541 2983 1648 3018 sotto

21 3025 287 3126 'il'obedientia
319 3035 435 3072 della
466 3036 734 3082 compagum
761 3036 965 3082 disesus
991 3037 1108 3074 nella
1137 3039 1367 3084 prouincia
1397 3039 1469 3075 del
1497 3039 1648 3076 Rheno

1 3249 30 3446 ,sl

166 3115 326 3143 Ln’meAm
346 3117 752 3150 QUADRIMESTRms.—T‹›M.
775 3119 827 3145 VI.
1474 3125 1509 3146 22
