1908 3446
4 211 7 221 Α
0 162 1 166 Α
0 135 3 151 ⁴<
0 111 7 124 ἡ
0 6 7 88 -rvza

13 3026 18 3047 ἱ

0 3189 2 3213 l

537 191 897 233 286.-o1.1s1poNE
921 193 967 231 20
989 190 1100 241 JULn
1130 191 1219 230 1559
1581 187 1651 229 275

67 298 304 350 remigibus
326 297 620 348 militibusque
644 296 901 334 triremium.
925 295 1035 334 Cum
1060 294 1174 332 enim
1199 307 1269 341 eo,
1296 298 1341 331 vt
1371 293 1616 344 plurimum,
1639 292 1700 330 fa-

68 370 256 409 cinorosi
278 369 478 407 homines
500 367 803 415 amandentur‚
828 366 1082 405 admirabile
1105 364 1281 416 quidem
1306 368 1350 403 et
1372 371 1391 389 a
1411 364 1602 402 inuisum
1635 366 1700 400 est

68 443 101 480 si
123 442 216 492 quis
255 441 370 479 serio
392 441 603 491 pietatem
628 440 757 478 colat.
778 439 938 477 Audiui
960 438 1203 488 aliquorum
1225 437 1448 475 hominum
1473 440 1701 485 corruptos

67 525 226 561 mores,
264 525 439 551 mauros
460 511 674 563 quosdam
696 523 720 549 a
740 511 827 550 fide
845 510 1007 549 Christi
1030 509 1296 548 retardasse.
1318 509 1426 547 Cum
1446 506 1558 545 enim
1577 519 1704 556 roga-

67 589 213 622 rentur
245 595 321 622 cur
342 583 559 634 baptisma
592 581 755 621 Christi
775 582 997 632 fidemque
1022 580 1273 627 reficerent,
1306 578 1579 629 respondere
1611 576 1703 615 ausi

67 660 178 703 sunt,
197 656 296 706 quia
316 655 419 693 nihil
436 658 633 693 vestrum
650 651 830 691 viuendi
848 665 1032 699 morem,
1053 651 1171 703 quod
1188 651 1243 690 ad
1259 651 1470 702 pietatem
1488 648 1660 694 attinet,
1681 660 1704 684 a

65 732 214 766 nostro
238 726 434 774 differre,
459 725 546 764 imo
570 738 677 763 vero
702 723 971 763 deteriorem
996 736 1094 762 esse
1125 722 1341 761 videmus.
1366 722 1501 759 Fraus
1529 719 1704 771 quidem

66 800 176 837 haec
197 798 387 836 Satanae
409 802 542 848 atque
564 796 774 843 versutia,
801 801 845 833 et
866 795 1039 845 quidam
1062 794 1302 845 impietatis
1332 804 1582 830 maurorum
1617 803 1705 829 non

67 869 169 909 satis
190 875 398 908 constans
419 873 694 920 praetextus3
718 879 870 905 verum
893 866 966 916 qui
996 878 1143 904 mores
1173 866 1357 904 istorum
1379 863 1603 901 hominum
1642 874 1704 899 sa-

66 942 119 980 tis
142 941 198 980 ob
221 941 374 980 oculos
395 940 533 991 ponit.
560 941 669 979 Cum
690 939 822 990 igitur
843 939 904 976 ita
926 939 1145 985 viuerent‚
1170 935 1301 976 obliti
1330 947 1489 975 eorum
1511 947 1625 984 quae
1648 935 1706 972 ad

69 1013 274 1053 animum
303 1011 548 1064 pertinent,
574 1024 628 1050 ac
663 1012 713 1050 de
749 1009 1014 1050 confitendis
1044 1008 1244 1060 peccatis
1277 1019 1426 1047 sermo
1456 1007 1524 1046 vel
1551 1005 1707 1044 nullus

66 1085 132 1125 vel
161 1097 304 1124 rarus
334 1083 594 1130 haberetur,
627 1087 915 1133 posteaquam
937 1080 1112 1131 quidam
1145 1092 1200 1118 ex
1235 1078 1397 1118 nostris
1427 1078 1482 1117 ad
1502 1077 1601 1116 illos
1631 1075 1706 1114 do-

68 1156 195 1196 cendi
225 1161 300 1194 aut
330 1153 621 1194 concionandi
653 1166 809 1193 caussa
837 1152 1064 1203 profectus
1088 1157 1170 1200 est,
1205 1157 1250 1190 et
1283 1150 1508 1203 ingenium
1541 1153 1584 1187 et
1615 1160 1707 1186 mo-

67 1241 135 1267 res
157 1227 381 1266 hominum
408 1226 564 1265 mutati
585 1231 700 1273 sunt,
737 1229 1021 1275 nostramque
1054 1224 1414 1275 expectationem
1446 1225 1707 1273 superarunt

68 1298 195 1347 adeo,
218 1304 266 1338 vt
287 1310 395 1337 vere
417 1297 569 1336 dicere
590 1297 823 1348 possimus,
847 1309 935 1335 non
959 1296 1064 1334 estis
1086 1308 1168 1334 vos
1189 1295 1263 1346 qui
1284 1293 1509 1345 loquimini
1534 1292 1558 1331 ¹.
1596 1291 1707 1330 Nam

67 1384 177 1422 quae
198 1382 286 1409 non
306 1369 666 1422 pollicitationes,
689 1380 778 1406 non
798 1368 1008 1420 praemia,
1032 1380 1121 1406 non
1141 1367 1300 1414 minae,
1324 1379 1412 1405 non
1433 1365 1623 1404 verbera
1644 1363 1708 1401 ef-

67 1442 292 1489 fecissent,
318 1454 370 1480 ea
386 1440 512 1479 verbi
534 1440 669 1479 diuini
690 1440 830 1478 virtus
864 1437 1066 1490 perfecit.
1091 1438 1282 1477 Primum
1304 1436 1481 1487 quidem
1503 1434 1640 1487 (quod
1663 1438 1706 1473 et

69 1513 370 1563 difficilimum)
391 1513 499 1551 mira
519 1511 706 1563 quadam
739 1511 1040 1550 taciturnitate
1075 1509 1256 1549 attentis
1278 1509 1454 1548 auribus
1478 1506 1705 1557 oculisque

68 1586 109 1624 in
144 1586 481 1624 concionantem
502 1583 660 1631 infixis,
685 1582 837 1621 audire
860 1588 1121 1634 coeperunt;
1145 1594 1248 1620 mox
1281 1591 1528 1632 exposcere
1549 1590 1707 1629 preces

68 1657 277 1704 horarias,
310 1662 402 1695 tum
434 1667 689 1707 comparare
720 1654 914 1693 calculos
949 1653 1117 1701 rosarii‚
1151 1652 1253 1692 dein
1286 1664 1452 1691 vocare
1484 1649 1708 1690 confessa-

68 1727 168 1767 rios.
194 1729 381 1768 Cessant
402 1728 537 1775 rixae,
563 1725 770 1774 conustia,
794 1724 1037 1773 mendacia,
1061 1724 1266 1776 periuria,
1292 1724 1518 1763 obscoena
1552 1721 1705 1767 verba,

69 1804 299 1838 anteactae
320 1799 437 1837 vitae
459 1797 675 1850 poenitet.
693 1799 824 1849 Juuat
844 1796 887 1835 in
905 1797 1069 1836 scalmo
1091 1808 1258 1848 poenas
1280 1793 1401 1843 dare,
1427 1798 1567 1841 orant,
1598 1793 1708 1832 reci-

70 1875 174 1919 tant,
213 1870 493 1910 confitentur.
532 1870 597 1909 Ac
631 1874 834 1921 tempore
862 1869 1032 1918 jubilei,
1066 1868 1185 1920 quod
1215 1866 1432 1919 superiori
1465 1865 1708 1917 quadrage-

71 1943 176 1981 sima
205 1943 477 1981 celebratum
507 1945 590 1989 est,
615 1953 783 1989 omnes,
817 1946 866 1980 vt
896 1940 1066 1992 opinor,
1106 1939 1299 1978 confessi
1331 1942 1445 1977 sunt.
1470 1937 1709 1976 Caeterum

72 2012 403 2052 emendatorum
424 2025 594 2051 morum
629 2018 937 2064 argumentum
966 2024 1100 2050 vnum
1121 2011 1209 2050 hoc
1231 2023 1286 2048 ex
1319 2008 1520 2048 omnibus
1549 2020 1708 2060 propo-

70 2097 181 2123 nam.
221 2086 330 2124 Cum
361 2096 446 2135 ego
479 2083 650 2122 cuidam
682 2083 800 2122 Patri
828 2084 976 2122 socius
1006 2082 1061 2121 ad
1097 2094 1175 2121 eos
1207 2081 1364 2120 missus
1398 2080 1580 2119 fuissem
1611 2092 1709 2119 curn

72 2167 227 2207 magna
246 2155 290 2194 vi
312 2154 579 2194 calculorum
614 2155 782 2203 rosarii‚
807 2160 928 2193 tanta
955 2153 1245 2193 contentione
1282 2152 1449 2191 rosaria
1477 2151 1706 2203 petebant,

71 2230 117 2265 vt
137 2238 207 2265 me
227 2226 549 2278 apprehensum
570 2226 700 2276 pallio
723 2226 908 2265 vlterius
929 2225 992 2263 ire
1014 2238 1103 2263 non
1123 2224 1435 2276 permitterent
1455 2223 1543 2261 hoc
1563 2223 1707 2261 animo

73 2302 119 2335 vt
152 2302 242 2335 tres
278 2297 545 2356 calculorum
571 2297 711 2336 lineas
732 2297 1001 2348 acciperent,
1033 2308 1119 2347 quo
1151 2307 1382 2334 numerum
1418 2293 1708 2332 centesimum

73 2358 493 2419 quinquagesimum,
530 2368 603 2418 qui
637 2369 851 2407 rosarium
891 2367 1096 2414 absoluit,
1139 2367 1430 2418 complerent.
1468 2366 1564 2416 Ego
1600 2376 1708 2402 vero

73 2440 215 2479 sciens
249 2441 446 2490 fallebar,
483 2440 678 2481 nonnihil
715 2453 867 2479 eorum
903 2439 1126 2478 desiderio
1164 2437 1432 2476 concedens.
1466 2436 1565 2475 Hoc
1600 2447 1708 2473 vero

74 2523 158 2550 non
192 2513 374 2564 vulgare
398 2518 480 2561 est,
504 2512 623 2564 quod
645 2525 701 2550 ex
722 2511 883 2550 mauris
904 2510 1079 2562 quidam
1107 2510 1271 2549 Christi
1291 2508 1508 2560 baptisma
1527 2507 1600 2546 vel
1632 2507 1710 2544 Pa-

75 2587 186 2622 trum
205 2584 279 2622 vel
300 2584 483 2623 aliorum
519 2584 724 2635 exemplo
748 2582 960 2622 commoti
982 2581 1297 2633 efflagitarunt;
1326 2593 1438 2631 quos
1473 2578 1619 2617 audiui
1654 2578 1708 2615 ab

74 2655 166 2693 aliis
188 2667 286 2694 esse
309 2661 588 2708 segregatos,
612 2660 659 2695 vt
681 2655 736 2694 ad
751 2655 883 2694 fidem
906 2654 1205 2693 instituantur.
1229 2652 1356 2691 Faxit
1377 2652 1498 2689 Deus
1516 2655 1563 2688 vt
1582 2653 1706 2687 tanto

120 2839 139 2858 a
188 2838 282 2876 Pol.
304 2838 464 2876 delevit
482 2839 522 2876 in
541 2841 579 2876 et
598 2838 705 2877 add.
726 2843 865 2885 supra
884 2848 994 2876 vers.
1016 2849 1108 2875 raro
1127 2836 1303 2874 omnino.

126 3013 134 3033 ¹
186 3011 375 3057 Mum„
396 3010 448 3056 Χ,
469 3010 528 3048 20.
