1908 3446
589 213 950 251 400.-M0N22.cfflo
975 216 998 252 6
1028 215 1216 252 Aucusii
1248 216 1337 252 1560
1646 218 1714 253 715)

137 313 241 362 cipis
266 314 271 331 ¹
297 313 392 350 aula
412 314 477 350 bis
500 314 678 364 singulis
715 316 966 366 septimanis
988 317 1040 360 (si
1062 322 1207 354 tamen
1231 317 1430 367 princeps
1453 317 1582 367 adsit)
1605 332 1756 369 magna

134 396 228 420 cuni
253 383 378 420 laude
403 390 445 421 et
477 384 616 434 gratia
645 385 852 435 fungitur,
889 393 931 423 ct
963 393 1192 437 tantopere
1224 387 1399 437 quidem
1434 388 1528 438 pius
1559 390 1760 439 princeps

133 452 225 490 eius·
247 443 434 492 afficitur
457 455 757 500 concionibus,
784 463 828 494 vt
850 458 1046 507 quotidie
1070 459 1215 504 etiam,
1242 458 1275 495 si
1298 458 1427 496 modo
1455 459 1568 496 vires
1586 461 1759 497 concio-

131 524 272 562 natori
295 532 595 576 suppeterent,
620 527 770 564 audire
795 540 893 566 eum
921 535 1088 566 aueret.
1114 530 1344 567 Tractatur
1366 535 1512 568 autem
1535 542 1678 568 coram
1706 545 1757 569 eo

131 597 311 634 materia
333 604 720 645 sacramentorum,
756 604 799 636 et
830 600 1005 648 quidem
1038 600 1333 643 exactissime,
1367 607 1414 637 vt
1444 601 1584 638 nullus
1615 601 1756 645 alicui,

129 667 200 716 qui
222 667 392 705 ratione
415 667 613 715 ducatur,
635 668 687 706 de
713 670 928 707 catholica
954 671 1139 707 veritate
1162 670 1387 708 dubitandi
1410 672 1531 709 locus
1554 673 1756 722 supersit.

130 737 253 786 Quae
276 750 345 775 res
367 739 481 776 haud
503 739 633 776 dubie
657 741 919 778 catholicum
944 741 1144 792 principis
1166 742 1369 788 animum,
1403 748 1629 793 totamque
1666 745 1758 782 eius

129 809 268 847 aulam
291 811 581 848 vehementer
604 812 645 848 in
668 813 782 849 auita
806 813 1019 863 religione
1043 813 1285 851 confirmat.
1311 814 1377 852 Ad
1406 815 1644 853 conciones
1668 830 1756 863 eas·‚

129 894 240 931 quae
262 881 303 919 in
326 887 477 919 nostro
503 883 681 933 templo,
707 884 971 934 amplissimo
996 897 1099 922 sane
1121 884 1193 922 illo
1216 892 1347 936 atque
1371 886 1662 934 ornatissimo,
1688 889 1758 925 ha—

127 952 298 999 bentur,
324 953 478 1003 ingens
500 966 673 1003 semper
697 960 762 992 est
780 954 1028 994 auditorum
1051 968 1305 1003 concursus;
1329 963 1373 995 et
1395 957 1756 1009 quadragesimae

125 1023 300 1074 quidem
323 1028 539 1074 tempore,
564 1039 649 1076 quo
674 1026 964 1064 concionandi
986 1028 1072 1065 hoc
1103 1029 1361 1067 exercitium
1393 1029 1433 1067 in
1466 1031 1630 1081 templo
1659 1045 1756 1070 nos-

127 1100 192 1132 tro
216 1095 294 1133 suit
319 1108 371 1133 ex
396 1108 517 1133 more
541 1097 856 1147 quotidianum,
883 1104 999 1136 tanta
1020 1099 1301 1150 fraequenter
1323 1102 1512 1140 accessit
1533 1103 1756 1142 hominum

126 1167 370 1212 multitudo,
393 1174 438 1205 vt
460 1169 606 1219 anguli
636 1182 748 1219 pene
774 1182 925 1207 omnes
948 1172 1097 1221 templi
1119 1172 1391 1211 auditoribus
1414 1173 1670 1213 uiderentur
1692 1189 1756 1214 re-

124 1240 244 1288 pleti.
280 1240 478 1289 Quantus
516 1253 647 1291 porro
682 1241 943 1279 concionum
974 1242 1152 1281 istarum
1182 1244 1364 1292 fruetus,
1400 1247 1493 1284 Deo
1528 1251 1753 1298 operante,

125 1310 336 1357 extiterit,
360 1311 506 1348 verbis
528 1311 741 1362 consequi
762 1313 834 1350 vix
856 1312 1035 1362 possim;
1059 1327 1144 1353 non
1168 1329 1277 1353 vnus
1300 1316 1513 1368 siquidem
1537 1319 1606 1357 uel
1627 1319 1753 1366 alter,

124 1382 201 1420 sed
223 1382 538 1433 quamplurimi,
563 1383 772 1421 abiuratis
794 1383 986 1422 articulis
1008 1385 1049 1422 in
1081 1386 1236 1435 quibus
1257 1400 1280 1425 a
1311 1389 1528 1428 catholica
1554 1388 1642 1428 fide
1673 1389 1755 1428 dis-

123 1454 385 1501 sentiebant,
423 1453 476 1492 ad
509 1467 640 1492 verae
674 1460 717 1492 et
750 1455 1026 1495 orthodoxae
1061 1457 1164 1496 fidei
1197 1459 1405 1498 vnitatem
1437 1460 1677 1509 redierunt,
1712 1468 1755 1500 et

122 1524 297 1575 quidem
320 1538 375 1563 ex
396 1526 554 1572 animo,
579 1531 626 1563 vt
647 1527 802 1577 ingens
825 1539 976 1565 eorum
998 1527 1038 1565 in
1076 1530 1388 1569 conuertendis
1409 1532 1504 1581 alijs
1526 1534 1646 1571 zelus
1667 1547 1753 1572 non

124 1597 311 1634 obscure
332 1597 488 1647 arguit.
514 1596 687 1635 Accidit
707 1610 845 1648 nuper
866 1604 914 1636 vt
936 1599 1036 1637 dum
1061 1612 1115 1637 ex
1138 1602 1375 1640 neotericis
1399 1603 1643 1642 christianis
1664 1605 1753 1655 qui-

121 1668 218 1706 dam
240 1668 416 1719 grauius
438 1667 492 1706 de
514 1668 694 1719 papistis
716 1669 797 1718 (sic
819 1670 932 1708 enim
956 1671 1198 1710 catholicos
1221 1674 1457 1723 appellant)
1475 1680 1750 1725 quereretur,

123 1739 195 1790 qui
230 1740 412 1778 alteram
448 1739 529 1789 ipsi
565 1740 757 1790 speciem
789 1740 1023 1779 christiano
1046 1744 1207 1793 populo
1243 1744 1389 1782 furtim
1426 1746 1750 1793 subtraherent,

122 1824 206 1849 vna
236 1824 291 1849 ex
320 1810 373 1860 ijs
404 1823 515 1861 quae
551 1824 575 1849 a
605 1811 765 1849 nostris
796 1824 1038 1852 conuersae
1071 1820 1209 1862 erant,
1242 1816 1394 1854 mulier
1423 1817 1617 1865 adesset3
1641 1831 1751 1869 quae

121 1882 194 1920 vbi
225 1894 419 1921 errorem
450 1883 636 1920 hominis
667 1884 967 1934 cognouisset,
1003 1886 1163 1924 obnixe
1197 1899 1294 1925 eum
1317 1894 1495 1938 precata
1526 1894 1607 1936 est,
1640 1896 1686 1928 vt
1719 1890 1752 1928 si

121 1955 216 2005 quis
239 1954 278 1992 ei
299 1958 478 2005 propter
501 1953 855 1993 communionem
878 1959 1105 2006 scrupulus
1128 1959 1268 1996 animo
1292 1959 1513 2007 haereret,
1545 1973 1642 1998 eum
1678 1963 1751 1999 l'a-

120 2032 210 2064 tres
231 2026 467 2065 Societatis
484 2026 588 2075 jesu
610 2027 862 2077 neutiquam
887 2028 1066 2075 celaret,
1090 2029 1184 2067 fore
1210 2031 1322 2068 enim
1346 2038 1391 2068 vt
1415 2032 1530 2081 omnj
1553 2033 1751 2083 protinus

121 2096 396 2135 dubitatione
427 2097 702 2135 liberaretur.
737 2099 972 2149 Acquieuit
1002 2100 1089 2147 ille,
1124 2101 1243 2139 uenit
1266 2102 1319 2139 ad
1340 2114 1435 2143 nos,
1462 2104 1645 2142 contulit
1675 2118 1750 2143 no-

120 2167 301 2206 biscum.
328 2168 443 2218 Quid
471 2168 626 2206 multa?
656 2169 902 2207 Veritatem
923 2172 1119 2220 agnouit,
1153 2170 1229 2209 scd
1254 2178 1297 2210 et
1327 2179 1511 2223 peccata
1542 2187 1618 2212 sua
1649 2188 1749 2213 con-

117 2238 260 2277 fessus
282 2244 364 2286 est,
390 2244 434 2276 et
456 2239 574 2276 vitae
601 2238 801 2290 promisit
833 2241 1200 2281 emendationem.
1226 2243 1384 2282 Euenit
1415 2245 1553 2283 simile
1575 2246 1748 2296 quibus-

119 2310 216 2348 dam
246 2310 356 2359 alijs.
381 2309 642 2360 Complures
672 2311 742 2360 alij
772 2312 1037 2350 fluctuantes
1060 2317 1102 2351 et
1134 2314 1174 2351 in
1205 2314 1290 2353 fide
1312 2317 1496 2366 paruuli,
1529 2318 1600 2368 qui
1633 2319 1747 2356 omni

117 2382 243 2420 facile
265 2382 492 2420 doctrinae
515 2386 648 2420 uento
668 2383 1053 2423 circumferrentur
1074 2385 1101 2432 ²,
1126 2386 1266 2424 solida
1287 2387 1531 2426 catholicae
1554 2389 1655 2439 fidej
1680 2402 1747 2428 ac-

119 2459 331 2504 ceperunt
365 2453 662 2500 fundamenta,
703 2460 745 2492 et
781 2457 942 2505 gratias
964 2457 1059 2494 Deo
1093 2463 1136 2495 et
1157 2458 1283 2496 nobis
1305 2458 1548 2510 singulares
1569 2474 1647 2511 pro
1679 2475 1746 2499 ac-

118 2529 246 2574 cepto
279 2524 622 2563 confirmationis
643 2525 769 2563 huius
797 2527 1016 2565 beneficio
1041 2529 1319 2567 exoluerunt.
1357 2531 1457 2568 Non
1478 2533 1602 2581 pauci
1624 2546 1745 2583 prae-

117 2601 240 2634 terea
260 2595 330 2644 alij
359 2595 413 2633 ad
444 2596 680 2645 aperienda
712 2597 957 2636 confessori
987 2604 1171 2648 peccata
1202 2613 1278 2638 sua
1307 2603 1495 2650 permoti
1527 2611 1639 2645 sunt,
1673 2604 1742 2653 qui

114 2667 258 2705 multis
275 2672 394 2704 retro
411 2667 533 2705 annis
551 2667 753 2705 confiteri
771 2669 1086 2715 erubuerant&
1108 2677 1153 2708 et
1168 2684 1387 2722 nunquam
1407 2685 1459 2710 ea
1477 2685 1524 2710 se
1543 2675 1742 2711 confiteri

114 2739 229 2777 velle
251 2739 375 2788 plane
398 2738 481 2775 iam
503 2746 838 2788 proposuerant.
866 2741 981 2789 Quid
1004 2740 1144 2779 dicam
1166 2741 1220 2780 de
1243 2742 1310 2791 ijs,
1335 2744 1405 2792 qui
1428 2745 1610 2794 publicis
1646 2758 1742 2783 nos-

161 2852 180 2872 a
230 2852 422 2889 Emend.
447 2861 497 2888 ex
516 2851 779 2889 erubuerunt.

164 2951 171 2970 ¹
226 2950 423 2989 Albertus
444 2952 496 2999 V,
517 2952 721 2992 Bavariae
740 2955 834 2992 dux.

162 3009 175 3029 ²
225 3008 288 3048 Cf.
310 3010 480 3057 Emms„
501 3012 575 3059 IV,
599 3013 655 3050 14.
