1908 3446
249 213 318 249 810
727 213 944 247 Ll'rTERAE
973 211 1328 255 QUADRIMESTRES

205 315 382 353 deserta
412 317 552 363 vinea,
588 317 784 355 Christus
808 313 1018 352 Dominus
1048 326 1124 364 per
1153 315 1387 366 collegium
1417 329 1631 367 pragense
1662 317 1827 354 fructus

204 399 281 437 pro
305 400 382 425 sua
404 388 637 425 clementia
670 386 917 436 producere
940 385 1143 435 dignatus
1174 392 1256 433 est,
1289 385 1353 423 his
1383 387 1520 425 literis
1552 392 1594 425 et
1625 388 1709 425 hoc
1738 387 1827 438 qui-

204 458 303 497 dem
327 459 478 497 ordine
501 458 740 508 perscribo,
765 469 849 506 quo
873 456 1011 506 possit
1034 456 1130 494 R.Cla
1160 457 1205 494 P.
1230 458 1280 495 V.
1311 458 1493 507 primum
1524 458 1698 508 collegij
1730 471 1827 496 nos-

204 529 271 577 tri,
296 530 454 568 deinde
485 530 587 568 noui
620 529 923 566 conuictorum
955 540 1005 566 ac
1037 527 1333 565 studiosorum
1363 542 1601 579 pauperum
1634 530 1826 578 collegij,

202 607 293 639 tum
315 603 491 640 scholae
514 606 689 639 nostrae
713 606 887 646 statum,
913 612 963 638 ac
983 604 1207 649 postremo
1239 602 1459 647 nonnulla,
1484 614 1594 651 quae
1626 601 1679 638 ad
1710 601 1828 651 spiri-

205 675 365 710 tualem
388 672 574 723 proximi
592 676 789 721 spectant
810 671 1056 717 vtilitatem,
1076 671 1253 721 pietatis
1271 684 1405 722 opera
1422 684 1710 722 cognoscere.
1732 672 1828 711 Col-

204 743 365 795 legium
387 743 517 794 igitur
534 748 746 787 nostrum,
766 742 883 791 quod
901 742 954 779 ad
973 745 1203 779 externum
1221 743 1379 780 attinet
1400 742 1662 790 aedificium,
1681 743 1828 781 hacte-

203 828 282 854 nus
304 815 477 866 quidem
497 815 684 864 collegia
700 814 896 863 plurima,
917 819 1004 850 tam
1022 814 1106 851 loci
1123 814 1420 864 amplitudine,
1438 827 1564 864 quam
1583 814 1826 852 scholarum

205 891 248 923 et
269 887 496 924 hortorum
526 884 841 923 commoditate
874 883 1111 935 superauit,
1134 883 1235 934 quin
1265 885 1348 922 iam
1384 885 1590 935 singulari
1619 884 1829 922 industria

205 957 291 995 R.di
314 957 421 994 Pris.
447 970 469 994 a
491 957 683 994 Victoria
706 955 848 1005 (cuius
870 956 1000 994 etiam
1022 954 1217 994 absentis
1239 969 1436 1006 magnam
1459 969 1564 1006 erga
1591 969 1671 994 nos
1694 955 1828 994 chari-

204 1034 338 1066 tatem
369 1041 419 1066 ac
450 1027 772 1066 solicitudinem
794 1027 1049 1077 frequenter
1081 1026 1348 1077 experimur)
1378 1027 1491 1078 apud
1512 1028 1555 1066 S.
1582 1028 1629 1066 C.
1657 1028 1711 1065 M.
1739 1029 1745 1048 ¹
1771 1026 1829 1064 ef-

203 1099 382 1147 fectum,
406 1105 537 1149 atque
559 1099 629 1137 1110
650 1110 726 1148 per
749 1099 1075 1136 serenissimum
1106 1097 1385 1136 archiducem
1408 1100 1419 1115 ²
1441 1098 1720 1136 commissum
1744 1103 1825 1145 est,

204 1175 249 1208 ut
271 1172 311 1209 in
335 1184 457 1208 vsum
482 1170 668 1220 Collegij
693 1170 786 1208 fere
807 1181 886 1218 400
906 1170 1062 1208 thaleri
1085 1170 1367 1217 donarentur,
1392 1170 1547 1221 quibus
1577 1171 1659 1207 hac
1689 1174 1828 1207 aesta-

205 1249 249 1280 te
289 1247 428 1280 totum
470 1241 698 1279 instaurari
739 1240 1041 1279 dormitorium
1078 1246 1120 1278 et
1156 1254 1271 1279 noua
1306 1242 1579 1292 hypocausta
1615 1241 1829 1279 cubicula-

204 1325 287 1363 que
312 1313 504 1351 debeant
525 1312 763 1361 aedificarj.
788 1312 841 1349 Et
865 1325 962 1350 cum
992 1317 1171 1363 propter
1194 1313 1467 1362 oybinnense
1499 1313 1827 1360 monasterium,

204 1386 319 1424 unde
342 1385 507 1422 reditus
529 1385 658 1422 annui
685 1384 812 1422 nobis
835 1383 1005 1431 dantur,
1031 1397 1209 1435 magnas
1240 1397 1372 1435 saepe
1395 1384 1676 1423 difficultates
1699 1396 1829 1435 expe-

203 1457 376 1502 riamur,
410 1456 492 1493 iam
523 1456 566 1493 S.
594 1457 642 1495 C.
670 1457 723 1493 M.
757 1456 883 1506 plane
907 1455 1122 1503 decreuit,
1155 1469 1206 1494 ac
1237 1457 1284 1494 R.
1310 1457 1356 1494 P.
1383 1456 1643 1494 Prouinciali
1664 1457 1676 1476 ³
1697 1462 1828 1506 atque

205 1528 252 1566 R.
278 1528 455 1565 Rectori
474 1532 627 1565 nostro
650 1527 662 1546 ⁴
683 1533 889 1577 porrecta
909 1540 1037 1565 manu
1059 1527 1256 1577 promisit
1277 1526 1533 1577 propediem
1549 1527 1660 1575 fore,
1684 1533 1730 1565 ut
1751 1540 1828 1578 pro

205 1599 433 1648 oybinensi
463 1598 732 1636 monasterio
757 1597 1080 1636 commodiores
1103 1597 1293 1649 collegio
1326 1598 1492 1636 reditus
1512 1598 1827 1637 adscribantur.

203 1669 270 1707 Ad
291 1669 538 1720 augendum
569 1671 745 1720 insuper
776 1669 925 1720 templi
955 1670 1094 1708 nostri
1125 1670 1288 1708 cultum
1318 1670 1414 1720 piae
1436 1670 1651 1721 quaedam
1680 1683 1828 1721 perso-

202 1754 283 1779 nae
305 1753 614 1791 nonnunquam
635 1740 880 1792 pecuniam,
905 1740 983 1779 sed
1004 1739 1276 1791 frequentius
1293 1740 1486 1788 donaria,
1510 1741 1709 1779 nimirum
1732 1742 1829 1779 sub-

200 1812 300 1849 tiles
323 1816 365 1849 et
390 1812 635 1850 elaboratas
657 1825 847 1862 mappas,
873 1812 1014 1850 serica
1034 1813 1161 1863 pepla
1183 1816 1228 1849 et
1259 1812 1464 1863 egregias
1486 1812 1690 1851 candelas
1722 1812 1828 1850 offe-

203 1887 314 1921 runt.

256 1964 292 1992 2.
352 1954 439 1993 Sed
461 1955 678 1992 internum
700 1959 952 1992 nostrorum
975 1955 1149 1992 Patrum
1180 1967 1231 1993 ac
1251 1954 1434 1992 fratrum
1458 1954 1707 2006 collegium,
1732 1959 1779 1992 ut
1805 1966 1829 1992 a

204 2027 250 2064 R.
277 2028 322 2064 Ρ.
348 2027 398 2064 V.
422 2026 555 2077 pluris
576 2025 709 2064 dubio
732 2027 883 2077 procul
916 2026 1188 2073 aestimatur,
1211 2026 1272 2064 ita
1292 2039 1468 2077 quoque
1489 2026 1690 2065 foelicius
1711 2026 1753 2064 in
1783 2026 1828 2063 li-

202 2103 407 2145 terarum,
440 2098 665 2145 virtutum,
699 2097 777 2136 sed
809 2097 1090 2136 obedientiae
1119 2098 1378 2149 praesertim
1410 2098 1565 2147 studijs
1598 2098 1827 2148 plurimum

202 2169 242 2206 in
265 2168 358 2207 dies
379 2169 586 2220 progredi
608 2169 797 2208 uidetur.
823 2170 947 2217 Nam,
973 2176 1020 2207 ut
1042 2169 1184 2208 obiter
1207 2169 1417 2221 attingam
1435 2169 1592 2217 studia,
1617 2182 1714 2208 curn
1730 2171 1828 2210 hac-

201 2244 329 2278 tenus
363 2240 569 2279 idoneum
606 2240 757 2278 classis
788 2241 1038 2279 rhetoricae
1068 2245 1421 2291 praeceptorem,
1450 2252 1595 2290 neque
1626 2241 1726 2279 hinc
1754 2254 1828 2280 ne-

201 2324 285 2362 que
321 2311 494 2350 aliunde
524 2311 795 2363 potuerimus
828 2313 1045 2359 obtinere,
1079 2318 1126 2350 ut
1155 2313 1268 2350 hanc
1300 2313 1355 2350 ob
1385 2324 1479 2350 rem
1502 2324 1579 2350 eos
1600 2320 1633 2360 a,
1657 2313 1729 2363 qui
1758 2313 1829 2352 hic

202 2389 315 2432 sunt,
349 2384 585 2435 theologos
623 2385 867 2434 oportuerit
901 2384 944 2422 in
981 2396 1033 2422 ea
1068 2385 1207 2423 classe
1241 2384 1374 2435 longo
1410 2389 1610 2435 tempore
1645 2386 1826 2433 uersari;

201 2455 379 2494 tandem
408 2456 490 2493 hac
511 2460 697 2503 aestate,
730 2456 851 2494 iuxta
882 2457 928 2494 R.
955 2457 1002 2494 P.
1029 2455 1314 2494 Prouincialis
1334 2456 1666 2508 praescriptum,
1690 2457 1828 2496 nostri

204 2526 377 2577 quidam
399 2527 557 2565 fratres
577 2527 619 2564 in
644 2527 847 2576 oratorijs
877 2540 927 2566 ac
956 2527 1127 2578 graecis
1157 2527 1421 2566 lectionibus
1453 2534 1497 2566 et
1527 2527 1827 2579 disputationi-

247 2688 267 2707 a
317 2700 384 2724 eos
404 2700 472 2724 eos
492 2698 572 2724 ms.

248 2833 256 2852 ¹
309 2830 594 2868 Ferdinandus
613 2830 642 2874 Ι,
664 2830 899 2877 imperator.

247 2893 260 2912 ²
309 2890 605 2935 Ferdinandus,
627 2891 882 2937 imperatoris
902 2891 1019 2928 filius.

245 2952 259 2972 ³
311 2951 355 2989 P.
377 2950 522 2988 Petrus
542 2949 744 2987 Canisius.

247 3011 261 3031 ⁴
311 3011 357 3048 P.
378 3009 531 3048 Paulus
549 3008 761 3047 Hoflaeus.
