1908 3446
573 185 860 223 383.er12NUA
884 185 931 222 30
957 183 1066 231 MAJ1
1096 184 1184 221 1560
1574 181 1642 218 667

120 299 157 336 4.
222 289 282 325 Ex
306 288 370 325 his
393 288 678 325 concionibus
710 288 989 338 coeterisque
1020 292 1268 324 nostrorum
1301 285 1690 323 exercitationibus

68 359 189 396 multi
212 359 437 408 utriusque
460 372 592 396 sexus
616 359 746 396 uitam
768 359 808 396 in
838 358 991 396 melius
1014 362 1349 402 commutarunt,
1374 369 1483 406 quos
1506 356 1689 405 singula-

68 429 142 466 tim
179 441 412 467 recensere
453 430 629 478 longum
667 429 796 466 foret.
836 429 985 467 Dicam
1018 432 1164 465 tamen
1200 427 1254 464 de
1291 426 1461 464 duobus
1497 426 1689 463 tribusne

67 505 307 549 prouectae
339 500 496 537 aetatis
527 500 642 545 uiris,
677 513 858 549 quorum
891 500 999 536 alter
1030 499 1179 536 lethali
1214 498 1364 535 nescio
1396 509 1480 547 quo
1514 496 1690 534 crimine

66 575 252 621 patrato,
279 571 340 609 sic
361 571 619 620 perterritus
641 571 735 617 fuit,
761 576 805 608 ut
826 584 903 621 per
938 571 1156 621 integrum
1179 583 1335 608 annum
1360 574 1403 606 et
1435 581 1487 606 eo
1511 568 1692 618 amplius

68 654 187 679 suam
211 641 523 679 conscientiam
547 642 652 679 nulli
675 642 894 679 sacerdoti
916 641 1103 678 uoluerit
1126 640 1310 691 aperire,
1336 652 1433 677 cum
1454 639 1559 676 alias
1576 645 1593 663 a
1612 638 1692 675 sin-

68 712 179 762 gulis
201 712 443 762 quibusque
467 712 622 750 diebus
646 712 874 751 dominicis
898 724 992 749 earn
1014 712 1229 762 detegere
1251 712 1481 749 assoleret.
1506 711 1563 747 At
1586 722 1691 747 uero

66 798 181 824 nunc
202 785 338 822 uerbo
375 784 546 823 Domini
568 784 814 822 demulctus
837 783 1192 822 constantissimo
1215 784 1358 821 animo
1393 783 1555 822 nostris
1578 782 1693 832 cepit

68 856 282 893 confiteri.
308 856 431 893 Alter
466 856 507 893 in
537 855 688 893 maiori
711 855 967 893 uersabatur
1002 855 1171 893 animae
1193 854 1457 902 discrimine3
1481 852 1693 904 siquidem

68 927 251 976 quadam
291 927 444 965 iniuria
482 928 714 964 lacess1tus
754 926 1173 977 quartumdecimum
1215 927 1365 978 exegit
1405 939 1561 965 annum
1603 925 1693 962 sine

69 998 364 1045 confessione,
398 998 571 1037 solicite
604 1011 682 1035 suo
714 998 888 1036 inimico
921 997 1095 1035 insidias
1127 999 1326 1045 moliens,
1359 999 1515 1049 quibus
1537 997 1694 1035 misere

68 1069 185 1107 illum
220 1069 444 1119 perderet,
478 1081 591 1106 nunc
622 1074 768 1107 autem
800 1068 869 1106 hic
904 1068 1098 1106 misellus
1132 1069 1263 1107 homo
1297 1070 1339 1107 ui
1370 1069 1493 1108 uerbi
1524 1066 1696 1107 Domini

69 1146 192 1179 actus
215 1139 268 1178 ad
289 1142 497 1189 nost[ros]
523 1141 541 1164 b
567 1140 872 1178 ardentissimo
901 1140 1044 1177 animo
1068 1141 1337 1188 conuolauit,
1361 1141 1590 1179 confessus
1613 1144 1694 1185 est,

69 1218 416 1263 perseueratque
457 1212 657 1250 omnibus
696 1211 820 1249 festis
860 1213 902 1250 in
946 1211 1163 1250 fractione
1209 1213 1330 1262 panis
1371 1212 1518 1250 diuini.
1567 1210 1697 1249 Venit

70 1283 229 1332 etilam]
262 1283 314 1322 ad
344 1297 424 1321 nos
455 1283 578 1329 alius,
612 1283 682 1333 qui
715 1283 1039 1321 confessionem
1073 1296 1199 1334 quam
1231 1285 1484 1336 generalem
1513 1283 1696 1321 dicimus

69 1354 182 1405 apud
212 1360 389 1393 nostros
410 1354 558 1392 facere
581 1355 800 1404 cupiebat,
833 1354 992 1404 quique
1028 1367 1106 1404 per
1137 1355 1297 1393 multos
1327 1368 1463 1393 annos
1499 1355 1697 1393 sacratis-

70 1426 223 1464 simum
245 1426 342 1476 Xpi.
369 1438 527 1476 corpus
548 1426 590 1463 in
611 1430 797 1475 peccato
820 1425 993 1463 mortali
1015 1432 1274 1475 sumpserat,
1296 1427 1376 1465 fuit
1399 1432 1443 1465 et
1464 1427 1535 1464 hic
1556 1426 1697 1465 factus

70 1499 160 1537 uoti
184 1511 381 1548 compos.
407 1499 655 1536 Occurrunt
676 1496 925 1535 huiusmodi
954 1497 1155 1536 homines
1177 1499 1218 1536 in
1250 1497 1343 1537 dies
1364 1498 1568 1549 permulti
1588 1512 1698 1549 quos

71 1570 371 1620 operariorum
391 1570 572 1620 penuria
595 1569 791 1620 cogimur
808 1568 862 1606 ad
884 1568 992 1606 alios
1014 1569 1247 1620 religiosos
1270 1570 1462 1617 mittere,
1488 1576 1531 1608 et
1552 1576 1697 1609 tamen

70 1642 200 1690 s[unt]
235 1640 445 1687 nonnulli,
469 1641 540 1690 qui
561 1641 715 1678 nolunt
748 1641 922 1679 omnino
945 1642 1041 1691 alijs
1063 1655 1189 1692 quam
1221 1642 1382 1679 nostris
1414 1654 1490 1679 sua
1521 1641 1700 1680 crimina

70 1713 302 1763 detegere3
333 1712 488 1763 quibus
523 1711 802 1750 nihilominus
836 1712 982 1751 facere
1017 1713 1122 1751 satis
1156 1712 1253 1764 (u[t]
1290 1713 1419 1763 paulo
1456 1719 1555 1751 ante
1592 1713 1698 1764 dixi)

69 1784 186 1822 nullo
210 1783 341 1822 modo
363 1796 609 1834 possumus.

125 1864 160 1903 5.
222 1855 430 1893 Excreuit
453 1855 567 1892 enirn
596 1855 827 1905 plurimum
859 1856 1163 1894 confitentium
1193 1868 1414 1894 numerus.
1448 1856 1627 1906 Insuper
1657 1862 1700 1893 et

69 1927 226 1965 fratres
252 1926 418 1975 [no]stri
443 1926 544 1964 dum
567 1938 769 1964 carceres
790 1925 1083 1977 frequentant,
1117 1940 1168 1965 ac
1199 1927 1478 1966 xenodochia
1505 1927 1697 1973 uisitant,

69 2011 154 2036 non
179 1997 462 2036 mediocriter
483 1997 700 2035 interdum
723 1998 980 2036 sacerdotes
1001 2011 1167 2050 paucos
1196 1999 1277 2037 hos
1299 1997 1439 2050 qu[os]
1470 1999 1698 2046 habemus,

73 2074 304 2119 occupant3
342 2073 531 2106 euocant
565 2081 752 2119 namque
787 2069 885 2107 illos
921 2081 974 2107 eo
1012 2069 1316 2108 confessiones
1351 2069 1560 2108 auditum.
1595 2070 1701 2107 Post

71 2140 290 2191 paschatis
321 2139 534 2178 solemnia
563 2140 674 2177 alter
704 2145 955 2178 nostrorum
990 2141 1199 2190 [Pa1trum
1231 2146 1444 2178 euocatus
1475 2153 1499 2178 a
1528 2140 1700 2191 quibus-

73 2211 169 2250 dam
190 2210 405 2262 primarijs
427 2211 553 2248 huius
575 2211 693 2248 urbis
715 2223 917 2249 carceres
946 2212 1075 2261 petijt
1096 2211 1321 2262 auditurus
1343 2212 1589 2250 uinctorum
1613 2224 1700 2250 om-

72 2283 187 2322 niurn
221 2283 540 2329 confessiones,
574 2282 615 2319 in
650 2295 735 2332 quo
767 2295 844 2333 per
880 2283 1045 2333 aliquot
1076 2283 1169 2321 dies
1200 2282 1433 2321 insudauit.
1466 2284 1563 2334 Age
1594 2295 1701 2321 uero

72 2354 226 2400 nostri,
264 2359 310 2391 ut
344 2352 404 2390 ita
439 2352 594 2399 dicam,
632 2352 799 2399 deuoti,
841 2353 914 2404 qui
949 2353 1062 2404 apud
1101 2367 1181 2392 nos
1216 2359 1251 2391 t(
1266 2353 1321 2392 tis
1356 2353 1541 2403 dieb[us]
1578 2354 1702 2392 festis

75 2431 224 2477 agunt,
248 2425 471 2476 plusculos
492 2424 683 2475 psalmos
706 2430 749 2462 et
773 2424 962 2463 officium
984 2425 1142 2464 beatae
1174 2425 1333 2464 Mariae
1365 2425 1651 2464 decantantes
1675 2430 1699 2469 ¹,

77 2504 234 2537 octauo
258 2510 433 2548 quoque
455 2495 526 2534 die
549 2509 648 2534 suas
671 2495 965 2535 conscientias
996 2495 1299 2535 sacramentali
1328 2497 1602 2548 poenitentia
1630 2509 1701 2534 ex-

75 2574 277 2620 purgant,
301 2574 347 2606 et
368 2567 531 2606 animas
553 2567 700 2605 diuino
725 2567 920 2618 corporis
939 2567 1035 2618 Xpi.
1059 2568 1218 2619 pabulo
1249 2567 1465 2606 reficiunt.
1491 2568 1600 2606 Tum
1626 2580 1703 2618 per

75 2641 240 2691 aliquot
273 2639 400 2678 huius
434 2639 551 2677 urbis
591 2639 754 2689 templa
792 2638 1102 2690 disperguntur
1137 2639 1380 2678 doctrinam
1425 2639 1702 2677 christianam

121 2788 141 2808 a
179 2787 364 2826 Emend.
385 2798 436 2825 ex
453 2787 543 2837 alijs
561 2787 622 2832 (?).
675 2808 701 2812 —
722 2788 741 2813 b
765 2788 1031 2833 Consumpta
1048 2788 1201 2825 charta
1219 2788 1290 2825 hic
1309 2791 1349 2825 et
1365 2787 1485 2834 infra
1505 2789 1550 2824 in
1571 2790 1703 2824 extre-

76 2850 161 2885 mis
178 2848 387 2885 versibus.

126 2991 135 3012 ¹
188 2989 296 3028 Vide
315 2990 418 3028 Litt.
439 2990 691 3038 Quadrim.,
714 2989 768 3034 V,
790 2989 870 3033 127,
889 2988 959 3027 290
973 2988 1060 3036 -91,
1079 2989 1162 3037 499,
1181 2989 1263 3028 628.
