1908 3446
184 239 252 275 714
660 238 879 273 LlTTERAE
907 236 1264 281 QUADRIMESTRES

219 343 307 379 tur.
344 340 543 379 Plurimz?
572 341 799 390 suspectos
829 339 972 378 libros
989 338 1126 378 sociis
1147 339 1478 378 examinandos
1500 341 1757 378 tradunt.—

217 407 257 444 4.
279 405 576 445 Ezcclzarlstia
593 405 922 456 frequentatur
943 417 1035 443 non
1050 404 1146 443 sine
1158 404 1367 455 plurium
1385 404 1758 444 contradictione.

219 471 408 523 Aegroti
440 469 799 510 visitantur—5.
839 469 1185 519 Discipulormn
1206 483 1440 516 numerus;
1458 469 1694 521 profectus
1715 468 1762 507 in

217 537 384 576 litteris
414 539 452 576 et
484 537 611 575 bonis
641 535 962 574 moribusss6.
988 534 1232 574 Sociorum
1253 534 1531 574 existimatio
1554 537 1674 585 apud
1694 549 1761 574 ex-

217 606 383 648 terno&
402 602 803 653 eorszmzfazttores.
826 601 1054 652 Principis
1084 604 1170 652 pro
1202 600 1430 640 catholica
1444 601 1534 653 fide
1557 603 1760 640 conatus.

195 741 226 767 1.
287 732 313 778 ἦ·
340 729 428 779 Jlis.
465 730 552 766 Pax
583 728 744 776 Christj
781 728 1024 773 nobiscum,
1063 731 1148 765 etc.
1184 727 1278 764 Rue
1301 728 1394 765 Pat.
1429 727 1677 777 Scripturus
1709 741 1763 765 ex

138 813 259 838 more
291 799 527 837 Societatis
557 798 899 849 quadrimestres
930 798 1093 844 literas,
1126 811 1150 835 a
1177 798 1432 836 domesticis
1453 799 1617 836 nouelli
1638 798 1764 836 huius

138 871 459 909 monachiensis
481 870 656 921 collegij
682 869 908 918 exercitijs
931 869 1188 907 sumendum
1211 869 1314 907 mihi
1341 870 1600 908 narrationis
1617 870 1765 920 putaui

137 944 319 981 initium.
358 943 410 980 Et
446 941 621 992 quidem
657 940 773 992 quod
808 941 862 978 ad
897 941 1015 991 ipsos
1051 941 1208 978 attinet
1245 941 1485 991 operarios,
1524 953 1764 992 eorumque

138 1013 414 1053 conditiones
451 1019 495 1052 et
533 1026 776 1055 numerum,
815 1013 970 1051 decem
1007 1013 1216 1051 duntaxat
1251 1014 1309 1050 illi
1348 1026 1530 1051 numero
1568 1019 1681 1059 sunt,
1723 1013 1764 1051 in

136 1099 280 1124 messe
303 1086 462 1137 alioqui
486 1090 529 1123 et
552 1085 851 1135 copiosissima
885 1090 928 1122 et
959 1084 1059 1122 falci
1090 1085 1375 1135 euangelicae
1397 1085 1439 1122 in
1470 1085 1616 1135 primis
1640 1097 1764 1135 opor-

136 1164 252 1196 tuna.
280 1158 481 1208 Quinque
506 1170 559 1194 ex
583 1157 646 1195 eis
664 1162 761 1194 sunt
784 1156 1055 1203 sacerdoteS,
1080 1169 1263 1206 quorum
1280 1170 1391 1194 vnus
1408 1155 1555 1194 domui
1572 1162 1762 1207 praeest,

136 1231 245 1268 alter
269 1231 627 1268 concionatorem
659 1229 763 1280 agit,
796 1229 950 1278 reliqui
982 1241 1150 1275 omnes,
1184 1229 1277 1266 solo
1312 1241 1453 1279 coquo
1487 1235 1691 1280 excepto,
1724 1230 1765 1268 in

136 1302 347 1340 classibus
371 1306 654 1352 occupantur.
680 1302 789 1340 Sunt
810 1300 922 1339 inter
944 1301 1040 1338 illos
1063 1313 1250 1350 corpore
1285 1301 1481 1338 nonnulli
1512 1300 1763 1348 debiliores,

136 1387 245 1424 quos
267 1380 412 1412 tamen
436 1373 581 1411 diuina
602 1371 775 1410 bonitas
796 1372 837 1409 in
868 1372 949 1410 hac
972 1377 1091 1409 tanta
1121 1372 1420 1422 operariorum
1441 1373 1677 1422 paucitate,
1702 1378 1767 1410 vt-

137 1458 321 1495 cumque
354 1445 613 1483 confirmare
645 1442 861 1494 dignatur,
896 1448 941 1480 vt
963 1448 1131 1493 partem
1154 1443 1307 1481 saltem
1331 1443 1514 1493 aliquam
1540 1444 1684 1482 oneris
1705 1444 1766 1481 fe·

136 1515 273 1555 rendo
295 1516 519 1567 improbos
541 1516 723 1554 aliorum
747 1515 942 1554 solentur
964 1515 1154 1553 labores.
1180 1514 1352 1562 Animo,
1378 1515 1457 1564 Dej
1478 1516 1632 1565 gratia,
1651 1516 1765 1554 bene

137 1589 283 1626 ualent
316 1600 485 1634 omnes3
519 1594 563 1626 et
593 1592 738 1625 tantus
771 1592 836 1625 est
870 1600 1021 1625 eorum
1052 1587 1093 1624 in
1124 1587 1206 1625 hac
1237 1592 1387 1626 sancta
1422 1588 1657 1626 vocatione
1691 1601 1767 1625 sua

137 1661 339 1710 omnique
377 1660 539 1697 virtute
573 1671 849 1710 progressus,
888 1664 934 1696 vt
966 1658 1149 1696 effusam
1184 1659 1295 1697 hanc
1328 1659 1407 1707 Dej
1441 1660 1542 1709 Opt.
1579 1660 1690 1696 Max.
1725 1658 1765 1696 in

135 1737 311 1769 nostros
333 1731 649 1781 benignitatem
673 1730 776 1768 satis
798 1728 1113 1778 depraedicare
1134 1742 1222 1767 non
1252 1729 1429 1779 possim,
1456 1729 1576 1767 cuius
1599 1730 1766 1767 scilicet

138 1815 220 1852 ope
245 1810 288 1840 et
309 1801 527 1840 beneficio
550 1801 611 1847 fit,
645 1807 692 1838 vt
713 1799 848 1851 (quod
871 1812 1012 1838 rarum
1034 1800 1196 1850 alioqui
1218 1805 1286 1838 est
1308 1804 1352 1837 et
1372 1799 1651 1850 perdifficile)
1673 1801 1766 1837 lite-

136 1874 275 1922 rarijs,
298 1872 439 1923 ijsque
461 1872 646 1910 assiduis
670 1877 712 1909 et
745 1871 1034 1909 seuerissimis
1067 1871 1431 1921 occupationibus
1460 1871 1604 1909 norint
1636 1872 1766 1909 etiam

136 1945 273 1983 nostri
296 1957 362 1985 ea,
386 1956 498 1994 quae
521 1942 696 1993 spiritus
719 1948 833 1989 sunt,
858 1953 983 1992 quam
1016 1941 1274 1979 suauissime
1296 1942 1584 1992 coniungere,
1618 1954 1672 1979 ne
1697 1943 1766 1979 uel

136 2016 356 2054 subtilium
385 2021 429 2053 et
458 2015 784 2065 prophanorum
806 2011 997 2051 lectione
1029 2013 1252 2059 librorum,
1286 2013 1571 2062 spiritualium
1592 2013 1635 2050 in
1664 2012 1767 2062 ipsis

135 2101 279 2126 rerum
311 2088 555 2136 intepescat
587 2084 792 2132 studium,
826 2085 896 2122 vel
933 2083 1170 2134 degustato
1203 2084 1370 2135 spiritu,
1404 2083 1456 2121 ad
1480 2083 1768 2122 examinanda

133 2158 439 2210 aegyptiorum
462 2170 547 2195 non
571 2156 746 2194 omnino
770 2155 1095 2194 contemnenda
1113 2154 1250 2206 spolia
1266 2155 1495 2206 segniores
1510 2154 1764 2194 reddantur.

136 2230 269 2281 Viget
289 2230 329 2267 in
354 2229 416 2267 eis
439 2227 692 2267 obedientia
713 2227 913 2273 maxima,
940 2232 983 2264 et
1005 2232 1155 2264 mutua
1177 2227 1379 2273 charitas,
1402 2227 1445 2264 in
1465 2225 1621 2277 quibus
1643 2239 1696 2264 eo
1720 2239 1766 2264 se

135 2299 388 2352 diligentius
411 2304 639 2347 exercent,
664 2312 750 2351 quo
772 2311 852 2337 suo
873 2298 1074 2336 instituto
1098 2310 1150 2335 ea
1170 2303 1389 2336 nonerunt
1411 2296 1548 2348 magis
1577 2298 1764 2348 propria,

137 2376 268 2423 atque
291 2371 404 2409 adeo
427 2371 693 2409 necessaria.
718 2371 900 2409 Multum
922 2382 1028 2408 uero
1051 2369 1281 2407 renouatio
1303 2369 1376 2407 illa
1396 2374 1616 2417 votorum,
1641 2382 1766 2421 quam

134 2444 284 2495 preuia
313 2442 509 2494 generali
540 2442 819 2481 confessione
841 2442 935 2493 ipso
957 2442 1146 2492 paschae
1168 2442 1289 2479 iuxta
1310 2440 1650 2481 constitutiones
1675 2443 1681 2461 ¹
1705 2442 1766 2481 fe-

135 2520 290 2553 cerunt
313 2527 479 2561 omnes,
503 2514 545 2552 in
577 2514 728 2564 spiritu
749 2513 995 2564 plaerisque
1019 2513 1218 2551 contulit.
1244 2514 1305 2551 Ea
1325 2526 1456 2563 porro
1481 2518 1547 2550 est
1576 2514 1766 2552 omnium

136 2588 223 2625 suis
243 2587 286 2625 in
319 2586 475 2635 officijs
498 2585 737 2636 diligentia,
768 2591 815 2622 vt
844 2598 932 2622 non
962 2585 1089 2635 pauci
1123 2585 1332 2623 mirentur
1363 2590 1527 2623 tantam
1556 2585 1599 2623 in
1630 2585 1766 2623 conti-

135 2659 230 2696 nuis
252 2657 473 2696 laboribus
496 2662 539 2694 et
564 2656 780 2704 molestijs
801 2661 1052 2694 nostrorum
1073 2655 1334 2706 pacientiam
1358 2661 1402 2693 et
1423 2656 1710 2694 alacritatem.

190 2739 227 2766 2.
288 2727 575 2765 Reuerendus
607 2728 736 2764 Pater
769 2726 976 2764 Martinus
1007 2725 1018 2744 ²
1041 2727 1366 2765 concionatoris
1396 2739 1577 2765 munere
1608 2733 1698 2765 tum
1724 2727 1766 2764 in

136 2800 299 2850 templo
322 2804 475 2836 nostro
500 2797 729 2836 dominicis
753 2804 797 2835 et
818 2798 942 2836 festis
965 2797 1135 2843 diebus,
1160 2803 1250 2835 tum
1271 2798 1313 2836 in
1347 2797 1625 2836 illustrissimi
1654 2798 1766 2848 prin-

185 2985 192 3004 ¹
249 2983 420 3021 Constz‘t.
443 2982 534 3020 Soc.
550 2981 678 3028 Jesu,
700 2987 802 3029 part.
824 2981 899 3028 IV,
920 2994 955 3019 c.
976 2981 1050 3026 IV,
1071 2994 1110 3019 n.
1131 2982 1166 3018 5.

185 3044 197 3063 ²
248 3042 292 3079 Ρ.
316 3041 520 3079 Martinus
541 3040 851 3080 Stevordianus.
