<?xml version="1.0" encoding="UTF-8"?>
<!DOCTYPE html PUBLIC "-//W3C//DTD XHTML 1.0 Transitional//EN"
    "http://www.w3.org/TR/xhtml1/DTD/xhtml1-transitional.dtd">
<html xmlns="http://www.w3.org/1999/xhtml" xml:lang="en" lang="en">
 <head>
  <title>
</title>
<meta http-equiv="Content-Type" content="text/html;charset=utf-8" />
  <meta name='ocr-system' content='tesseract 3.04.00' />
  <meta name='ocr-capabilities' content='ocr_page ocr_carea ocr_par ocr_line ocrx_word'/>
</head>
<body>
  <div class='ocr_page' id='page_1' title='image "./litteraequadrime1806lain_0799.png"; bbox 0 0 1908 3446; ppageno 0'>
   <div class='ocr_carea' id='block_1_1' title="bbox 503 198 1704 238">
    <p class='ocr_par' dir='ltr' id='par_1_1' title="bbox 503 198 1704 238">
     <span class='ocr_line' id='line_1_1' title="bbox 503 198 1704 238; baseline -0.002 -1"><span class='ocrx_word' id='word_1_1' title='bbox 503 201 920 238; x_wconf 72' lang='lat' dir='ltr'>410.—IN&lt;;0Lser10</span> <span class='ocrx_word' id='word_1_2' title='bbox 950 200 964 237; x_wconf 98' lang='grc'>1</span> <span class='ocrx_word' id='word_1_3' title='bbox 994 199 1258 237; x_wconf 70' lang='lat' dir='ltr'>SEPTEMBRIS</span> <span class='ocrx_word' id='word_1_4' title='bbox 1287 198 1376 236; x_wconf 83' lang='lat'>1560</span> <span class='ocrx_word' id='word_1_5' title='bbox 1635 198 1704 235; x_wconf 81' lang='lat'>779</span> 
     </span>
    </p>
   </div>
   <div class='ocr_carea' id='block_1_2' title="bbox 125 301 1757 2357">
    <p class='ocr_par' dir='ltr' id='par_1_2' title="bbox 125 301 1757 2357">
     <span class='ocr_line' id='line_1_2' title="bbox 127 301 1750 354; baseline -0.002 -14"><span class='ocrx_word' id='word_1_6' title='bbox 127 315 238 353; x_wconf 90' lang='lat' dir='ltr'>quae</span> <span class='ocrx_word' id='word_1_7' title='bbox 262 315 314 340; x_wconf 86' lang='lat' dir='ltr'>ex</span> <span class='ocrx_word' id='word_1_8' title='bbox 338 302 418 340; x_wconf 91' lang='lat' dir='ltr'>illis</span> <span class='ocrx_word' id='word_1_9' title='bbox 441 302 638 349; x_wconf 88' lang='lat' dir='ltr'>resultat,</span> <span class='ocrx_word' id='word_1_10' title='bbox 675 316 813 353; x_wconf 89' lang='lat' dir='ltr'>pauca</span> <span class='ocrx_word' id='word_1_11' title='bbox 834 303 1060 354; x_wconf 87' lang='lat' dir='ltr'>attingam.</span> <span class='ocrx_word' id='word_1_12' title='bbox 1085 304 1251 341; x_wconf 91' lang='lat' dir='ltr'>Horum</span> <span class='ocrx_word' id='word_1_13' title='bbox 1286 301 1460 352; x_wconf 89' lang='lat' dir='ltr'>quidem</span> <span class='ocrx_word' id='word_1_14' title='bbox 1496 302 1657 352; x_wconf 77' lang='lat' dir='ltr'>primus</span> <span class='ocrx_word' id='word_1_15' title='bbox 1687 315 1750 338; x_wconf 64' lang='lat' dir='ltr'>so-</span> 
     </span>
     <span class='ocr_line' id='line_1_3' title="bbox 128 373 1749 425; baseline -0.001 -14"><span class='ocrx_word' id='word_1_16' title='bbox 128 373 310 411; x_wconf 88' lang='lat' dir='ltr'>cundam</span> <span class='ocrx_word' id='word_1_17' title='bbox 346 373 398 411; x_wconf 88' lang='lat' dir='ltr'>ad</span> <span class='ocrx_word' id='word_1_18' title='bbox 422 374 674 412; x_wconf 67' lang='lat' dir='ltr'>Corinthios</span> <span class='ocrx_word' id='word_1_19' title='bbox 711 374 940 424; x_wconf 86' lang='lat' dir='ltr'>epistolam</span> <span class='ocrx_word' id='word_1_20' title='bbox 976 386 1112 425; x_wconf 84' lang='lat' dir='ltr'>nuper</span> <span class='ocrx_word' id='word_1_21' title='bbox 1147 374 1396 424; x_wconf 74' lang='lat' dir='ltr'>auspicatus</span> <span class='ocrx_word' id='word_1_22' title='bbox 1428 378 1512 415; x_wconf 81' lang='lat' dir='ltr'>est;</span> <span class='ocrx_word' id='word_1_23' title='bbox 1545 373 1653 409; x_wconf 81' lang='lat' dir='ltr'>alter</span> <span class='ocrx_word' id='word_1_24' title='bbox 1674 380 1749 420; x_wconf 47' lang='lat'>42¹¹</span> 
     </span>
     <span class='ocr_line' id='line_1_4' title="bbox 127 444 1750 494; baseline -0.001 -11"><span class='ocrx_word' id='word_1_25' title='bbox 127 446 451 483; x_wconf 79' lang='lat' dir='ltr'>Sententiarum</span> <span class='ocrx_word' id='word_1_26' title='bbox 473 444 629 483; x_wconf 91' lang='lat' dir='ltr'>librum</span> <span class='ocrx_word' id='word_1_27' title='bbox 654 451 843 486; x_wconf 74' lang='lat' dir='ltr'>enarrat:</span> <span class='ocrx_word' id='word_1_28' title='bbox 868 446 1023 483; x_wconf 87' lang='lat' dir='ltr'>tertius</span> <span class='ocrx_word' id='word_1_29' title='bbox 1047 458 1152 483; x_wconf 87' lang='lat' dir='ltr'>uero</span> <span class='ocrx_word' id='word_1_30' title='bbox 1176 445 1379 483; x_wconf 90' lang='lat' dir='ltr'>materias</span> <span class='ocrx_word' id='word_1_31' title='bbox 1402 445 1521 482; x_wconf 87' lang='lat' dir='ltr'>hisce</span> <span class='ocrx_word' id='word_1_32' title='bbox 1545 445 1750 494; x_wconf 84' lang='lat' dir='ltr'>tempori-</span> 
     </span>
     <span class='ocr_line' id='line_1_5' title="bbox 127 515 1751 566; baseline -0.001 -12"><span class='ocrx_word' id='word_1_33' title='bbox 127 518 207 554; x_wconf 88' lang='lat' dir='ltr'>bus</span> <span class='ocrx_word' id='word_1_34' title='bbox 229 520 538 554; x_wconf 80' lang='lat' dir='ltr'>controuersas</span> <span class='ocrx_word' id='word_1_35' title='bbox 561 515 757 566; x_wconf 77' lang='lat' dir='ltr'>quotidie</span> <span class='ocrx_word' id='word_1_36' title='bbox 782 521 941 555; x_wconf 89' lang='lat' dir='ltr'>tractat</span> <span class='ocrx_word' id='word_1_37' title='bbox 965 520 990 555; x_wconf 86' lang='lat'>¹.</span> <span class='ocrx_word' id='word_1_38' title='bbox 1019 516 1257 554; x_wconf 80' lang='lat' dir='ltr'>Auditores</span> <span class='ocrx_word' id='word_1_39' title='bbox 1278 516 1338 553; x_wconf 92' lang='lat' dir='ltr'>illi</span> <span class='ocrx_word' id='word_1_40' title='bbox 1359 516 1522 553; x_wconf 88' lang='lat' dir='ltr'>habent</span> <span class='ocrx_word' id='word_1_41' title='bbox 1545 521 1587 552; x_wconf 86' lang='lat' dir='ltr'>et</span> <span class='ocrx_word' id='word_1_42' title='bbox 1611 527 1751 553; x_wconf 88' lang='lat' dir='ltr'>sacer-</span> 
     </span>
     <span class='ocr_line' id='line_1_6' title="bbox 127 587 1752 639; baseline -0.002 -13"><span class='ocrx_word' id='word_1_43' title='bbox 127 588 255 626; x_wconf 90' lang='lat' dir='ltr'>dotes</span> <span class='ocrx_word' id='word_1_44' title='bbox 278 592 321 625; x_wconf 79' lang='lat' dir='ltr'>et</span> <span class='ocrx_word' id='word_1_45' title='bbox 343 588 478 625; x_wconf 87' lang='lat' dir='ltr'>laicos</span> <span class='ocrx_word' id='word_1_46' title='bbox 500 588 541 625; x_wconf 91' lang='lat' dir='ltr'>in</span> <span class='ocrx_word' id='word_1_47' title='bbox 564 588 669 625; x_wconf 90' lang='lat' dir='ltr'>satis</span> <span class='ocrx_word' id='word_1_48' title='bbox 696 588 813 626; x_wconf 92' lang='lat' dir='ltr'>bono</span> <span class='ocrx_word' id='word_1_49' title='bbox 837 602 1034 636; x_wconf 87' lang='lat' dir='ltr'>numero,</span> <span class='ocrx_word' id='word_1_50' title='bbox 1060 589 1277 639; x_wconf 87' lang='lat' dir='ltr'>solitoque</span> <span class='ocrx_word' id='word_1_51' title='bbox 1310 587 1574 638; x_wconf 80' lang='lat' dir='ltr'>copiosiore.</span> <span class='ocrx_word' id='word_1_52' title='bbox 1601 587 1752 636; x_wconf 88' lang='lat' dir='ltr'>Dispu-</span> 
     </span>
     <span class='ocr_line' id='line_1_7' title="bbox 127 658 1750 710; baseline -0.001 -14"><span class='ocrx_word' id='word_1_53' title='bbox 127 660 317 697; x_wconf 81' lang='lat' dir='ltr'>tationes</span> <span class='ocrx_word' id='word_1_54' title='bbox 339 664 429 697; x_wconf 91' lang='lat' dir='ltr'>tum</span> <span class='ocrx_word' id='word_1_55' title='bbox 453 663 703 697; x_wconf 70' lang='lat' dir='ltr'>menstruae</span> <span class='ocrx_word' id='word_1_56' title='bbox 734 658 804 705; x_wconf 85' lang='lat' dir='ltr'>(ad</span> <span class='ocrx_word' id='word_1_57' title='bbox 840 673 946 710; x_wconf 80' lang='lat' dir='ltr'>quas</span> <span class='ocrx_word' id='word_1_58' title='bbox 969 661 1099 698; x_wconf 84' lang='lat' dir='ltr'>etiam</span> <span class='ocrx_word' id='word_1_59' title='bbox 1130 660 1367 698; x_wconf 82' lang='lat' dir='ltr'>conuenire</span> <span class='ocrx_word' id='word_1_60' title='bbox 1399 659 1543 696; x_wconf 84' lang='lat' dir='ltr'>solent</span> <span class='ocrx_word' id='word_1_61' title='bbox 1573 658 1750 696; x_wconf 88' lang='lat' dir='ltr'>aliarum</span> 
     </span>
     <span class='ocr_line' id='line_1_8' title="bbox 125 729 1752 781; baseline -0.001 -13"><span class='ocrx_word' id='word_1_62' title='bbox 125 731 380 769; x_wconf 81' lang='lat' dir='ltr'>facultatum</span> <span class='ocrx_word' id='word_1_63' title='bbox 401 730 697 781; x_wconf 69' lang='lat' dir='ltr'>professores)</span> <span class='ocrx_word' id='word_1_64' title='bbox 732 736 823 768; x_wconf 85' lang='lat' dir='ltr'>tum</span> <span class='ocrx_word' id='word_1_65' title='bbox 846 730 1215 770; x_wconf 88' lang='lat' dir='ltr'>hebdomadariae</span> <span class='ocrx_word' id='word_1_66' title='bbox 1238 744 1261 769; x_wconf 92' lang='lat' dir='ltr'>a</span> <span class='ocrx_word' id='word_1_67' title='bbox 1295 731 1440 768; x_wconf 88' lang='lat' dir='ltr'>multis</span> <span class='ocrx_word' id='word_1_68' title='bbox 1475 729 1752 780; x_wconf 88' lang='lat' dir='ltr'>frequentan-</span> 
     </span>
     <span class='ocr_line' id='line_1_9' title="bbox 125 801 1753 852; baseline -0.001 -13"><span class='ocrx_word' id='word_1_69' title='bbox 125 807 208 849; x_wconf 90' lang='lat' dir='ltr'>tur,</span> <span class='ocrx_word' id='word_1_70' title='bbox 234 802 275 840; x_wconf 92' lang='lat' dir='ltr'>in</span> <span class='ocrx_word' id='word_1_71' title='bbox 297 814 476 852; x_wconf 89' lang='lat' dir='ltr'>quarum</span> <span class='ocrx_word' id='word_1_72' title='bbox 498 801 716 852; x_wconf 84' lang='lat' dir='ltr'>prioribus</span> <span class='ocrx_word' id='word_1_73' title='bbox 747 815 833 839; x_wconf 90' lang='lat' dir='ltr'>non</span> <span class='ocrx_word' id='word_1_74' title='bbox 870 802 1030 840; x_wconf 82' lang='lat' dir='ltr'>desunt</span> <span class='ocrx_word' id='word_1_75' title='bbox 1064 802 1282 840; x_wconf 89' lang='lat' dir='ltr'>interdum</span> <span class='ocrx_word' id='word_1_76' title='bbox 1313 802 1541 851; x_wconf 85' lang='lat' dir='ltr'>haereticj,</span> <span class='ocrx_word' id='word_1_77' title='bbox 1573 801 1753 850; x_wconf 76' lang='lat' dir='ltr'>quisuis</span> 
     </span>
     <span class='ocr_line' id='line_1_10' title="bbox 126 873 1751 925; baseline -0.001 -14"><span class='ocrx_word' id='word_1_78' title='bbox 126 874 309 925; x_wconf 85' lang='lat' dir='ltr'>argutijs</span> <span class='ocrx_word' id='word_1_79' title='bbox 340 885 390 912; x_wconf 86' lang='lat' dir='ltr'>ac</span> <span class='ocrx_word' id='word_1_80' title='bbox 420 873 671 923; x_wconf 80' lang='lat' dir='ltr'>sophisticis</span> <span class='ocrx_word' id='word_1_81' title='bbox 702 874 972 924; x_wconf 81' lang='lat' dir='ltr'>argumentis</span> <span class='ocrx_word' id='word_1_82' title='bbox 1004 878 1214 912; x_wconf 87' lang='lat' dir='ltr'>conantur</span> <span class='ocrx_word' id='word_1_83' title='bbox 1251 873 1482 911; x_wconf 90' lang='lat' dir='ltr'>ueritatem</span> <span class='ocrx_word' id='word_1_84' title='bbox 1506 873 1751 923; x_wconf 89' lang='lat' dir='ltr'>opprimere</span> 
     </span>
     <span class='ocr_line' id='line_1_11' title="bbox 127 944 1752 996; baseline -0.001 -14"><span class='ocrx_word' id='word_1_85' title='bbox 127 945 402 991; x_wconf 86' lang='lat' dir='ltr'>catholicam,</span> <span class='ocrx_word' id='word_1_86' title='bbox 427 956 578 982; x_wconf 89' lang='lat' dir='ltr'>verum</span> <span class='ocrx_word' id='word_1_87' title='bbox 602 944 663 982; x_wconf 89' lang='lat' dir='ltr'>sic</span> <span class='ocrx_word' id='word_1_88' title='bbox 687 950 935 996; x_wconf 81' lang='lat' dir='ltr'>oppugnata</span> <span class='ocrx_word' id='word_1_89' title='bbox 965 951 1007 983; x_wconf 90' lang='lat' dir='ltr'>et</span> <span class='ocrx_word' id='word_1_90' title='bbox 1030 946 1082 983; x_wconf 91' lang='lat' dir='ltr'>ab</span> <span class='ocrx_word' id='word_1_91' title='bbox 1111 945 1206 994; x_wconf 87' lang='lat' dir='ltr'>alijs</span> <span class='ocrx_word' id='word_1_92' title='bbox 1237 950 1414 983; x_wconf 91' lang='lat' dir='ltr'>strenue</span> <span class='ocrx_word' id='word_1_93' title='bbox 1446 944 1642 991; x_wconf 84' lang='lat' dir='ltr'>defensa,</span> <span class='ocrx_word' id='word_1_94' title='bbox 1667 957 1752 982; x_wconf 91' lang='lat' dir='ltr'>ma-</span> 
     </span>
     <span class='ocr_line' id='line_1_12' title="bbox 125 1016 1752 1067; baseline -0.001 -13"><span class='ocrx_word' id='word_1_95' title='bbox 125 1017 190 1067; x_wconf 90' lang='lat' dir='ltr'>gis</span> <span class='ocrx_word' id='word_1_96' title='bbox 213 1016 373 1063; x_wconf 85' lang='lat' dir='ltr'>elucet,</span> <span class='ocrx_word' id='word_1_97' title='bbox 407 1028 458 1054; x_wconf 90' lang='lat' dir='ltr'>ac</span> <span class='ocrx_word' id='word_1_98' title='bbox 479 1016 714 1066; x_wconf 89' lang='lat' dir='ltr'>triumphat</span> <span class='ocrx_word' id='word_1_99' title='bbox 736 1016 790 1053; x_wconf 84' lang='lat' dir='ltr'>de</span> <span class='ocrx_word' id='word_1_100' title='bbox 813 1016 985 1054; x_wconf 89' lang='lat' dir='ltr'>inimica</span> <span class='ocrx_word' id='word_1_101' title='bbox 1006 1016 1196 1054; x_wconf 84' lang='lat' dir='ltr'>falsitate</span> <span class='ocrx_word' id='word_1_102' title='bbox 1218 1016 1396 1054; x_wconf 90' lang='lat' dir='ltr'>ueritas.</span> <span class='ocrx_word' id='word_1_103' title='bbox 1430 1017 1611 1054; x_wconf 81' lang='lat' dir='ltr'>Praeter</span> <span class='ocrx_word' id='word_1_104' title='bbox 1641 1016 1752 1053; x_wconf 87' lang='lat' dir='ltr'>fruc-</span> 
     </span>
     <span class='ocr_line' id='line_1_13' title="bbox 126 1085 1753 1139; baseline -0.001 -14"><span class='ocrx_word' id='word_1_105' title='bbox 126 1094 217 1126; x_wconf 89' lang='lat' dir='ltr'>tum</span> <span class='ocrx_word' id='word_1_106' title='bbox 241 1088 484 1134; x_wconf 88' lang='lat' dir='ltr'>doctrinae‚</span> <span class='ocrx_word' id='word_1_107' title='bbox 507 1099 637 1138; x_wconf 88' lang='lat' dir='ltr'>quem</span> <span class='ocrx_word' id='word_1_108' title='bbox 674 1085 917 1138; x_wconf 88' lang='lat' dir='ltr'>decerpunt</span> <span class='ocrx_word' id='word_1_109' title='bbox 953 1088 1024 1125; x_wconf 89' lang='lat' dir='ltr'>isti</span> <span class='ocrx_word' id='word_1_110' title='bbox 1054 1088 1308 1139; x_wconf 80' lang='lat' dir='ltr'>theologiae</span> <span class='ocrx_word' id='word_1_111' title='bbox 1340 1087 1580 1134; x_wconf 87' lang='lat' dir='ltr'>auditores,</span> <span class='ocrx_word' id='word_1_112' title='bbox 1603 1087 1645 1125; x_wconf 92' lang='lat' dir='ltr'>id</span> <span class='ocrx_word' id='word_1_113' title='bbox 1674 1086 1753 1124; x_wconf 91' lang='lat' dir='ltr'>uti-</span> 
     </span>
     <span class='ocr_line' id='line_1_14' title="bbox 127 1159 1753 1210; baseline -0.001 -13"><span class='ocrx_word' id='word_1_114' title='bbox 127 1159 259 1198; x_wconf 89' lang='lat' dir='ltr'>litatis</span> <span class='ocrx_word' id='word_1_115' title='bbox 282 1164 626 1209; x_wconf 88' lang='lat' dir='ltr'>consequuntur,</span> <span class='ocrx_word' id='word_1_116' title='bbox 651 1164 697 1196; x_wconf 92' lang='lat' dir='ltr'>ut</span> <span class='ocrx_word' id='word_1_117' title='bbox 720 1160 893 1209; x_wconf 89' lang='lat' dir='ltr'>saepius</span> <span class='ocrx_word' id='word_1_118' title='bbox 912 1160 1202 1197; x_wconf 85' lang='lat' dir='ltr'>confiteantur</span> <span class='ocrx_word' id='word_1_119' title='bbox 1221 1165 1306 1197; x_wconf 87' lang='lat' dir='ltr'>tam</span> <span class='ocrx_word' id='word_1_120' title='bbox 1328 1159 1442 1208; x_wconf 89' lang='lat' dir='ltr'>laicj,</span> <span class='ocrx_word' id='word_1_121' title='bbox 1462 1171 1587 1210; x_wconf 85' lang='lat' dir='ltr'>quam</span> <span class='ocrx_word' id='word_1_122' title='bbox 1611 1171 1753 1197; x_wconf 88' lang='lat' dir='ltr'>sacer-</span> 
     </span>
     <span class='ocr_line' id='line_1_15' title="bbox 129 1229 1753 1281; baseline 0 -13"><span class='ocrx_word' id='word_1_123' title='bbox 129 1231 256 1269; x_wconf 90' lang='lat' dir='ltr'>dotes</span> <span class='ocrx_word' id='word_1_124' title='bbox 279 1230 369 1281; x_wconf 86' lang='lat' dir='ltr'>(qui</span> <span class='ocrx_word' id='word_1_125' title='bbox 391 1231 494 1269; x_wconf 89' lang='lat' dir='ltr'>alias</span> <span class='ocrx_word' id='word_1_126' title='bbox 519 1234 562 1267; x_wconf 93' lang='lat' dir='ltr'>et</span> <span class='ocrx_word' id='word_1_127' title='bbox 588 1230 667 1281; x_wconf 91' lang='lat' dir='ltr'>ipsi</span> <span class='ocrx_word' id='word_1_128' title='bbox 689 1230 923 1277; x_wconf 80' lang='lat' dir='ltr'>rarissime,</span> <span class='ocrx_word' id='word_1_129' title='bbox 957 1231 1175 1268; x_wconf 85' lang='lat' dir='ltr'>communi</span> <span class='ocrx_word' id='word_1_130' title='bbox 1207 1231 1374 1269; x_wconf 88' lang='lat' dir='ltr'>scilicet</span> <span class='ocrx_word' id='word_1_131' title='bbox 1406 1243 1527 1268; x_wconf 90' lang='lat' dir='ltr'>more</span> <span class='ocrx_word' id='word_1_132' title='bbox 1550 1229 1753 1268; x_wconf 89' lang='lat' dir='ltr'>sacerdo-</span> 
     </span>
     <span class='ocr_line' id='line_1_16' title="bbox 127 1301 1754 1352; baseline -0.001 -12"><span class='ocrx_word' id='word_1_133' title='bbox 127 1308 216 1340; x_wconf 88' lang='lat' dir='ltr'>tum</span> <span class='ocrx_word' id='word_1_134' title='bbox 239 1302 592 1351; x_wconf 88' lang='lat' dir='ltr'>confiterentur).</span> <span class='ocrx_word' id='word_1_135' title='bbox 618 1301 685 1339; x_wconf 84' lang='lat' dir='ltr'>Ad</span> <span class='ocrx_word' id='word_1_136' title='bbox 707 1301 834 1349; x_wconf 88' lang='lat' dir='ltr'>haec,</span> <span class='ocrx_word' id='word_1_137' title='bbox 867 1302 925 1339; x_wconf 88' lang='lat' dir='ltr'>illi</span> <span class='ocrx_word' id='word_1_138' title='bbox 947 1302 1018 1351; x_wconf 88' lang='lat' dir='ltr'>qui</span> <span class='ocrx_word' id='word_1_139' title='bbox 1049 1302 1296 1352; x_wconf 89' lang='lat' dir='ltr'>pastoribus</span> <span class='ocrx_word' id='word_1_140' title='bbox 1330 1302 1633 1352; x_wconf 87' lang='lat' dir='ltr'>parochiarum</span> <span class='ocrx_word' id='word_1_141' title='bbox 1656 1305 1754 1339; x_wconf 87' lang='lat' dir='ltr'>sunt</span> 
     </span>
     <span class='ocr_line' id='line_1_17' title="bbox 127 1372 1753 1425; baseline -0.001 -13"><span class='ocrx_word' id='word_1_142' title='bbox 127 1379 458 1425; x_wconf 88' lang='lat' dir='ltr'>cooperatores,</span> <span class='ocrx_word' id='word_1_143' title='bbox 484 1385 508 1410; x_wconf 90' lang='lat' dir='ltr'>a</span> <span class='ocrx_word' id='word_1_144' title='bbox 528 1373 689 1411; x_wconf 91' lang='lat' dir='ltr'>nostris</span> <span class='ocrx_word' id='word_1_145' title='bbox 711 1373 934 1424; x_wconf 88' lang='lat' dir='ltr'>theologis</span> <span class='ocrx_word' id='word_1_146' title='bbox 956 1373 1166 1411; x_wconf 87' lang='lat' dir='ltr'>admoniti</span> <span class='ocrx_word' id='word_1_147' title='bbox 1193 1378 1324 1423; x_wconf 86' lang='lat' dir='ltr'>atque</span> <span class='ocrx_word' id='word_1_148' title='bbox 1346 1372 1529 1422; x_wconf 89' lang='lat' dir='ltr'>incitatj,</span> <span class='ocrx_word' id='word_1_149' title='bbox 1554 1377 1753 1411; x_wconf 88' lang='lat' dir='ltr'>ueterem</span> 
     </span>
     <span class='ocr_line' id='line_1_18' title="bbox 126 1443 1755 1495; baseline -0.001 -12"><span class='ocrx_word' id='word_1_150' title='bbox 126 1457 293 1484; x_wconf 91' lang='lat' dir='ltr'>morem</span> <span class='ocrx_word' id='word_1_151' title='bbox 316 1444 559 1491; x_wconf 78' lang='lat' dir='ltr'>Ecclesiae,</span> <span class='ocrx_word' id='word_1_152' title='bbox 583 1457 668 1495; x_wconf 88' lang='lat' dir='ltr'>quo</span> <span class='ocrx_word' id='word_1_153' title='bbox 693 1457 878 1495; x_wconf 85' lang='lat' dir='ltr'>sponsus</span> <span class='ocrx_word' id='word_1_154' title='bbox 902 1450 945 1482; x_wconf 92' lang='lat' dir='ltr'>et</span> <span class='ocrx_word' id='word_1_155' title='bbox 967 1457 1124 1495; x_wconf 89' lang='lat' dir='ltr'>sponsa</span> <span class='ocrx_word' id='word_1_156' title='bbox 1151 1443 1444 1493; x_wconf 85' lang='lat' dir='ltr'>benedicendj</span> <span class='ocrx_word' id='word_1_157' title='bbox 1468 1456 1544 1481; x_wconf 90' lang='lat' dir='ltr'>sua</span> <span class='ocrx_word' id='word_1_158' title='bbox 1570 1449 1755 1494; x_wconf 87' lang='lat' dir='ltr'>peccata</span> 
     </span>
     <span class='ocr_line' id='line_1_19' title="bbox 127 1514 1755 1567; baseline -0.001 -12"><span class='ocrx_word' id='word_1_159' title='bbox 127 1516 327 1565; x_wconf 90' lang='lat' dir='ltr'>confiterj</span> <span class='ocrx_word' id='word_1_160' title='bbox 353 1516 512 1562; x_wconf 87' lang='lat' dir='ltr'>solent,</span> <span class='ocrx_word' id='word_1_161' title='bbox 537 1516 578 1554; x_wconf 91' lang='lat' dir='ltr'>in</span> <span class='ocrx_word' id='word_1_162' title='bbox 601 1516 838 1555; x_wconf 88' lang='lat' dir='ltr'>Germania</span> <span class='ocrx_word' id='word_1_163' title='bbox 858 1515 1017 1567; x_wconf 90' lang='lat' dir='ltr'>passim</span> <span class='ocrx_word' id='word_1_164' title='bbox 1040 1514 1263 1562; x_wconf 85' lang='lat' dir='ltr'>abolitum,</span> <span class='ocrx_word' id='word_1_165' title='bbox 1287 1515 1328 1552; x_wconf 91' lang='lat' dir='ltr'>in</span> <span class='ocrx_word' id='word_1_166' title='bbox 1359 1516 1447 1553; x_wconf 89' lang='lat' dir='ltr'>suis</span> <span class='ocrx_word' id='word_1_167' title='bbox 1470 1514 1671 1564; x_wconf 89' lang='lat' dir='ltr'>ecclesijs</span> <span class='ocrx_word' id='word_1_168' title='bbox 1693 1514 1755 1553; x_wconf 88' lang='lat' dir='ltr'>sic</span> 
     </span>
     <span class='ocr_line' id='line_1_20' title="bbox 128 1587 1754 1638; baseline -0.001 -12"><span class='ocrx_word' id='word_1_169' title='bbox 128 1592 424 1626; x_wconf 83' lang='lat' dir='ltr'>restaurarunt</span> <span class='ocrx_word' id='word_1_170' title='bbox 442 1594 475 1634; x_wconf 71' lang='lat' dir='ltr'>a,</span> <span class='ocrx_word' id='word_1_171' title='bbox 500 1591 545 1625; x_wconf 89' lang='lat' dir='ltr'>ut</span> <span class='ocrx_word' id='word_1_172' title='bbox 578 1587 896 1638; x_wconf 87' lang='lat' dir='ltr'>quantumlibet</span> <span class='ocrx_word' id='word_1_173' title='bbox 919 1588 1021 1638; x_wconf 87' lang='lat' dir='ltr'>ipsis</span> <span class='ocrx_word' id='word_1_174' title='bbox 1044 1589 1321 1634; x_wconf 90' lang='lat' dir='ltr'>reclametur,</span> <span class='ocrx_word' id='word_1_175' title='bbox 1345 1587 1471 1625; x_wconf 90' lang='lat' dir='ltr'>nullis</span> <span class='ocrx_word' id='word_1_176' title='bbox 1505 1587 1754 1637; x_wconf 88' lang='lat' dir='ltr'>impertiant</span> 
     </span>
     <span class='ocr_line' id='line_1_21' title="bbox 126 1657 1754 1709; baseline -0.001 -12"><span class='ocrx_word' id='word_1_177' title='bbox 126 1659 485 1699; x_wconf 88' lang='lat' dir='ltr'>benedictionem</span> <span class='ocrx_word' id='word_1_178' title='bbox 505 1659 744 1709; x_wconf 88' lang='lat' dir='ltr'>nuptialem</span> <span class='ocrx_word' id='word_1_179' title='bbox 767 1659 848 1697; x_wconf 91' lang='lat' dir='ltr'>nisi</span> <span class='ocrx_word' id='word_1_180' title='bbox 869 1659 986 1709; x_wconf 92' lang='lat' dir='ltr'>prius</span> <span class='ocrx_word' id='word_1_181' title='bbox 1009 1672 1185 1697; x_wconf 90' lang='lat' dir='ltr'>suorum</span> <span class='ocrx_word' id='word_1_182' title='bbox 1208 1663 1492 1708; x_wconf 88' lang='lat' dir='ltr'>peccatorum</span> <span class='ocrx_word' id='word_1_183' title='bbox 1516 1657 1754 1696; x_wconf 88' lang='lat' dir='ltr'>confessio-</span> 
     </span>
     <span class='ocr_line' id='line_1_22' title="bbox 126 1729 1755 1781; baseline -0.002 -12"><span class='ocrx_word' id='word_1_184' title='bbox 126 1744 225 1769; x_wconf 91' lang='lat' dir='ltr'>nem</span> <span class='ocrx_word' id='word_1_185' title='bbox 255 1729 457 1770; x_wconf 89' lang='lat' dir='ltr'>fecerint.</span> <span class='ocrx_word' id='word_1_186' title='bbox 488 1732 683 1781; x_wconf 89' lang='lat' dir='ltr'>Vtraque</span> <span class='ocrx_word' id='word_1_187' title='bbox 718 1729 907 1780; x_wconf 88' lang='lat' dir='ltr'>docendj</span> <span class='ocrx_word' id='word_1_188' title='bbox 942 1731 1069 1776; x_wconf 89' lang='lat' dir='ltr'>ratio,</span> <span class='ocrx_word' id='word_1_189' title='bbox 1093 1729 1282 1781; x_wconf 88' lang='lat' dir='ltr'>publice,</span> <span class='ocrx_word' id='word_1_190' title='bbox 1307 1731 1495 1780; x_wconf 87' lang='lat' dir='ltr'>inquam,</span> <span class='ocrx_word' id='word_1_191' title='bbox 1528 1730 1569 1767; x_wconf 92' lang='lat' dir='ltr'>in</span> <span class='ocrx_word' id='word_1_192' title='bbox 1601 1729 1755 1778; x_wconf 79' lang='lat' dir='ltr'>studijs</span> 
     </span>
     <span class='ocr_line' id='line_1_23' title="bbox 126 1801 1755 1854; baseline -0.002 -12"><span class='ocrx_word' id='word_1_193' title='bbox 126 1804 449 1854; x_wconf 91' lang='lat' dir='ltr'>prouectiores‚</span> <span class='ocrx_word' id='word_1_194' title='bbox 490 1808 534 1841; x_wconf 92' lang='lat' dir='ltr'>et</span> <span class='ocrx_word' id='word_1_195' title='bbox 569 1803 611 1840; x_wconf 90' lang='lat' dir='ltr'>in</span> <span class='ocrx_word' id='word_1_196' title='bbox 647 1803 809 1841; x_wconf 89' lang='lat' dir='ltr'>scholis</span> <span class='ocrx_word' id='word_1_197' title='bbox 844 1801 1101 1841; x_wconf 89' lang='lat' dir='ltr'>domesticis</span> <span class='ocrx_word' id='word_1_198' title='bbox 1121 1815 1299 1853; x_wconf 84' lang='lat' dir='ltr'>pueros,</span> <span class='ocrx_word' id='word_1_199' title='bbox 1332 1806 1379 1839; x_wconf 86' lang='lat' dir='ltr'>ut</span> <span class='ocrx_word' id='word_1_200' title='bbox 1412 1801 1629 1853; x_wconf 88' lang='lat' dir='ltr'>insignem</span> <span class='ocrx_word' id='word_1_201' title='bbox 1663 1802 1755 1853; x_wconf 88' lang='lat' dir='ltr'>glo-</span> 
     </span>
     <span class='ocr_line' id='line_1_24' title="bbox 128 1872 1755 1925; baseline -0.001 -12"><span class='ocrx_word' id='word_1_202' title='bbox 128 1875 233 1913; x_wconf 85' lang='lat' dir='ltr'>riam</span> <span class='ocrx_word' id='word_1_203' title='bbox 270 1880 314 1913; x_wconf 94' lang='lat' dir='ltr'>et</span> <span class='ocrx_word' id='word_1_204' title='bbox 350 1874 523 1913; x_wconf 89' lang='lat' dir='ltr'>laudem</span> <span class='ocrx_word' id='word_1_205' title='bbox 560 1872 673 1925; x_wconf 86' lang='lat' dir='ltr'>apud</span> <span class='ocrx_word' id='word_1_206' title='bbox 709 1875 849 1913; x_wconf 91' lang='lat' dir='ltr'>bonos</span> <span class='ocrx_word' id='word_1_207' title='bbox 872 1887 923 1912; x_wconf 88' lang='lat' dir='ltr'>ac</span> <span class='ocrx_word' id='word_1_208' title='bbox 950 1874 1171 1925; x_wconf 87' lang='lat' dir='ltr'>sapientes</span> <span class='ocrx_word' id='word_1_209' title='bbox 1202 1873 1406 1912; x_wconf 90' lang='lat' dir='ltr'>conciliat</span> <span class='ocrx_word' id='word_1_210' title='bbox 1433 1878 1586 1912; x_wconf 90' lang='lat' dir='ltr'>nostro</span> <span class='ocrx_word' id='word_1_211' title='bbox 1624 1874 1755 1911; x_wconf 87' lang='lat' dir='ltr'>colle-</span> 
     </span>
     <span class='ocr_line' id='line_1_25' title="bbox 129 1944 1756 1999; baseline -0.002 -14"><span class='ocrx_word' id='word_1_212' title='bbox 129 1948 218 1999; x_wconf 91' lang='lat' dir='ltr'>gio,</span> <span class='ocrx_word' id='word_1_213' title='bbox 242 1947 302 1985; x_wconf 89' lang='lat' dir='ltr'>ita</span> <span class='ocrx_word' id='word_1_214' title='bbox 322 1946 437 1998; x_wconf 89' lang='lat' dir='ltr'>apud</span> <span class='ocrx_word' id='word_1_215' title='bbox 458 1946 685 1997; x_wconf 90' lang='lat' dir='ltr'>improbos</span> <span class='ocrx_word' id='word_1_216' title='bbox 706 1945 912 1984; x_wconf 87' lang='lat' dir='ltr'>inuidiam</span> <span class='ocrx_word' id='word_1_217' title='bbox 936 1951 980 1984; x_wconf 90' lang='lat' dir='ltr'>et</span> <span class='ocrx_word' id='word_1_218' title='bbox 1001 1945 1353 1984; x_wconf 86' lang='lat' dir='ltr'>maledicentiam</span> <span class='ocrx_word' id='word_1_219' title='bbox 1377 1945 1557 1992; x_wconf 73' lang='lat' dir='ltr'>excitat3</span> <span class='ocrx_word' id='word_1_220' title='bbox 1576 1944 1687 1983; x_wconf 88' lang='lat' dir='ltr'>adeo</span> <span class='ocrx_word' id='word_1_221' title='bbox 1711 1950 1756 1983; x_wconf 92' lang='lat' dir='ltr'>ut</span> 
     </span>
     <span class='ocr_line' id='line_1_26' title="bbox 128 2017 1753 2068; baseline -0.002 -10"><span class='ocrx_word' id='word_1_222' title='bbox 128 2020 283 2058; x_wconf 93' lang='lat' dir='ltr'>horum</span> <span class='ocrx_word' id='word_1_223' title='bbox 306 2019 501 2068; x_wconf 90' lang='lat' dir='ltr'>nonnullj</span> <span class='ocrx_word' id='word_1_224' title='bbox 527 2018 674 2057; x_wconf 87' lang='lat' dir='ltr'>conati</span> <span class='ocrx_word' id='word_1_225' title='bbox 696 2017 779 2056; x_wconf 90' lang='lat' dir='ltr'>sint</span> <span class='ocrx_word' id='word_1_226' title='bbox 801 2018 919 2056; x_wconf 81' lang='lat' dir='ltr'>falsis</span> <span class='ocrx_word' id='word_1_227' title='bbox 949 2017 1243 2056; x_wconf 86' lang='lat' dir='ltr'>delationibus</span> <span class='ocrx_word' id='word_1_228' title='bbox 1273 2021 1451 2056; x_wconf 89' lang='lat' dir='ltr'>nostros</span> <span class='ocrx_word' id='word_1_229' title='bbox 1478 2017 1591 2068; x_wconf 91' lang='lat' dir='ltr'>apud</span> <span class='ocrx_word' id='word_1_230' title='bbox 1621 2017 1753 2055; x_wconf 92' lang='lat' dir='ltr'>illust.</span> 
     </span>
     <span class='ocr_line' id='line_1_27' title="bbox 129 2088 1756 2142; baseline -0.002 -13"><span class='ocrx_word' id='word_1_231' title='bbox 129 2091 371 2142; x_wconf 88' lang='lat' dir='ltr'>principem</span> <span class='ocrx_word' id='word_1_232' title='bbox 393 2091 619 2129; x_wconf 86' lang='lat' dir='ltr'>infamare.</span> <span class='ocrx_word' id='word_1_233' title='bbox 645 2090 733 2129; x_wconf 87' lang='lat' dir='ltr'>Sed</span> <span class='ocrx_word' id='word_1_234' title='bbox 754 2090 926 2128; x_wconf 86' lang='lat' dir='ltr'>illorum</span> <span class='ocrx_word' id='word_1_235' title='bbox 948 2088 1133 2141; x_wconf 89' lang='lat' dir='ltr'>improbi</span> <span class='ocrx_word' id='word_1_236' title='bbox 1155 2095 1338 2128; x_wconf 89' lang='lat' dir='ltr'>conatus</span> <span class='ocrx_word' id='word_1_237' title='bbox 1358 2089 1487 2128; x_wconf 88' lang='lat' dir='ltr'>facile</span> <span class='ocrx_word' id='word_1_238' title='bbox 1508 2089 1551 2127; x_wconf 90' lang='lat' dir='ltr'>in</span> <span class='ocrx_word' id='word_1_239' title='bbox 1577 2088 1756 2126; x_wconf 91' lang='lat' dir='ltr'>nihilum</span> 
     </span>
     <span class='ocr_line' id='line_1_28' title="bbox 133 2161 1757 2210; baseline -0.002 -8"><span class='ocrx_word' id='word_1_240' title='bbox 133 2162 402 2210; x_wconf 90' lang='lat' dir='ltr'>reciderunt,</span> <span class='ocrx_word' id='word_1_241' title='bbox 434 2162 658 2201; x_wconf 89' lang='lat' dir='ltr'>inocentia</span> <span class='ocrx_word' id='word_1_242' title='bbox 691 2167 942 2200; x_wconf 91' lang='lat' dir='ltr'>nostrorum</span> <span class='ocrx_word' id='word_1_243' title='bbox 973 2174 1020 2200; x_wconf 87' lang='lat' dir='ltr'>se</span> <span class='ocrx_word' id='word_1_244' title='bbox 1055 2161 1267 2200; x_wconf 90' lang='lat' dir='ltr'>aduersus</span> <span class='ocrx_word' id='word_1_245' title='bbox 1302 2162 1484 2200; x_wconf 90' lang='lat' dir='ltr'>istorum</span> <span class='ocrx_word' id='word_1_246' title='bbox 1521 2161 1757 2200; x_wconf 84' lang='lat' dir='ltr'>calumnias</span> 
     </span>
     <span class='ocr_line' id='line_1_29' title="bbox 130 2231 1756 2284; baseline -0.001 -12"><span class='ocrx_word' id='word_1_247' title='bbox 130 2234 340 2274; x_wconf 71' lang='lat' dir='ltr'>uiriliter</span> <span class='ocrx_word' id='word_1_248' title='bbox 361 2233 649 2281; x_wconf 89' lang='lat' dir='ltr'>defendente,</span> <span class='ocrx_word' id='word_1_249' title='bbox 675 2238 718 2272; x_wconf 91' lang='lat' dir='ltr'>et</span> <span class='ocrx_word' id='word_1_250' title='bbox 740 2245 851 2271; x_wconf 88' lang='lat' dir='ltr'>uana</span> <span class='ocrx_word' id='word_1_251' title='bbox 870 2231 1118 2282; x_wconf 87' lang='lat' dir='ltr'>huiusmodj</span> <span class='ocrx_word' id='word_1_252' title='bbox 1142 2233 1366 2272; x_wconf 90' lang='lat' dir='ltr'>hominum</span> <span class='ocrx_word' id='word_1_253' title='bbox 1396 2231 1540 2271; x_wconf 89' lang='lat' dir='ltr'>studia</span> <span class='ocrx_word' id='word_1_254' title='bbox 1559 2233 1756 2284; x_wconf 89' lang='lat' dir='ltr'>protinus</span> 
     </span>
     <span class='ocr_line' id='line_1_30' title="bbox 133 2303 1757 2357; baseline -0.001 -13"><span class='ocrx_word' id='word_1_255' title='bbox 133 2306 414 2345; x_wconf 90' lang='lat' dir='ltr'>ostendente.</span> <span class='ocrx_word' id='word_1_256' title='bbox 438 2305 564 2345; x_wconf 90' lang='lat' dir='ltr'>Vnde</span> <span class='ocrx_word' id='word_1_257' title='bbox 586 2311 796 2357; x_wconf 88' lang='lat' dir='ltr'>patronus</span> <span class='ocrx_word' id='word_1_258' title='bbox 827 2304 1094 2352; x_wconf 80' lang='lat' dir='ltr'>academiae,</span> <span class='ocrx_word' id='word_1_259' title='bbox 1118 2317 1246 2355; x_wconf 90' lang='lat' dir='ltr'>quem</span> <span class='ocrx_word' id='word_1_260' title='bbox 1275 2310 1437 2344; x_wconf 91' lang='lat' dir='ltr'>uocant</span> <span class='ocrx_word' id='word_1_261' title='bbox 1467 2303 1494 2352; x_wconf 85' lang='lat'>²,</span> <span class='ocrx_word' id='word_1_262' title='bbox 1532 2310 1757 2355; x_wconf 89' lang='lat' dir='ltr'>comperta</span> 
     </span>
    </p>
   </div>
   <div class='ocr_carea' id='block_1_3' title="bbox 173 2479 534 2516">
    <p class='ocr_par' dir='ltr' id='par_1_3' title="bbox 173 2479 534 2516">
     <span class='ocr_line' id='line_1_31' title="bbox 173 2479 534 2516; baseline 0 0"><span class='ocrx_word' id='word_1_263' title='bbox 173 2479 193 2499; x_wconf 90' lang='lat' dir='ltr'>a</span> <span class='ocrx_word' id='word_1_264' title='bbox 241 2479 534 2516; x_wconf 88' lang='lat' dir='ltr'>instaurarunt.</span> 
     </span>
    </p>
   </div>
   <div class='ocr_carea' id='block_1_4' title="bbox 127 2651 1757 3061">
    <p class='ocr_par' dir='ltr' id='par_1_4' title="bbox 128 2651 1754 2881">
     <span class='ocr_line' id='line_1_32' title="bbox 176 2651 1754 2701; baseline 0 -11"><span class='ocrx_word' id='word_1_265' title='bbox 176 2655 185 2674; x_wconf 96' lang='lat'>¹</span> <span class='ocrx_word' id='word_1_266' title='bbox 237 2653 340 2691; x_wconf 90' lang='lat' dir='ltr'>Tres</span> <span class='ocrx_word' id='word_1_267' title='bbox 376 2666 426 2690; x_wconf 81' lang='lat' dir='ltr'>ex</span> <span class='ocrx_word' id='word_1_268' title='bbox 456 2651 602 2689; x_wconf 87' lang='lat' dir='ltr'>nostris</span> <span class='ocrx_word' id='word_1_269' title='bbox 637 2651 870 2698; x_wconf 79' lang='lat' dir='ltr'>theologiae</span> <span class='ocrx_word' id='word_1_270' title='bbox 901 2652 1150 2699; x_wconf 80' lang='lat' dir='ltr'>professores</span> <span class='ocrx_word' id='word_1_271' title='bbox 1180 2653 1321 2691; x_wconf 85' lang='lat' dir='ltr'>ordine</span> <span class='ocrx_word' id='word_1_272' title='bbox 1352 2666 1430 2700; x_wconf 73' lang='lat' dir='ltr'>quo</span> <span class='ocrx_word' id='word_1_273' title='bbox 1465 2653 1754 2701; x_wconf 75' lang='lat' dir='ltr'>insigniuntur,</span> 
     </span>
     <span class='ocr_line' id='line_1_33' title="bbox 128 2711 1753 2760; baseline 0 -9"><span class='ocrx_word' id='word_1_274' title='bbox 128 2719 245 2752; x_wconf 88' lang='lat' dir='ltr'>erant</span> <span class='ocrx_word' id='word_1_275' title='bbox 271 2712 350 2750; x_wconf 88' lang='lat' dir='ltr'>PP.</span> <span class='ocrx_word' id='word_1_276' title='bbox 376 2713 556 2760; x_wconf 79' lang='lat' dir='ltr'>joannes</span> <span class='ocrx_word' id='word_1_277' title='bbox 576 2711 873 2754; x_wconf 80' lang='lat' dir='ltr'>Couvillonius‚</span> <span class='ocrx_word' id='word_1_278' title='bbox 904 2712 1141 2760; x_wconf 86' lang='lat' dir='ltr'>Alphonsus</span> <span class='ocrx_word' id='word_1_279' title='bbox 1167 2713 1260 2750; x_wconf 88' lang='lat' dir='ltr'>Pisa</span> <span class='ocrx_word' id='word_1_280' title='bbox 1289 2719 1329 2751; x_wconf 88' lang='lat' dir='ltr'>et</span> <span class='ocrx_word' id='word_1_281' title='bbox 1356 2713 1618 2751; x_wconf 82' lang='lat' dir='ltr'>Hermannus</span> <span class='ocrx_word' id='word_1_282' title='bbox 1650 2714 1753 2760; x_wconf 83' lang='lat' dir='ltr'>Thy-</span> 
     </span>
     <span class='ocr_line' id='line_1_34' title="bbox 129 2772 1754 2819; baseline -0.001 -8"><span class='ocrx_word' id='word_1_283' title='bbox 129 2786 261 2816; x_wconf 76' lang='lat' dir='ltr'>raeus,</span> <span class='ocrx_word' id='word_1_284' title='bbox 282 2779 325 2810; x_wconf 89' lang='lat' dir='ltr'>ut</span> <span class='ocrx_word' id='word_1_285' title='bbox 345 2786 393 2810; x_wconf 84' lang='lat' dir='ltr'>ex</span> <span class='ocrx_word' id='word_1_286' title='bbox 412 2772 602 2818; x_wconf 82' lang='lat' dir='ltr'>catalogo</span> <span class='ocrx_word' id='word_1_287' title='bbox 621 2772 786 2819; x_wconf 88' lang='lat' dir='ltr'>collegii</span> <span class='ocrx_word' id='word_1_288' title='bbox 806 2772 899 2809; x_wconf 78' lang='lat' dir='ltr'>anni</span> <span class='ocrx_word' id='word_1_289' title='bbox 923 2772 1008 2810; x_wconf 87' lang='lat'>1561</span> <span class='ocrx_word' id='word_1_290' title='bbox 1029 2774 1085 2817; x_wconf 85' lang='lat' dir='ltr'>(in</span> <span class='ocrx_word' id='word_1_291' title='bbox 1112 2775 1197 2810; x_wconf 88' lang='lat' dir='ltr'>cod.</span> <span class='ocrx_word' id='word_1_292' title='bbox 1221 2773 1362 2811; x_wconf 84' lang='lat' dir='ltr'>Germ.</span> <span class='ocrx_word' id='word_1_293' title='bbox 1384 2774 1474 2819; x_wconf 78' lang='lat'>131,</span> <span class='ocrx_word' id='word_1_294' title='bbox 1503 2773 1529 2812; x_wconf 90' lang='lat' dir='ltr'>f.</span> <span class='ocrx_word' id='word_1_295' title='bbox 1555 2774 1649 2819; x_wconf 78' lang='lat'>137),</span> <span class='ocrx_word' id='word_1_296' title='bbox 1677 2775 1754 2811; x_wconf 91' lang='lat' dir='ltr'>col-</span> 
     </span>
     <span class='ocr_line' id='line_1_35' title="bbox 128 2833 365 2881; baseline -0.004 -10"><span class='ocrx_word' id='word_1_297' title='bbox 128 2833 202 2880; x_wconf 86' lang='lat' dir='ltr'>ligi</span> <span class='ocrx_word' id='word_1_298' title='bbox 221 2838 365 2881; x_wconf 89' lang='lat' dir='ltr'>potest.</span> 
     </span>
    </p>

    <p class='ocr_par' dir='ltr' id='par_1_5' title="bbox 127 2891 1757 3061">
     <span class='ocr_line' id='line_1_36' title="bbox 176 2891 1755 2941; baseline 0 -11"><span class='ocrx_word' id='word_1_299' title='bbox 176 2894 189 2914; x_wconf 74' lang='lat'><strong>²</strong></span> <span class='ocrx_word' id='word_1_300' title='bbox 240 2892 417 2930; x_wconf 89' lang='lat' dir='ltr'>Videtur</span> <span class='ocrx_word' id='word_1_301' title='bbox 434 2893 603 2930; x_wconf 85' lang='lat' dir='ltr'>indicari</span> <span class='ocrx_word' id='word_1_302' title='bbox 622 2891 848 2940; x_wconf 86' lang='lat' dir='ltr'>Wiguleus</span> <span class='ocrx_word' id='word_1_303' title='bbox 867 2893 1009 2930; x_wconf 87' lang='lat' dir='ltr'>Hundt</span> <span class='ocrx_word' id='word_1_304' title='bbox 1035 2892 1269 2940; x_wconf 83' lang='lat' dir='ltr'>(Hundius),</span> <span class='ocrx_word' id='word_1_305' title='bbox 1298 2894 1367 2941; x_wconf 91' lang='lat' dir='ltr'>qui</span> <span class='ocrx_word' id='word_1_306' title='bbox 1393 2894 1489 2932; x_wconf 88' lang='lat' dir='ltr'>alibi</span> <span class='ocrx_word' id='word_1_307' title='bbox 1517 2894 1755 2932; x_wconf 85' lang='lat' dir='ltr'>universita-</span> 
     </span>
     <span class='ocr_line' id='line_1_37' title="bbox 127 2951 1757 3002; baseline -0.001 -11"><span class='ocrx_word' id='word_1_308' title='bbox 127 2955 178 2991; x_wconf 86' lang='lat' dir='ltr'>tis</span> <span class='ocrx_word' id='word_1_309' title='bbox 196 2957 357 2991; x_wconf 85' lang='lat' dir='ltr'>curator</span> <span class='ocrx_word' id='word_1_310' title='bbox 375 2953 622 2990; x_wconf 85' lang='lat' dir='ltr'>nominatur.</span> <span class='ocrx_word' id='word_1_311' title='bbox 646 2951 709 2990; x_wconf 85' lang='lat' dir='ltr'>Cf.</span> <span class='ocrx_word' id='word_1_312' title='bbox 731 2951 1089 2998; x_wconf 78' lang='lat' dir='ltr'><strong>BRAUNSBERGER‚</strong></span> <span class='ocrx_word' id='word_1_313' title='bbox 1111 2953 1165 2991; x_wconf 93' lang='grc' dir='ltr'>Β.</span> <span class='ocrx_word' id='word_1_314' title='bbox 1187 2954 1238 2992; x_wconf 91' lang='lat' dir='ltr'>P.</span> <span class='ocrx_word' id='word_1_315' title='bbox 1263 2954 1432 2993; x_wconf 84' lang='lat' dir='ltr'>Cam&#39;siz&#39;</span> <span class='ocrx_word' id='word_1_316' title='bbox 1447 2956 1584 3002; x_wconf 75' lang='lat' dir='ltr'>epist..</span> <span class='ocrx_word' id='word_1_317' title='bbox 1602 2953 1652 2997; x_wconf 88' lang='grc' dir='ltr'>ΙΙ,</span> <span class='ocrx_word' id='word_1_318' title='bbox 1668 2954 1690 2991; x_wconf 88' lang='grc'>3</span> <span class='ocrx_word' id='word_1_319' title='bbox 1717 2958 1757 2991; x_wconf 86' lang='lat' dir='ltr'>et</span> 
     </span>
     <span class='ocr_line' id='line_1_38' title="bbox 130 3025 293 3061; baseline -0.006 -10"><span class='ocrx_word' id='word_1_320' title='bbox 130 3025 293 3061; x_wconf 68' lang='lat' dir='ltr'>pasmm.</span> 
     </span>
    </p>
   </div>
  </div>
 </body>
</html>
