1908 3446
539 223 879 260 <Ba—Vmerus
903 223 949 260 28
974 222 1235 260 SEPrEMBRlS
1264 221 1353 259 1560
1637 220 1701 257 891

132 325 372 372 cerdotem,
397 332 571 364 nostrae
594 327 828 365 Societatis
851 325 1281 364 obseruantissimum
1297 323 1636 373 familiaremque
1656 338 1751 360 nos-

131 402 256 443 trum,
280 410 409 446 quem
432 398 781 436 cmifcssionibus
803 398 980 436 istarum
1002 398 1241 449 puellarum
1268 395 1493 434 audiendis
1524 396 1749 445 pracfecit.

129 469 306 506 Nonulli
336 468 466 506 etiam
496 470 606 507 adeo
643 471 767 508 huius
804 469 947 521 operis
983 468 1218 508 affectione
1249 468 1411 506 deuicti
1442 473 1555 512 sunt,
1590 474 1634 504 ut
1665 482 1748 504 non

127 540 234 577 alios
257 540 392 589 magis
409 543 510 590 poss
528 554 574 578 se
597 543 710 579 uelle
734 542 895 579 habere
917 542 1130 579 haeredes
1147 553 1319 579 suarum
1337 539 1583 577 diuitiarum
1614 539 1750 577 eliam

128 616 337 658 asserant,
362 624 489 660 quam
512 613 800 663 congregatio
823 613 904 650 ista
925 612 1159 651 benedicta
1179 619 1213 659 ³3
1244 625 1296 649 ex
1328 611 1482 661 quibus
1505 616 1603 648 sunt
1627 616 1669 647 vt
1692 611 1751 647 ‹li-

130 683 240 720 uites
262 696 348 721 non
378 683 541 721 minimi
561 684 580 708 b
603 684 728 722 huius
751 683 954 731 ciuitatis,
979 685 1050 734 qui
1072 692 1087 709 C
1110 683 1344 721 animarum
1376 682 1559 719 salutem
1590 683 1669 720 hac
1700 695 1752 720 ex

127 767 268 794 cansa
289 754 308 779 ‘¹
331 755 483 794 mirum
514 757 554 794 in
588 757 762 795 modum
795 762 969 808 sperant
999 762 1324 807 prouenturam,
1358 754 1582 805 eripiendo
1606 768 1658 791 cx
1693 756 1750 792 ui-

126 826 285 864 tiorum
316 827 481 877 laqueis
513 828 732 878 plurimas,
756 842 865 878 quae
899 829 968 866 uel
998 827 1180 874 nubere,
1205 828 1274 865 uel
1306 826 1491 864 Domino
1529 840 1575 863 se
1599 838 1750 863 conso-

127 911 247 936 crare
263 897 475 949 facultas
509 899 595 938 erit
613 906 630 924 e
649 930 656 946 ‚
680 905 809 951 prout
831 900 1103 950 deprehensa
1129 899 1259 937 fuerit
1281 897 1618 948 uniuscuiusque
1643 898 1654 940 f
1676 912 1750 935 uo-

127 970 256 1007 catio.

178 1052 217 1089 4.
277 1042 341 1080 De
365 1042 565 1080 muliebri
598 1043 728 1081 etiam
761 1047 915 1081 ornatu
937 1043 1019 1080 iam
1049 1042 1242 1080 nonnihil
1273 1042 1469 1080 breuiter
1491 1042 1645 1088 dicam,
1679 1042 1749 1091 qui

126 1113 209 1151 etsi
229 1126 315 1151 non
338 1113 449 1152 adeo
474 1115 725 1152 moderatus
746 1127 925 1165 prorsus
943 1124 986 1152 et
1008 1115 1060 1152 ab
1078 1114 1276 1152 omnibus
1294 1114 1362 1161 sit,
1384 1119 1428 1151 ut
1446 1113 1553 1152 Pris.
1574 1113 1749 1164 quidem

126 1185 331 1222 uoluntas
364 1190 472 1232 erat,
506 1198 593 1223 non
624 1198 773 1236 parum
804 1192 950 1224 tamen
981 1198 1005 1223 a
1034 1185 1179 1223 multis
1211 1190 1438 1223 correctus
1469 1190 1551 1231 est,
1585 1189 1629 1222 et
1663 1197 1749 1221 non

126 1255 237 1294 adeo
260 1255 504 1307 impudicus
527 1263 571 1295 et
593 1263 874 1309 sumptuosus
896 1256 1084 1304 uidetur,
1108 1262 1197 1295 tum
1228 1262 1408 1308 propter
1434 1257 1653 1307 publicum
1676 1256 1750 1293 de-

126 1332 294 1365 cretum
315 1327 370 1366 de
393 1328 478 1366 hoc
498 1329 679 1376 factum,
705 1334 796 1367 tum
820 1329 949 1368 etiam
971 1335 1150 1379 propter
1172 1327 1366 1366 assiduas
1388 1340 1438 1366 ac
1460 1329 1750 1366 uehementes

125 1399 173 1436 R.
199 1399 306 1437 Pris.
341 1400 479 1449 nostrj
514 1399 755 1439 conciones
792 1406 835 1439 et
871 1401 1181 1439 crebrerrimas
1216 1399 1601 1450 reprehensiones3
1632 1399 1750 1450 quod

123 1470 298 1520 quidem
315 1471 357 1508 in
375 1471 468 1510 dies
487 1473 625 1523 magis
641 1485 693 1510 ac
710 1473 847 1524 magis
865 1471 1062 1522 mnplius
1081 1474 1317 1511 succedere
1337 1479 1359 1504 g
1379 1485 1465 1510 non
1483 1471 1746 1509 dubitamus.

177 1550 214 1590 5.
274 1542 590 1582 Sacerdotibus
621 1556 796 1594 quoque
826 1548 1006 1595 propter
1036 1544 1256 1595 improbas
1278 1544 1519 1595 aliquorum
1550 1544 1748 1581 actiones

125 1612 266 1651 nullus
289 1613 381 1652 fere
404 1615 545 1654 honor
576 1616 738 1654 deferri
768 1615 1013 1663 uidebatur,
1038 1628 1221 1666 quorum
1253 1620 1531 1666 contemptus
1552 1628 1639 1653 non
1661 1628 1748 1653 me-

123 1683 332 1723 diocriter
355 1686 675 1725 sanctissimum
699 1688 988 1726 eucharistiae
1011 1692 1330 1725 sacramentum
1353 1686 1656 1734 defraudabat3
1680 1687 1748 1725 cui

123 1757 395 1796 subleuando
418 1759 531 1797 malo
554 1759 659 1797 utile
681 1759 777 1797 fore
799 1760 846 1797 R.
873 1761 919 1797 P.
944 1759 1229 1797 Prouincialis
1250 1759 1434 1809 putauit,
1459 1758 1493 1797 si
1515 1758 1747 1809 aliquoties

122 1829 177 1867 de
217 1829 345 1868 huius
376 1831 613 1880 sacerdotij
647 1830 875 1881 dignitate,
909 1836 999 1869 tum
1032 1832 1163 1869 etiam
1195 1831 1249 1869 de
1280 1831 1442 1869 sanct.⁰
1472 1836 1746 1870 sacramento

121 1901 257 1939 uerba
277 1901 463 1947 faceret;
486 1901 604 1953 quod
626 1908 782 1952 postea
801 1901 960 1941 multis
990 1902 1223 1940 uberrimis
1243 1901 1461 1941 fructibus
1488 1903 1522 1949 ¹¹,
1547 1902 1628 1952 Dej
1652 1916 1746 1953 gra-

121 1973 181 2012 tia
201 1973 322 2021 fecit,
347 1974 487 2012 creuit
519 1974 632 2012 enim
662 1987 749 2012 non
778 1987 929 2024 parum
959 1974 1195 2024 sacerdotij
1228 1974 1474 2021 ueneratio,
1506 1987 1679 2013 necnon
1702 1980 1747 2012 et

120 2045 226 2083 uitia
245 2044 458 2095 quaedam
480 2045 522 2083 in
543 2045 764 2096 parochijs
787 2051 831 2084 et
847 2046 1025 2096 priuatis
1043 2045 1225 2084 aedibus
1242 2046 1490 2095 frequentia
1507 2046 1667 2084 sensim
1686 2047 1745 2084 ui-

119 2116 276 2155 dentur
291 2117 474 2155 aboleri.
494 2117 654 2155 Iisdem
668 2118 953 2156 concionibus
969 2118 1090 2156 multi
1107 2118 1304 2156 similiter
1319 2118 1499 2156 excitati
1514 2119 1744 2157 maximam

120 2193 428 2226 sacrosanctae
466 2187 756 2227 eucharistiae
792 2189 803 2213 i
846 2189 1144 2240 cognitionem
1184 2189 1408 2240 assequuti
1447 2194 1560 2228 sunt.
1594 2191 1744 2241 Itaque

117 2259 290 2309 quando
314 2259 368 2298 ad
389 2272 549 2310 aegros
572 2259 782 2298 coelestis
803 2260 875 2298 ille
891 2261 1012 2311 panis
1034 2260 1246 2308 defertur,
1265 2261 1463 2311 plerique
1482 2267 1743 2300 venetorum

117 2331 296 2381 patritij,
334 2331 532 2370 accensis
567 2331 748 2379 facibus,
783 2345 938 2383 magna
968 2333 1096 2371 animi
1127 2333 1432 2372 summissione
1464 2333 1741 2381 comitantur,

117 2415 334 2453 pauperes
356 2403 533 2454 insuper
563 2403 758 2441 infirmos
788 2403 1084 2454 eleemosynis
1114 2405 1358 2451 uisitantes,
1393 2404 1589 2455 corporis
1620 2404 1744 2442 simul

119 2480 163 2513 et
184 2474 353 2512 animae
375 2474 608 2521 medellam
631 2474 941 2514 ministrantes,
967 2475 1111 2513 Multis
1128 2481 1360 2527 praeterea
1376 2475 1517 2514 factae
1536 2480 1635 2513 sunt
1656 2489 1744 2514 non

118 2545 483 2593 contemnendae,
521 2545 606 2583 imo
643 2559 827 2597 magnae
864 2547 1148 2599 erogationes
1178 2548 1231 2597 ijs
1261 2546 1449 2586 maxime
1479 2548 1549 2598 qui
1582 2549 1652 2586 uel
1673 2562 1743 2598 pa-

116 2617 312 2655 rentibus
335 2617 475 2655 orbati
499 2622 661 2664 essent,
689 2618 759 2656 uel
781 2618 1032 2669 religiosam
1063 2618 1279 2670 degerent
1309 2619 1456 2665 uitam,
1488 2624 1577 2656 tum
1610 2632 1742 2657 xeno-

116 2686 286 2737 dochijs
321 2688 554 2739 multisque
585 2687 834 2726 huiusmodi
855 2688 936 2739 piis
956 2689 1080 2737 locis,
1105 2692 1154 2728 ut
1175 2690 1229 2728 ab
1251 2691 1451 2729 aduentu
1474 2689 1664 2728 Domini
1684 2692 1743 2728 ad

150 2862 170 2881 a
201 2853 562 2900 congregationem
581 2854 700 2891 istam
720 2854 990 2892 benedictam.
1027 2856 1093 2881 —b
1114 2855 1300 2892 nominis.
1343 2864 1407 2882 -0
1427 2856 1563 2893 Prius
1581 2857 1739 2904 quibus.

115 2914 183 2940 —d
201 2914 370 2951 ratione.
425 2920 490 2939 -e
510 2913 590 2951 iam
610 2919 813 2961 poterunt.
865 2915 916 2940 —f
952 2914 1137 2952 Emend.
1160 2926 1211 2953 ex
1228 2915 1510 2963 unicuiusque.
1563 2925 1633 2951 —g
1653 2930 1741 2955 suc-

115 2985 273 3012 cessum
291 2973 536 3019 habiturum,
558 2984 646 3011 non
664 2973 801 3012 deleto
816 2985 855 3012 v.
877 2975 1109 3013 succedere.
1163 2976 1231 3001 —h
1246 2975 1450 3013 uberrimo
1474 2988 1565 3013 cum
1592 2975 1737 3015 fructu.

116 3035 175 3060 —i
197 3032 293 3071 Del.
314 3032 368 3071 ab
387 3035 502 3071 auct.
522 3032 712 3081 gratiam.
