1908 3446
189 162 259 200 658
671 160 889 200 LITTERAE
915 162 1269 209 QUADmMESTREs

143 264 185 302 id
207 265 324 314 quod
344 272 518 315 praeter
554 265 635 302 alia
655 270 850 315 praestat
873 265 985 303 coeli
1008 266 1261 316 temperies,
1285 278 1397 316 quae
1419 266 1520 305 huic
1543 267 1637 304 urbi
1659 268 1768 304 salu-

143 336 330 373 berrima
353 342 433 374 est.
460 336 661 374 Omnium
682 336 923 386 profectus,
948 342 1035 374 tam
1060 338 1252 382 Patrum,
1276 348 1403 386 quarn
1425 337 1620 385 fratrum,
1643 338 1685 375 in
1719 337 1769 374 iis

142 418 252 456 quae
275 406 329 444 ad
350 405 535 444 instituti
559 403 707 444 'nostri
730 407 933 444 seruandi
956 408 1171 446 rationem
1193 407 1394 455 attinent,
1417 408 1543 446 facile
1565 408 1770 458 perspici-

142 482 224 515 tur.
250 477 542 516 Obedientiae
576 478 688 515 enim
711 478 846 528 prima
878 492 994 526 cura,
1028 492 1201 517 necnon
1226 484 1268 517 et
1299 480 1462 530 regulis
1492 480 1652 517 nostris
1683 492 1770 517 ser-

142 549 294 587 uandis
323 563 401 600 pro
434 563 511 588 sua
541 551 651 587 virili
683 550 865 600 quisque
899 551 1062 589 studet.
1088 552 1136 588 Ei
1172 563 1354 589 numero
1388 563 1555 598 eorum,
1589 563 1698 601 quos
1728 551 1769 588 in

140 621 224 658 hoc
248 621 436 671 collegio
460 634 634 659 manere
660 622 958 671 superioribus
981 623 1117 659 literis
1140 623 1188 660 T.
1215 623 1261 660 P.
1287 622 1544 672 significaui‚
1576 622 1679 659 nihil
1704 627 1770 659 est

140 704 281 742 neque
304 691 498 730 additum
534 706 617 730 nec
639 693 902 739 detractum,
927 694 1083 731 decem
1103 695 1216 731 enim
1239 707 1402 741 sumus,
1428 694 1583 732 domus
1614 706 1769 744 angus-

139 762 211 811 tijs
246 765 390 813 plures
420 778 507 802 non
544 765 889 803 admittentibus.
924 766 1159 815 Speramus
1189 771 1336 803 tamen
1370 765 1626 816 propediem
1656 766 1767 812 fore,

139 835 201 872 vti
224 835 399 873 domum
432 837 531 873 huic
563 836 858 885 conjunctam,
884 843 980 875 cum
1011 842 1106 874 tota
1126 837 1208 874 hac
1237 838 1375 875 insula
1403 849 1663 883 mercemur,
1687 849 1771 886 qua

137 919 224 944 non
245 907 352 944 alius
375 908 482 945 situs
505 909 593 958 (qui
617 908 784 946 venalis
808 909 945 958 esset)
969 909 1255 959 opportunior
1277 914 1428 946 nostro
1453 909 1652 946 instituto
1675 914 1769 958 pot-

140 984 233 1015 erat
254 991 353 1017 sese
378 979 555 1019 offerre.

190 1060 227 1096 3.
289 1049 356 1086 Ad
396 1056 670 1088 sacramenta
717 1050 1008 1089 confessionis
1054 1056 1184 1101 atque
1234 1051 1526 1089 eucharistiae
1572 1051 1770 1102 proxima

143 1120 501 1171 quadragessima
530 1122 778 1172 frequentia
809 1122 984 1173 copiosa
1029 1121 1263 1159 decursum
1306 1128 1386 1160 est.
1430 1121 1604 1160 Dimissi
1642 1135 1769 1172 quam

137 1192 299 1242 plures,
323 1192 482 1243 quippe
505 1195 659 1243 quibus
689 1207 713 1231 a
736 1201 821 1232 tam
843 1195 993 1244 paucis
1015 1194 1109 1231 fieri
1133 1193 1235 1231 satis
1258 1207 1344 1232 non
1367 1200 1532 1245 posset.
1560 1195 1767 1243 Quamto-

134 1275 239 1313 pere
262 1268 408 1301 autem
431 1264 485 1301 sit
505 1265 751 1314 profectum
775 1266 816 1302 in
839 1266 983 1302 multis
1005 1266 1268 1312 hominibus,
1294 1271 1385 1303 tum
1414 1266 1767 1303 confessionibus

135 1340 222 1371 tum
249 1335 380 1372 etiam
402 1336 662 1373 salutaribus
685 1338 860 1374 monitis
884 1343 926 1374 et
950 1337 1159 1385 consilijs,
1179 1349 1266 1374 non
1290 1342 1355 1374 est
1378 1337 1480 1374 mihi
1502 1337 1629 1375 facile
1653 1337 1767 1387 sigil-

134 1406 251 1443 latim
274 1406 440 1454 dicere;
463 1420 546 1445 nec
567 1407 609 1445 id
633 1409 879 1458 epistolaris
901 1409 1062 1459 patitur
1085 1409 1300 1459 angustia.
1334 1409 1433 1446 Non
1464 1415 1610 1447 tamen
1641 1409 1766 1447 idcir-

134 1489 185 1514 co
208 1489 232 1514 a
256 1478 448 1515 visendis
472 1484 515 1515 et
539 1491 719 1517 carcere
744 1485 787 1516 et
810 1480 1092 1518 xenodochio
1117 1487 1336 1518 cessatum
1361 1485 1441 1518 est.

186 1560 224 1597 4.
287 1551 585 1588 Concionatus
617 1555 683 1588 est
721 1551 848 1588 Pater
885 1558 1031 1590 rector
1069 1553 1075 1571 ¹
1107 1552 1307 1602 proxima
1336 1552 1694 1602 quadragessima
1723 1553 1764 1590 in

135 1621 272 1658 tribus
293 1622 421 1670 hujus
444 1622 561 1659 urbis
582 1622 797 1672 primarijs
819 1624 993 1674 templis
1016 1629 1083 1661 ter
1118 1629 1332 1673 quaterue
1370 1636 1649 1673 nonunquam
1685 1623 1767 1662 sin-

132 1693 245 1742 gulis
265 1693 571 1740 hebdomadis,
596 1695 846 1732 confluebat
869 1695 923 1733 ad
956 1696 1050 1744 ejus
1083 1695 1321 1734 conciones
1355 1696 1492 1733 omnis
1522 1696 1614 1734 fere
1637 1695 1766 1744 hujus

133 1764 322 1802 ciuitatis
343 1765 564 1813 nobilitas,
588 1771 762 1815 praeter
793 1765 918 1803 alian]
941 1768 1212 1805 innumeram
1234 1767 1382 1817 populi
1404 1768 1590 1805 turbam.
1614 1767 1764 1805 Dicam

133 1835 175 1872 id
192 1835 308 1886 quod
326 1835 380 1873 de
400 1837 574 1874 Christo
597 1842 827 1875 seruatore
850 1843 1003 1875 nostro
1028 1843 1204 1875 sanctus
1226 1837 1451 1888 praedicat
1475 1838 1761 1888 euangelista:

133 1907 340 1944 mirantur
374 1920 526 1945 omnes
548 1908 589 1944 in
621 1907 819 1947 doctrina
844 1908 938 1957 ejus
962 1913 987 1955 ²,
1013 1921 1064 1946 ac
1098 1921 1214 1946 noua
1235 1910 1308 1946 lux
1339 1909 1419 1946 sibi
1444 1909 1546 1946 oriri
1567 1909 1659 1946 visa
1681 1914 1762 1947 est.

134 1979 318 2016 Desueti
342 1979 454 2016 enim
479 1984 601 2016 erant
623 1979 874 2027 hujusmodi
897 1979 1198 2017 concionibus.
1220 1980 1392 2018 Accidit
1414 1992 1547 2031 saepe
1568 1993 1764 2027 numero,

134 2050 337 2087 absoluta
373 2052 602 2098 concione,
641 2050 852 2101 quosdam
875 2051 1022 2089 diuino
1055 2056 1246 2089 attactos
1277 2052 1452 2090 numine
1475 2058 1606 2103 atque
1627 2057 1763 2090 atrac-

131 2126 215 2167 tOS,
241 2121 416 2159 domum
447 2128 642 2160 nostram
673 2123 866 2161 acurissc
904 2128 1107 2173 optantes
1137 2129 1422 2173 peccatorum
1459 2124 1644 2171 sarcina,
1678 2137 1762 2174 qua

130 2194 456 2242 premebantur,
500 2195 652 2241 leuari,
693 2195 764 2244 qui
804 2194 1051 2246 gaudentes
1091 2196 1430 2234 reuertebantur
1465 2196 1762 2246 glorificantes

132 2265 272 2301 Deum
293 2269 320 2302 ³.
346 2265 574 2303 Dominica
604 2266 736 2303 tertia
769 2271 869 2316 post
897 2267 1059 2317 pascha
1089 2279 1114 2304 a
1143 2266 1401 2317 quibusdam
1423 2268 1631 2317 gravibus
1659 2268 1762 2305 viris

130 2335 277 2374 diuino
301 2337 397 2374 zelo
419 2338 617 2375 accensis
641 2343 822 2376 coactus
854 2339 1033 2376 multum
1063 2338 1224 2389 diuque
1254 2339 1461 2390 fatigatus
1492 2339 1627 2377 verba
1656 2339 1762 2377 fecit

129 2405 171 2444 in
192 2407 381 2457 quodam
404 2410 568 2458 templo
605 2408 733 2458 hujus
769 2408 885 2447 vrbis
921 2410 1225 2448 meretricibus
1260 2409 1459 2460 publicis,
1492 2410 1761 2460 praeparatis

130 2483 260 2515 antea
281 2478 353 2527 qui.
375 2480 602 2517 conuersis
625 2479 911 2517 subuenirent
933 2480 1020 2517 suis
1044 2480 1214 2530 opibus,
1240 2480 1301 2518 Ibi
1323 2486 1413 2518 tum
1435 2481 1500 2530 (vt
1523 2481 1558 2519 si
1580 2493 1760 2531 vsquam

130 2548 253 2598 alias)
274 2549 579 2588 ardentissimo
602 2550 753 2600 spiritu
777 2556 845 2588 est
867 2551 1170 2598 concionatus,
1198 2555 1242 2589 vt
1263 2551 1336 2589 vix
1369 2557 1489 2590 esset
1510 2558 1596 2590 tam
1628 2551 1760 2590 durus

83 2661 86 2664 ⁴
128 2620 200 2670 qui
221 2621 465 2667 lachrimas,
490 2621 562 2671 qui
584 2621 797 2671 singultus
819 2628 949 2672 atque
971 2623 1155 2672 suspiria
1174 2627 1364 2660 teneret.
1391 2623 1506 2672 Quin
1529 2627 1572 2661 et
1596 2636 1649 2661 ex
1678 2624 1759 2662 illis

129 2692 298 2730 miseris
321 2704 473 2730 omnes
504 2705 559 2730 ex
588 2692 759 2742 perdita
790 2693 879 2731 vita
909 2692 963 2730 ad
993 2693 1221 2732 meliorem
1242 2693 1414 2745 frugem
1447 2706 1546 2732 sese
1577 2706 1759 2745 recepe-

176 2853 184 2872 ¹
237 2851 284 2889 P.
304 2851 536 2890 Ludovicus
555 2853 604 2890 de
623 2852 872 2891 Santander.

174 2911 187 2931 ‘⁴'
239 2910 301 2950 Cf.
323 2910 512 2956 MATTH.,
533 2910 669 2957 XXII,
690 2912 749 2951 33.

173 2971 186 2992 ³
238 2970 303 3010 Cf.
323 2970 453 3017 Luc„
469 2971 520 3017 II,
541 2971 600 3011 20.

1903 171 1908 254 ,Δ
1902 95 1908 130 ——
1900 39 1908 67 x
1891 3 1894 10 .
