1908 3446
194 288 264 326 542
660 291 878 330 LITTERAE
905 293 1258 338 QUADRIMESTRES

893 481 1010 532 350

501 631 984 694 JOSEPHUS
1039 628 1417 677 ACOSTA

601 777 819 804 COMPLUTO
843 764 891 803 29
915 772 1143 801 FEBRUARII
1172 760 1262 798 1560
1289 761 1314 796 ¹.

149 875 178 914 1,
203 874 417 914 Studium
438 873 625 914 virtutis
647 888 700 913 ac
728 871 968 925 regularis
998 867 1326 909 observantiae.
1369 867 1583 906 Valetudo
1618 868 1657 905 et
1691 879 1771 905 nu-

227 953 379 980 merus
416 938 778 980 sociorumssz
820 935 1077 977 Litteraria
1116 931 1469 974 exercitia—5.
1513 931 1772 971 Ministeria

226 1019 342 1058 erga
358 1005 714 1056 proximos.—4.
741 1005 913 1043 Domus
929 1000 1219 1054 probationis
1238 1002 1383 1050 nuper
1403 999 1565 1038 erecta.
1592 997 1772 1049 Ingres-

224 1071 266 1109 εἰ
296 1071 342 1109 in
373 1069 754 1110 Societatem.—5.
788 1068 1015 1108 Doctrina
1045 1065 1306 1106 christiana
1331 1063 1489 1115 pueris
1515 1063 1564 1102 in
1589 1062 1770 1113 publico

226 1138 323 1176 loco
346 1136 566 1184 traditur,
590 1150 643 1176 ex
663 1149 749 1187 quo
784 1148 876 1174 non
898 1137 1073 1185 parvus
1107 1131 1245 1172 etiam
1258 1130 1450 1182 fructus
1485 1128 1534 1167 in
1564 1128 1671 1168 aliis
1704 1141 1771 1168 re-

227 1203 415 1241 dzmdat.

203 1322 236 1349 1.
298 1310 406 1349 IHS.
431 1309 843 1348 Obseruandissimo
865 1308 907 1346 in
930 1308 1062 1347 Chro.
1087 1305 1203 1344 Patri
1223 1304 1277 1343 M.
1310 1304 1473 1342 Iacobo
1506 1302 1664 1340 Lainez
1691 1301 1770 1340 So-

150 1382 323 1421 cietatis
343 1383 443 1421 Iesu
464 1382 716 1432 praeposito
740 1379 935 1432 generali
956 1379 1000 1418 S.
1038 1377 1190 1416 Gratia
1222 1382 1266 1415 et
1294 1388 1379 1426 pax
1410 1375 1586 1414 Christi.
1613 1374 1770 1424 Quam-

146 1452 210 1491 uis
247 1465 299 1491 ea
331 1453 441 1500 fere,
483 1464 595 1503 quae
630 1451 684 1490 de
720 1451 931 1502 spirituali
965 1450 1240 1488 incremento
1275 1447 1402 1485 huius
1438 1445 1613 1497 collegij
1656 1450 1768 1492 sunt,

145 1523 317 1563 abunde
341 1538 395 1563 ex
418 1525 464 1563 P.
490 1524 687 1574 Baptista
707 1524 734 1570 ²,
759 1522 972 1573 quoniam
995 1523 1194 1571 quatuor
1225 1520 1307 1559 hos
1336 1531 1505 1558 menses
1526 1517 1649 1557 festis
1671 1516 1772 1568 fuit

146 1609 301 1636 rerum
324 1594 678 1635 domesticarum
700 1593 919 1641 omnium,
943 1593 1085 1644 possis
1107 1602 1399 1643 cognoscere3
1421 1594 1569 1628 tamen
1599 1593 1645 1626 ut
1668 1589 1770 1627 obe-

145 1667 336 1707 dientiae
357 1668 542 1719 piaeque
573 1672 752 1705 nostrae
775 1664 1083 1705 consuetudini
1114 1663 1311 1708 satisfiat,
1341 1661 1536 1700 breuiter
1566 1660 1767 1707 referam,

144 1753 254 1790 quae
277 1739 331 1778 ad
352 1739 589 1778 Societatis
610 1738 855 1777 institutum
885 1736 1090 1775 videntur
1119 1735 1358 1786 pertinere.
1383 1734 1430 1771 In
1459 1733 1541 1772 hac
1575 1732 1689 1771 enim
1710 1731 1769 1770 di-

143 1813 296 1863 ligenti
316 1815 604 1863 promptaque
626 1809 989 1849 constitutionum
1014 1807 1326 1847 obseruatione
1348 1806 1530 1844 fratrum
1553 1817 1656 1844 cura
1683 1808 1770 1842 stu-

144 1883 347 1935 diumque
372 1895 499 1921 omne
520 1881 711 1934 ponitur,
737 1886 781 1919 vt
804 1894 901 1920 cum
923 1879 977 1918 ad
999 1893 1122 1917 suum
1143 1879 1326 1929 quisque
1343 1877 1591 1929 profectum
1609 1877 1771 1915 incum-

143 1956 231 2002 bat,
263 1954 454 1993 omnium
476 1954 632 1992 eadem
652 1953 826 1991 virtutis
856 1951 1181 2002 acquire11[dae]
1215 1949 1421 1988 Voluntas
1451 1949 1520 1987 sit.
1552 1949 1617 1986 Ita
1646 1948 1694 1986 fit
1723 1954 1772 1987 vt

143 2032 230 2064 tam
252 2025 435 2076 publicis
457 2024 881 2070 mortificationibus‚
905 2035 1017 2074 quae
1051 2021 1248 2073 quotidie
1278 2033 1391 2072 pene
1422 2020 1768 2071 frequentantur,

144 2110 271 2148 quam
292 2096 465 2148 priuato
487 2107 624 2134 verae
655 2094 961 2146 abnegationis
983 2093 1206 2143 exemplo,
1232 2105 1278 2130 se
1300 2091 1489 2129 inuicem
1520 2090 1573 2129 ad
1602 2091 1771 2142 perfec-

143 2170 309 2208 tionem
338 2172 591 2219 provocent
622 2172 666 2205 et
687 2165 945 2205 accendant.
966 2164 1246 2203 Hilaritatem
1263 2175 1372 2201 vero
1395 2161 1610 2213 quandam
1627 2169 1646 2187 a
1665 2174 1769 2212 prae

144 2253 191 2279 se
212 2241 357 2278 ferunt
380 2252 568 2290 semper,
592 2251 705 2290 quae
726 2237 961 2289 praecipue
978 2235 1154 2275 videtur
1177 2241 1381 2273 strenuos
1399 2246 1450 2273 ac
1472 2233 1695 2272 studiosos
1717 2233 1770 2271 ad

143 2312 341 2363 quemuis
364 2310 645 2349 obedientiae
674 2315 878 2348 conatum
909 2308 1112 2347 reddere.
1148 2306 1354 2357 Corporis
1384 2310 1530 2343 autern
1560 2304 1768 2343 valetudo

143 2389 237 2423 tota
270 2384 352 2422 hac
381 2384 558 2433 hyeme,
595 2381 712 2432 quod
746 2394 833 2419 non
862 2385 929 2418 est
959 2378 1074 2430 apud
1102 2391 1184 2416 nos
1215 2378 1364 2428 exigui
1383 2377 1402 2401 b
1424 2375 1650 2424 momenti,
1682 2389 1770 2414 me-

143 2456 223 2494 lior
245 2456 380 2493 multo
412 2466 539 2505 quam
571 2453 692 2491 annis
723 2451 1021 2502 superioribus
1052 2460 1240 2498 unquam
1261 2447 1356 2485 fuit.
1381 2448 1435 2485 Et
1457 2459 1553 2485 cum
1586 2459 1768 2485 numero

143 2526 297 2566 domus
317 2529 514 2576 praestet
535 2524 701 2574 (sumus
724 2523 839 2561 enim
869 2521 923 2560 ad
951 2520 1240 2572 quadraginta
1271 2523 1373 2557 octo
1406 2524 1480 2557 aut
1511 2531 1565 2557 eo
1587 2518 1767 2569 plures),

142 2598 465 2650 aegrotantium
487 2596 614 2647 copia
634 2596 773 2634 minus
795 2597 977 2646 grauata
995 2597 1077 2632 est.

196 2680 233 2708 2.
295 2668 425 2719 Quod
445 2667 499 2705 ad
529 2679 621 2705 rem
651 2667 886 2704 literariam
920 2669 1106 2715 spectat,
1139 2664 1181 2702 in
1210 2663 1303 2714 ipsa
1332 2674 1506 2712 quoque
1543 2660 1769 2700 academia

190 2841 209 2859 a
247 2829 432 2869 Emend.
455 2839 504 2867 ex
522 2827 750 2875 quamdam.
805 2828 870 2853 -b
892 2827 985 2874 Seq.
1006 2839 1042 2863 m
1063 2826 1191 2864 delet.

190 2973 198 2992 ¹
251 2971 313 3008 Ex
332 2971 583 3019 autographo
602 2984 625 3008 a
644 2970 820 3008 Poianco
840 2970 1054 3007 emendato
1073 2969 1113 3006 in
1131 2969 1267 3006 codice
1284 2968 1412 3014 Hz‘sp.
1432 2966 1499 3013 97,
1515 2966 1538 3003 2
1551 2966 1609 3013 ff..
1625 2979 1690 3003 nn.
1705 2965 1765 3011 60,

140 3031 199 3076 61;
220 3032 330 3079 prius
348 3030 429 3068 292.

188 3092 201 3111 ²
251 3090 294 3127 Ρ.
312 3090 492 3138 Joannes
511 3090 695 3137 Baptista
713 3092 763 3127 de
783 3089 951 3133 Ribera,
970 3089 1039 3135 qui
1058 3089 1232 3125 Romam
1251 3086 1396 3123 missus
1416 3090 1517 3124 erat.
