1908 3446
254 224 323 262 462
718 224 936 265 LITTERAE
963 228 1318 274 QUAomMEsrREs

208 401 451 446 elesiarum,
488 401 530 439 id
576 403 702 441 ΚΒΜ
737 404 909 454 legatus
942 403 1091 452 inclyti
1126 401 1222 453 regi
1260 403 1352 455 [sic]
1392 404 1602 443 Poloniae
1636 408 1660 453 ¹,
1690 406 1775 444 imo
1807 409 1825 427 a

208 483 323 510 caes.
349 472 403 510 M.
428 473 447 497 b
468 472 503 510 si
523 473 696 524 quando
734 486 917 512 censura
952 473 1262 524 theologorum
1294 475 1539 525 requiratur
1570 475 1611 514 in
1647 488 1694 514 re
1728 490 1824 527 qua·
1866 491 1907 518 *i*

205 542 333 592 piam,
357 555 381 580 a
402 542 657 583 doctoribus
691 545 851 582 nostris
889 556 941 581 ea
975 549 1020 581 ut
1052 543 1253 594 exigatur
1287 545 1423 592 iubet,
1462 546 1824 596 quemadmodum

206 611 377 651 duobus
398 613 512 652 forte
535 615 690 653 abhinc
725 616 945 653 mensibus
972 614 1136 652 factum
1160 619 1240 653 est.
1266 616 1364 654 Hoc
1391 615 1790 655 animaduertentes
1810 625 1825 644 c
1866 610 1868 620 ’

206 684 367 731 miseri,
392 685 563 724 afflictis
585 687 717 724 rebus
739 686 841 732 suis,
866 685 919 723 ad
940 698 1021 723 nos
1044 685 1318 736 confugiunt3
1341 686 1428 725 imo
1453 687 1583 725 etiam
1605 700 1629 725 a
1663 690 1825 739 magnis
1866 714 1869 737 3
1891 707 1900 724 .-

207 755 391 794 dominis
412 757 466 795 ad
496 770 592 804 nos,
626 756 758 807 quasi
794 759 853 795 ad
885 769 1071 796 sacram
1102 756 1169 806 (ut
1199 756 1267 796 ita
1298 757 1463 805 dicam,
1496 757 1562 797 sic
1596 758 1713 798 enim
1743 758 1828 810 ipsi
1866 801 1868 810 ¹

205 826 517 879 suspicantur)
540 830 795 868 anchoram
816 829 1059 875 mittuntur,
1085 841 1181 867 cum
1203 829 1289 868 hoc
1312 830 1489 869 Caesari
1511 842 1562 868 ae
1591 830 1685 880 alijs
1719 831 1825 881 prin·

206 899 373 949 cipibus
410 912 508 937 esse
539 905 709 951 gratum
741 905 915 947 norunt,
941 901 1093 938 Patres
1113 901 1252 939 nostri
1273 901 1377 939 nihil
1400 901 1473 939 ulli
1494 907 1656 953 negant
1680 914 1825 942 eorum
1865 929 1869 942 1

205 983 316 1021 quae
338 977 534 1022 possunt.
561 973 660 1021 Quo
682 972 744 1019 fit,
770 977 816 1010 ut
831 970 1036 1022 permulti
1051 971 1134 1009 iam
1152 972 1399 1023 intelligant
1421 984 1468 1011 se
1486 973 1639 1011 fauore
1660 979 1826 1012 nostro-

205 1055 298 1080 rum
318 1042 547 1092 plurimum
569 1055 701 1094 posse
723 1044 875 1090 iuuari,
899 1055 1043 1094 neque
1066 1056 1143 1081 sua
1164 1043 1356 1094 ipsorum
1379 1057 1470 1096 spe,
1504 1057 1615 1095 quae
1650 1045 1732 1083 Dei
1763 1050 1825 1083 est

206 1113 438 1151 clementia
459 1126 509 1152 ac
530 1115 717 1161 bonitas,
741 1114 1017 1152 frustrantur.

284 1185 449 1236 Accipe
470 1186 581 1224 haec
601 1192 766 1233 nostra,
791 1187 837 1225 P.
861 1185 1094 1224 admodum
1119 1186 1229 1233 R.de,
1253 1186 1570 1238 qualiacunque
1594 1199 1645 1225 ea
1668 1186 1765 1235 sint,
1785 1194 1826 1226 et

205 1260 250 1293 vt
272 1255 417 1294 diuina
437 1256 615 1295 fauente
636 1256 776 1307 gratia
797 1257 960 1295 maiora
980 1256 1197 1308 possimus
1237 1257 1271 1305 d,
1309 1257 1468 1296 filiolos
1506 1262 1607 1296 tuos
1646 1257 1825 1297 assiduis

204 1325 361 1365 adiuua
390 1328 607 1378 precibus.
640 1328 836 1366 Viennae
868 1329 1070 1366 Austriae
1105 1339 1119 1366 1
1150 1329 1338 1380 Januarij
1376 1330 1488 1377 1560.
1523 1330 1571 1368 T.
1608 1330 1654 1368 R.
1690 1330 1735 1368 P.
1769 1330 1824 1368 in·
1865 1341 1868 1352 ’

204 1397 360 1448 dignus
380 1398 492 1436 filius
513 1411 564 1438 ae
584 1399 730 1449 potius
752 1412 906 1437 seruus
928 1399 969 1437 in
990 1400 1066 1438 X.O
1082 1401 1185 1451 Jesu
1207 1400 1384 1447 inutilis,

1184 1489 1359 1528 THOMAS
1391 1490 1609 1528 ILLYRICUS
1640 1491 1666 1528 ².

284 1611 542 1663 Inscriptio.
568 1613 651 1651 Ihs.
678 1613 1035 1662 Quadrimestres
1070 1612 1247 1664 collegii
1269 1615 1424 1652 Caesa.
1463 1614 1702 1652 Societatis
1723 1615 1823 1665 Jesu
1866 1625 1867 1629 ’

203 1683 399 1722 Viennae
436 1695 449 1721 1
480 1684 668 1736 Januarii
694 1684 793 1732 1560
831 1684 884 1722 ad
907 1686 954 1723 R.
981 1685 1026 1722 P.
1051 1698 1189 1722 nrum.
1215 1685 1521 1735 Praepositum
1544 1686 1820 1726 Generalem.

203 1756 382 1794 Romae.

282 1828 473 1866 Polancz'
491 1839 633 1865 manu
655 1827 901 1866 emendata.

281 1898 388 1937 Alia
420 1911 573 1937 manu.
608 1898 809 1936 Mandata
837 1911 862 1936 a
892 1899 1078 1938 Genoua
1110 1903 1194 1937 etc.
1234 1910 1267 1946 13
1300 1900 1474 1950 Spagna
1502 1911 1543 1949 43
1575 1899 1755 1938 Francia
1791 1910 1822 1947 13
1866 1937 1869 1940 ,

202 1969 359 2020 Napoli
384 1980 398 2007 1
409 1999 417 2007 .

248 2151 267 2169 a
321 2148 372 2179 et.
426 2143 491 2167 —b
517 2142 627 2178 Nstas
682 2151 743 2169 —0
764 2142 845 2179 alii.
899 2144 965 2169 -d
988 2149 1185 2190 prestare.

248 2310 257 2329 ¹
312 2308 487 2346 Videtur
518 2308 686 2345 indicari
717 2307 918 2345 Martinus
946 2307 1181 2351 Cromerus,
1214 2308 1464 2356 Sigismundi
1490 2309 1600 2355 regis
1630 2308 1838 2354 Poloniae*

199 2369 360 2414 legatus
378 2368 484 2414 apud
503 2379 722 2405 caesarem.

247 2427 260 2447 ²
310 2427 370 2464 Ita
389 2427 688 2473 cognomitatur
705 2440 728 2463 a
748 2427 891 2473 patria.
914 2426 1033 2464 Alias
1058 2427 1203 2464 dicitur
1221 2426 1438 2471 Elaricius.
1466 2427 1693 2472 Sdelacius,
1725 2426 1821 2464 Zde-

200 2486 375 2524 laricius.
401 2486 505 2523 Vide
532 2485 888 2531 BRAUNSBERGER,
916 2499 978 2532 op.
1008 2499 1057 2529 c..
1087 2485 1136 2531 Il,
1156 2485 1238 2524 666.
1259 2487 1304 2524 In
1323 2489 1511 2533 catalogo
1529 2486 1694 2534 collegii
1715 2487 1821 2524 vien·
1874 2513 1876 2519 »

199 2545 336 2583 nensis
354 2558 489 2593 supra,
511 2559 547 2592 p.
568 2545 649 2589 456,
671 2546 793 2583 citato
811 2546 861 2583 de
880 2558 940 2591 eo,
963 2548 1068 2583 inter
1086 2547 1167 2583 alia
1185 2546 1281 2584 dicit
1299 2545 1344 2583 Ρ.
1366 2546 1498 2585 Grim:
1523 2547 1719 2584 «Thomas
1733 2545 1822 2583 Ela-

199 2605 319 2643 ricius
350 2604 536 2642 Sclauus.
571 2605 713 2642 Annos
743 2610 862 2642 natus
891 2604 949 2650 26,
978 2611 1152 2654 quatuor
1182 2606 1223 2643 in
1253 2606 1459 2644 Societate
1490 2606 1578 2652 fuit;
1608 2606 1821 2654 aliquando

198 2664 357 2702 auditor
379 2664 607 2701 rhetoricae
634 2663 722 2705 fuit,
751 2669 890 2711 postea
918 2666 1173 2703 necessitatis
1203 2678 1325 2703 causa
1344 2666 1490 2703 tertiae
1510 2665 1630 2703 classi
1648 2665 1822 2712 praefuit
1874 2687 1875 2690 =

197 2724 350 2772 aliquot
370 2724 618 2761 mensibus...
639 2723 754 2760 modo
774 2729 879 2761 totus
897 2725 1028 2762 studio
1047 2725 1200 2772 logices
1218 2725 1390 2762 traditus
1409 2731 1513 2763 est...
1535 2725 1572 2762 Is
1592 2725 1706 2762 nobis
1721 2736 1820 2762 unus

197 2788 259 2821 est
275 2795 436 2831 semper
456 2783 564 2821 visus
591 2796 641 2820 ex
664 2784 744 2820 illis
770 2784 839 2830 qui
866 2785 955 2831 plus
981 2785 1021 2822 in
1053 2785 1264 2822 altioribus
1294 2791 1460 2832 possunt
1487 2785 1706 2832 disciplinis
1736 2797 1820 2832 pro·
1870 2803 1874 2817 ι

196 2845 386 2881 ficere...»

1854 0 1859 14 l

1855 0 1906 203 {il

1856 103 1869 133 1}

1868 148 1869 159 l

207 329 392 369 mittant.
417 329 463 368 Id
485 329 589 369 fecit
609 331 723 369 inter
745 330 852 369 alios
888 332 972 369 hoc
1006 330 1312 380 quadrimestri
1347 333 1475 371 R.¹³‘1¹¹S
1512 334 1718 384 Quinque
1749 334 1823 374 Ec·
1867 341 1869 346 ’
