1908 3446
569 196 906 233 ‘EQ—Massam
934 199 955 233 3
984 197 1090 244 MAJl
1124 199 1210 235 1:359
1596 201 1658 236 187

89 311 160 337 eas
181 298 372 336 dictante
394 296 654 348 paedagogo
678 297 894 335 daemone
916 298 1049 336 fuisse
1071 298 1278 348 prolatas.
1311 300 1519 347 Tandem,
1543 302 1612 338 ubi
1636 316 1704 350 pa-

86 381 255 418 rumper
294 368 494 405 haeresin
534 367 647 406 illam
688 367 988 418 deposuisset,
1031 369 1218 407 animum
1258 371 1456 420 arripuit,
1500 374 1538 410 et
1579 385 1704 410 omne

24 467 29 494 v,
85 439 262 491 Augz'ae
281 439 511 477 stabulum
538 433 818 490 expurgans,
842 439 945 478 illud
975 439 1112 490 ipsum
1144 441 1261 490 quod
1292 442 1455 480 tamdiu
1486 445 1702 481 occultum

27 498 29 523 ³
84 509 306 561 gessisset,
330 508 585 555 declarauit3
610 514 871 560 sumptoque
890 511 1085 561 corporis
1107 511 1269 550 Christi
1290 513 1466 560 uiatico,
1491 513 1544 551 ad
1567 515 1703 564 pristi-

83 595 181 619 num
202 581 357 618 mentis
380 580 577 630 uigorem
601 585 667 618 est
688 586 937 619 reuocatus.

135 661 171 700 5.
231 650 382 689 Mulier
403 663 514 701 quae
547 655 671 689 extra
703 652 963 701 matrimonij
989 652 1228 703 compedes
1258 666 1334 704 per
1370 665 1414 701 13
1445 668 1581 693 annos
1612 655 1704 694 aliis

28 716 29 739 l
82 721 145 760 sui
166 721 359 772 corporis
382 721 550 771 copiam
572 721 755 769 fecerat,
779 721 832 760 ad
869 723 1068 761 castioris
1090 722 1206 762 uitae
1234 725 1478 764 institutum
1500 739 1523 763 a
1545 727 1704 765 nostris

29 835 30 852 ἢ
82 794 323 839 exhortata,
348 793 715 840 confessionibus,
738 792 909 832 ieiuniis
932 794 1112 845 aliisque
1134 795 1176 833 id
1198 809 1338 847 genus
1369 798 1449 848 piis
1481 799 1701 848 operibus,

29 861 30 875 ¹
80 863 271 915 quotidie
307 877 354 903 se
389 869 529 903 totam
564 865 747 904 deuouit
777 874 810 904 ⁸.
843 867 905 904 Ea
935 871 1081 905 autem
1113 880 1285 919 semper
1317 870 1517 908 Patribus
1543 871 1704 908 nostris

78 936 308 988 praecipua
337 948 440 974 cura
470 936 563 983 fuit,
588 949 642 975 ne
674 938 834 976 amoris
866 938 1106 989 coniugalis
1136 939 1249 977 inter
1285 939 1422 978 uirum
1455 947 1498 979 et
1521 954 1702 979 uxorem

28 999 30 1030 l
80 1007 292 1045 uinculum
315 1006 538 1055 dissiliret;
563 1013 607 1045 et
629 1008 663 1046 si
690 1007 862 1059 quando
894 1009 1138 1048 simultates
1169 1011 1333 1060 aliquas
1365 1013 1434 1049 uel
1465 1013 1703 1051 nubeculas

28 1094 31 1117 ε
79 1078 179 1116 oriri
193 1078 485 1129 contingeret,
501 1091 611 1129 quae
628 1083 940 1130 tempestatem
953 1086 1108 1131 postea
1125 1081 1380 1120 uiderentur
1390 1083 1700 1133 producturae,

81 1148 394 1188 studiosissime
417 1149 702 1201 aduigilatum
726 1156 808 1198 est,
833 1156 878 1189 ut
900 1151 1040 1202 gratia
1059 1152 1239 1203 pristina
1270 1153 1408 1191 coiret
1441 1159 1485 1192 et
1516 1156 1702 1194 sancire-

30 1258 31 1271 ,
77 1225 157 1259 tur.
181 1220 306 1259 Adeo
330 1225 375 1258 ut
396 1234 485 1259 non
506 1233 673 1272 paucae
696 1222 918 1269 mulieres,
938 1235 1050 1273 quae
1068 1224 1138 1261 uel
1156 1224 1239 1262 iam
1257 1224 1398 1263 mariti
1415 1226 1589 1265 thorum
1606 1227 1703 1265 reli-

29 1283 31 1297 ⁴
76 1297 270 1343 querant,
294 1293 364 1330 uel
396 1304 508 1343 quae
544 1292 779 1331 diuortium
815 1293 1105 1332 meditaturae
1142 1295 1443 1344 crederentur,
1478 1297 1565 1335 suis
1601 1297 1702 1336 uiris

30 1356 32 1393 ἶ
77 1364 383 1402 reconciliatae
407 1364 505 1402 sint.
530 1364 597 1402 Ne
619 1364 722 1416 quid
738 1365 911 1403 interim
929 1364 1070 1404 dicam
1089 1366 1143 1405 de
1162 1367 1416 1418 compositis
1434 1369 1547 1407 inter
1564 1370 1702 1420 priua-

77 1441 144 1473 tos
166 1434 275 1473 odiis
298 1434 550 1486 sedatisque
582 1435 785 1483 dissidiis,
819 1449 931 1486 quae
953 1450 977 1475 a
998 1438 1133 1476 multo
1165 1438 1248 1476 iam
1280 1444 1480 1490 tempore
1513 1439 1702 1479 excitata

31 1529 33 1539 ι
77 1505 214 1546 fuere.
251 1506 349 1545 Huc
382 1506 594 1558 adiungas
629 1505 780 1545 licebit
815 1509 934 1558 quod.
964 1509 982 1533 b
1012 1521 1319 1548 messanenses
1349 1511 1391 1548 in
1419 1511 1549 1550 rebus
1572 1512 1701 1550 etiam

74 1578 337 1629 grauissimis
356 1578 539 1617 consilio
562 1584 812 1618 nostrorum
841 1580 1016 1618 Patrum
1048 1581 1161 1619 haud
1190 1581 1326 1620 inuite
1357 1587 1547 1631 utantur,
1571 1589 1702 1634 atque

31 1642 33 1664 ²
73 1649 182 1688 illius
203 1650 341 1701 gratia
360 1650 618 1701 frequentes
640 1650 694 1689 ad
715 1664 796 1689 nos
814 1657 1036 1699 comeent,
1058 1653 1188 1691 etiam
1207 1653 1265 1691 illi
1282 1655 1354 1705 qui
1370 1667 1590 1693 sacrarum
1608 1655 1702 1693 lite-

74 1733 212 1759 rarum
234 1721 459 1760 scientiam
487 1722 765 1772 profitentur,
790 1725 1066 1774 quantumuis
1097 1725 1229 1776 longa
1259 1725 1344 1764 loci
1373 1725 1702 1777 intercapedine

72 1806 96 1831 a
115 1792 239 1831 nobis
260 1793 405 1844 positi3
429 1793 541 1832 adeo
565 1799 611 1831 ut
639 1806 777 1844 nuper
798 1794 988 1846 quidam,
1014 1808 1194 1835 emenso
1217 1807 1269 1844 30
1290 1796 1467 1836 millium
1498 1811 1700 1849 passuum

32 1917 34 1923 Χ
73 1864 224 1915 spatio,
243 1864 356 1903 illius
379 1877 486 1916 ergo
509 1864 563 1903 ad
584 1877 665 1904 nos
687 1865 873 1904 uenerit.

121 1936 159 1974 6.
219 1936 417 1976 Calabria
437 1950 613 1989 quoque
634 1943 886 1978 nostrorum
908 1939 1022 1978 fama
1045 1939 1236 1979 excitata
1263 1941 1432 1992 aliquos
1465 1955 1519 1980 ex
1542 1943 1702 1981 nostris

33 2016 34 2026 ³
74 2007 356 2047 concionandi
391 2009 545 2060 gratia,
585 2014 628 2048 et
668 2008 933 2061 deprauatos
963 2012 1112 2063 populi
1147 2026 1293 2051 mores
1333 2012 1512 2052 rationis
1547 2015 1698 2053 fraeno

73 2079 319 2127 coercendi,
344 2081 455 2119 mitti
478 2093 610 2132 saepe
628 2082 896 2121 sollicitauit.
930 2083 1025 2122 Nec
1055 2082 1214 2122 desunt
1244 2084 1303 2123 ibi
1326 2085 1485 2136 oppida
1511 2098 1623 2137 quae
1646 2086 1699 2124 de

72 2149 287 2201 erigendis
309 2152 508 2203 collegiis
531 2159 576 2191 et
598 2160 785 2205 egerunt
806 2155 1050 2201 nobiscum,
1077 2160 1121 2193 et
1151 2154 1314 2193 tamdiu
1345 2163 1522 2195 acturos
1543 2171 1699 2209 propo-

34 2248 35 2279 i
72 2228 263 2270 suerunt,
288 2223 445 2272 donec,
476 2223 593 2276 quod
625 2230 765 2273 orant,
800 2225 1098 2266 exorauerint.
1132 2227 1220 2265 Iam
1251 2238 1315 2275 20,
1348 2229 1390 2266 ni
1420 2228 1559 2276 fallor,
1593 2230 1700 2280 lapsi

34 2296 35 2300 ’
71 2299 166 2332 sunt
187 2294 279 2332 dies
303 2307 357 2333 ex
379 2308 464 2347 quo
487 2296 661 2347 quidam
685 2309 739 2335 ex
761 2297 833 2335 illa
854 2297 1037 2348 regione
1068 2298 1122 2337 ad
1152 2311 1232 2337 nos
1254 2301 1389 2347 uenit,
1422 2314 1505 2339 nec
1531 2301 1699 2352 ignobi-

36 2361 37 2414 ]
70 2364 133 2412 lis,
156 2366 190 2403 si
211 2378 340 2416 quem
363 2378 417 2405 ex
439 2368 563 2406 uultu
584 2367 779 2407 iudicare
805 2367 924 2416 licet,
948 2382 1032 2408 nec
1062 2382 1109 2407 re
1130 2370 1293 2418 illauta,
1318 2372 1390 2421 qui
1411 2372 1543 2410 filium
1576 2386 1698 2411 suum

72 2436 315 2486 ephoebum
355 2425 496 2489 quem‘
520 2439 562 2478 in
601 2440 687 2478 hoc
726 2453 875 2479 secum
916 2441 1174 2490 adduxerat,
1212 2448 1463 2482 nostrorum
1495 2445 1696 2496 catalogo

36 2526 38 2560 χ
70 2508 246 2546 asscribi
268 2509 519 2548 enixissime
540 2516 734 2562 rogaret.
774 2513 970 2563 Cumque
1006 2513 1298 2552 intellexisset
1333 2527 1431 2553 eum
1468 2515 1559 2553 sine
1597 2528 1697 2554 con-

37 2567 39 2616 ]
69 2590 196 2617 sensu
231 2581 278 2619 Ρ.
315 2581 595 2631 prouincialis
631 2582 658 2630 ¹,
695 2596 823 2633 quem
863 2583 1061 2635 quotidie
1098 2590 1399 2637 expectamus,
1437 2586 1573 2638 recipi
1611 2599 1696 2626 non

68 2662 211 2699 posse,
237 2652 377 2691 noluit
405 2666 452 2691 re
487 2653 652 2693 infecta
681 2654 859 2693 domum
890 2655 1051 2704 redire,
1085 2656 1163 2695 sed
1194 2657 1328 2696 filium
1360 2657 1506 2697 statim
1537 2659 1698 2698 nostris

115 2832 134 2853 ³·
195 2834 376 2874 Videtur
392 2838 538 2875 emnd.
560 2850 611 2877 ex
629 2840 820 2876 deuouet.
873 2841 939 2866 —b
959 2853 1064 2887 quae
1086 2842 1162 2885 (?).

113 3006 120 3027 ¹
176 3006 217 3045 P,
244 3008 520 3058 Hieronymus
540 3010 789 3051 Domenech.
