1908 3446
187 318 257 356 614
651 319 870 357 LmERAE
898 319 1253 364 QUADRIMESTRES

143 421 258 471 gium
283 422 360 460 sibi
385 423 675 474 impenderet,
698 424 717 441 ἢ
739 423 906 461 scilicet
928 424 947 447 b
979 428 1161 473 experta
1194 423 1250 461 ob
1277 423 1566 474 ignorantiam
1598 422 1766 460 confes-

143 492 242 541 sarij
274 492 494 542 ordinarij,
528 494 622 531 fieri
652 506 738 532 non
768 507 914 544 posse,
948 498 993 531 ut
1021 506 1120 531 suas
1142 494 1352 532 moniales
1374 494 1415 531 in
1444 493 1589 531 officio
1613 498 1656 530 et
1677 505 1765 530 mo-

140 563 307 601 nastica
328 563 553 614 disciplina
574 564 762 602 retineat
793 573 824 603 0,
852 564 1019 602 Profuit
1040 577 1213 615 quoque
1243 564 1440 602 eiusdem
1464 576 1597 615 opera
1615 564 1766 612 juueni

143 632 313 671 cuidam
354 634 569 681 studioso,
610 648 783 673 necnon
831 635 902 672 vni
942 635 1098 686 virginj
1139 634 1315 673 Christo
1356 635 1542 681 dicatae,
1583 646 1765 685 quorum

144 710 327 756 vterque
350 711 422 743 aut
445 705 644 744 demonis
666 705 993 757 impugnatione
1025 706 1312 744 infestabatur
1341 706 1375 753 d,
1399 711 1473 744 aut
1493 705 1677 756 quadam
1704 711 1766 743 te-

142 777 328 814 nebatur
350 779 555 816 amentia.
579 778 684 816 Eius
705 790 880 828 quoque
908 777 1093 828 impulsu
1114 778 1276 816 iactum
1300 783 1381 824 est,
1407 783 1453 815 ut
1472 778 1617 828 puella
1637 789 1766 828 quae-

143 847 255 893 dam,
290 849 513 900 religionis
544 849 709 888 habens
739 850 1027 901 propositum,
1059 861 1195 898 ocyus
1217 849 1528 886 monasterium
1549 848 1766 898 quoddam

144 920 356 971 virginum
388 920 712 971 ingrederetur,
746 935 799 959 ne
832 920 1063 970 lenocinijs
1093 933 1326 971 procorum
1366 922 1406 969 (a
1444 920 1599 971 quibus
1635 921 1766 958 vehe-

142 996 311 1028 menter
334 992 651 1042 solicitabatur)
673 992 841 1030 irretita
862 1005 887 1029 a
908 990 1064 1029 semita
1093 990 1393 1029 mandatorum
1425 991 1507 1028 Dei
1538 990 1764 1029 deficeret.

142 1063 266 1100 Hane
296 1075 397 1100 mox
430 1075 526 1101 cum
559 1063 717 1102 eodem
749 1068 900 1101 sancto
928 1062 1158 1113 proposito
1181 1067 1367 1113 sequuta
1389 1066 1455 1100 est
1477 1074 1617 1109 soror,
1640 1075 1766 1112 quam

142 1135 332 1173 habebat
354 1134 510 1182 iunior,
536 1142 580 1174 et
602 1149 717 1174 nunc
737 1136 863 1173 ambe
886 1136 928 1173 in
950 1133 1211 1185 probatione
1243 1139 1488 1172 versantur.
1522 1134 1646 1172 Haec
1672 1134 1766 1172 fere

144 1210 256 1253 sunt,
291 1207 338 1244 R.
373 1207 414 1244 in
438 1207 570 1245 Chro.
605 1208 692 1253 Pr.,
725 1219 836 1257 quae
867 1219 982 1244 nunc
1012 1219 1110 1244 sese
1142 1205 1268 1243 nobis
1299 1204 1529 1243 scribenda
1560 1205 1764 1244 offerunt.

145 1277 371 1316 Concedat
402 1278 506 1316 Dns.
542 1283 587 1315 ut
618 1278 659 1316 in
689 1284 915 1328 posterum
946 1277 1129 1315 materia
1159 1275 1377 1315 scribendi
1411 1277 1537 1314 nobis
1567 1281 1767 1328 suppetat

144 1350 278 1386 multo
311 1348 504 1397 vberior,
537 1350 579 1387 id
610 1349 727 1400 quod
759 1350 951 1387 futurum
984 1353 1065 1395 est,
1099 1348 1133 1386 si
1165 1349 1459 1399 vnusquisque
1488 1354 1683 1387 nostrum
1714 1348 1767 1387 ad

141 1432 336 1458 normam
378 1421 742 1459 constitutionum
777 1425 1022 1458 nostrarum
1062 1419 1338 1467 reformatus,
1381 1425 1559 1459 strenue
1599 1420 1767 1471 gratiae

143 1492 224 1529 Dei
255 1493 513 1539 collaboret,
547 1492 665 1542 quod
696 1496 740 1529 ut
762 1496 1035 1542 praestemus
1058 1492 1104 1529 R.
1131 1492 1175 1528 P.
1198 1492 1246 1529 T.
1271 1492 1359 1530 suis
1377 1504 1652 1543 suorumque
1672 1504 1767 1543 pre-

143 1564 264 1601 cibus
287 1570 331 1602 et
352 1564 577 1613 sacrificijs
600 1564 788 1602 diuinam
812 1575 940 1614 opem
962 1563 1088 1601 nobis
1109 1562 1327 1614 imploret.
1365 1564 1521 1601 Amen.
1557 1565 1768 1615 Ingolsta-

144 1635 200 1684 dij
225 1635 278 1673 ad
301 1636 504 1674 calendas
527 1636 678 1685 maijas
706 1636 818 1684 1560.

223 1707 269 1745 R.
296 1708 341 1745 P.
366 1709 417 1746 V.
442 1708 483 1746 in
507 1709 618 1746 Dno.
643 1720 798 1745 seruus
820 1719 871 1745 ac
892 1706 1091 1744 minimus
1108 1705 1235 1753 filius,

1152 1789 1368 1828 NICOLAUS
1398 1790 1596 1829 LANOYUS
1629 1790 1653 1829 ¹.

219 1898 309 1950 Jhs.
336 1899 691 1949 Quadrimestres
714 1896 891 1949 collegii
912 1895 1220 1948 ingolstadien.

222 1969 331 2009 Alia
351 1983 507 2009 manu.
532 1969 787 2008 Emendata.

897 2122 1008 2174 368

595 2254 646 2300 P.
685 2252 972 2301 THOMAS
1005 2251 1314 2300 RAGGIUS

732 2384 845 2412 NOLA
873 2374 889 2411 1
918 2384 1013 2421 MAJI
1041 2374 1131 2411 1560
1157 2373 1182 2410 ².

145 2483 225 2521 1-2.
253 2482 494 2522 Contiones
514 2484 554 2521 et
575 2482 811 2522 doctrinae
841 2481 1124 2521 christianae
1153 2480 1410 2531 explicatio.
1444 2480 1678 2520 Excursus
1709 2482 1768 2518 ad

221 2547 396 2587 vicinos
413 2551 578 2599 pago-9.
603 2548 784 2586 Horam
807 2548 1019 2586 laborum
1032 2546 1237 2598 fructus.
1262 2545 1485 2585 Moniales
1512 2545 1767 2596 spirituali-

224 2615 304 2653 bus
338 2612 567 2652 exercitiis
597 2612 913 2653 excultae—3.
948 2612 1221 2652 Studiorum
1250 2611 1548 2651 instauratio.
1580 2611 1766 2650 Schola-

222 2679 443 2718 sticoram
464 2691 696 2718 numerus.
723 2678 916 2718 Diversa
939 2677 1256 2729 praemiorum
1283 2690 1457 2729 genera
1488 2678 1548 2715 ad
1576 2676 1765 2715 illoram

187 2817 206 2836 ³
256 2815 350 2853 Del.
379 2825 481 2852 rata.
535 2817 601 2840 -b
624 2816 716 2852 Del.
751 2821 802 2853 et.
856 2823 920 2840 —0
952 2814 1136 2852 Emend.
1170 2825 1220 2852 ex
1249 2813 1459 2851 retineret.
1513 2813 1578 2838 —d
1611 2813 1762 2850 Praec.

143 2887 182 2912 v.
204 2875 382 2913 obscure
400 2878 646 2911 exaratum.

190 2997 199 3016 ¹
253 2993 434 3041 Collegii
453 2999 598 3030 rector.
619 2993 726 3031 Vide
745 3007 782 3041 p.
803 2994 874 3031 445
889 2999 1024 3031 annot.
1048 2994 1079 3031 1.

189 3056 202 3074 ²
252 3053 315 3091 Ex
334 3058 492 3100 autogr.
514 3053 551 3089 in
573 3052 656 3089 cod.
681 3053 761 3090 Sic.
784 3053 873 3096 181,
902 3053 944 3090 [f.
980 3053 1059 3098 191,
1094 3052 1172 3098 192;
1204 3053 1315 3100 prius
1344 3051 1426 3096 336,
1457 3052 1537 3089 337.
1570 3050 1766 3098 Sequitur

142 3115 252 3152 aliud
268 3113 501 3160 exemplum
516 3112 656 3149 italum
673 3111 712 3148 in
732 3111 771 3149 ff.
797 3111 879 3149 193-
895 3112 971 3158 194,
987 3116 1027 3149 et
1042 3112 1273 3159 exemplum
1287 3110 1457 3148 latinum
1470 3110 1511 3148 in
1525 3109 1568 3148 ff.
1587 3110 1670 3148 195-
1684 3110 1761 3148 196.
