<?xml version="1.0" encoding="UTF-8"?>
<!DOCTYPE html PUBLIC "-//W3C//DTD XHTML 1.0 Transitional//EN"
    "http://www.w3.org/TR/xhtml1/DTD/xhtml1-transitional.dtd">
<html xmlns="http://www.w3.org/1999/xhtml" xml:lang="en" lang="en">
 <head>
  <title>
</title>
<meta http-equiv="Content-Type" content="text/html;charset=utf-8" />
  <meta name='ocr-system' content='tesseract 3.04.00' />
  <meta name='ocr-capabilities' content='ocr_page ocr_carea ocr_par ocr_line ocrx_word'/>
</head>
<body>
  <div class='ocr_page' id='page_1' title='image "./litteraequadrime1806lain_0564.png"; bbox 0 0 1908 3446; ppageno 0'>
   <div class='ocr_carea' id='block_1_1' title="bbox 196 290 1249 336">
    <p class='ocr_par' dir='ltr' id='par_1_1' title="bbox 196 290 1249 336">
     <span class='ocr_line' id='line_1_1' title="bbox 196 290 1249 336; baseline -0.001 -8"><span class='ocrx_word' id='word_1_1' title='bbox 196 292 266 328; x_wconf 66' lang='lat'>514</span> <span class='ocrx_word' id='word_1_2' title='bbox 647 291 866 328; x_wconf 80' lang='lat' dir='ltr'><strong>LITTERAE</strong></span> <span class='ocrx_word' id='word_1_3' title='bbox 891 290 1249 336; x_wconf 72' lang='lat' dir='ltr'>QUADmMEsTRES</span> 
     </span>
    </p>
   </div>
   <div class='ocr_carea' id='block_1_2' title="bbox 139 392 1774 2085">
    <p class='ocr_par' dir='ltr' id='par_1_2' title="bbox 147 392 1774 940">
     <span class='ocr_line' id='line_1_2' title="bbox 150 392 1771 444; baseline -0.001 -12"><span class='ocrx_word' id='word_1_4' title='bbox 150 394 372 433; x_wconf 67' lang='lat' dir='ltr'>cellarum</span> <span class='ocrx_word' id='word_1_5' title='bbox 393 402 411 418; x_wconf 60' lang='grc' dir='ltr'>’ἀ</span> <span class='ocrx_word' id='word_1_6' title='bbox 434 394 805 444; x_wconf 80' lang='lat' dir='ltr'>opportunitatem</span> <span class='ocrx_word' id='word_1_7' title='bbox 827 394 1070 443; x_wconf 79' lang='lat' dir='ltr'>haeretque</span> <span class='ocrx_word' id='word_1_8' title='bbox 1092 393 1172 443; x_wconf 90' lang='lat' dir='ltr'>ipsi</span> <span class='ocrx_word' id='word_1_9' title='bbox 1194 392 1398 444; x_wconf 89' lang='lat' dir='ltr'>collegio.</span> <span class='ocrx_word' id='word_1_10' title='bbox 1423 393 1642 443; x_wconf 90' lang='lat' dir='ltr'>Coeptum</span> <span class='ocrx_word' id='word_1_11' title='bbox 1664 402 1771 429; x_wconf 89' lang='lat' dir='ltr'>vero</span> 
     </span>
     <span class='ocr_line' id='line_1_3' title="bbox 149 463 1774 503; baseline -0.001 -1"><span class='ocrx_word' id='word_1_12' title='bbox 149 470 216 502; x_wconf 90' lang='lat' dir='ltr'>est</span> <span class='ocrx_word' id='word_1_13' title='bbox 238 464 420 503; x_wconf 88' lang='lat' dir='ltr'>habitari</span> <span class='ocrx_word' id='word_1_14' title='bbox 441 463 638 502; x_wconf 75' lang='lat' dir='ltr'>kalendis</span> <span class='ocrx_word' id='word_1_15' title='bbox 659 464 972 502; x_wconf 90' lang='lat' dir='ltr'>nouembribus</span> <span class='ocrx_word' id='word_1_16' title='bbox 993 476 1018 502; x_wconf 87' lang='lat' dir='ltr'>a</span> <span class='ocrx_word' id='word_1_17' title='bbox 1038 475 1199 502; x_wconf 89' lang='lat' dir='ltr'>nouem</span> <span class='ocrx_word' id='word_1_18' title='bbox 1221 468 1294 502; x_wconf 88' lang='lat' dir='ltr'>aut</span> <span class='ocrx_word' id='word_1_19' title='bbox 1316 464 1471 502; x_wconf 88' lang='lat' dir='ltr'>decem</span> <span class='ocrx_word' id='word_1_20' title='bbox 1493 463 1632 502; x_wconf 86' lang='lat' dir='ltr'>ferme</span> <span class='ocrx_word' id='word_1_21' title='bbox 1653 463 1774 501; x_wconf 87' lang='lat' dir='ltr'>noui-</span> 
     </span>
     <span class='ocr_line' id='line_1_4' title="bbox 149 533 1774 586; baseline -0.001 -13"><span class='ocrx_word' id='word_1_22' title='bbox 149 537 234 585; x_wconf 89' lang='lat' dir='ltr'>tijs,</span> <span class='ocrx_word' id='word_1_23' title='bbox 259 537 371 575; x_wconf 87' lang='lat' dir='ltr'>inter</span> <span class='ocrx_word' id='word_1_24' title='bbox 393 549 502 586; x_wconf 89' lang='lat' dir='ltr'>quos</span> <span class='ocrx_word' id='word_1_25' title='bbox 524 535 732 574; x_wconf 91' lang='lat' dir='ltr'>doctores</span> <span class='ocrx_word' id='word_1_26' title='bbox 753 535 953 586; x_wconf 80' lang='lat' dir='ltr'>theologi</span> <span class='ocrx_word' id='word_1_27' title='bbox 975 534 1077 583; x_wconf 89' lang='lat' dir='ltr'>duo,</span> <span class='ocrx_word' id='word_1_28' title='bbox 1114 535 1336 586; x_wconf 90' lang='lat' dir='ltr'>ijdemque</span> <span class='ocrx_word' id='word_1_29' title='bbox 1359 534 1648 573; x_wconf 90' lang='lat' dir='ltr'>concionandi</span> <span class='ocrx_word' id='word_1_30' title='bbox 1670 533 1774 572; x_wconf 89' lang='lat' dir='ltr'>satis</span> 
     </span>
     <span class='ocr_line' id='line_1_5' title="bbox 148 605 1774 658; baseline -0.002 -13"><span class='ocrx_word' id='word_1_31' title='bbox 148 607 291 658; x_wconf 78' lang='lat' dir='ltr'>periti3</span> <span class='ocrx_word' id='word_1_32' title='bbox 314 608 421 645; x_wconf 84' lang='lat' dir='ltr'>alius</span> <span class='ocrx_word' id='word_1_33' title='bbox 442 607 547 644; x_wconf 86' lang='lat' dir='ltr'>item</span> <span class='ocrx_word' id='word_1_34' title='bbox 568 606 648 645; x_wconf 85' lang='lat' dir='ltr'>fuit</span> <span class='ocrx_word' id='word_1_35' title='bbox 665 608 819 646; x_wconf 87' lang='lat' dir='ltr'>artium</span> <span class='ocrx_word' id='word_1_36' title='bbox 840 606 909 645; x_wconf 91' lang='lat' dir='ltr'>hic</span> <span class='ocrx_word' id='word_1_37' title='bbox 932 619 1066 657; x_wconf 88' lang='lat' dir='ltr'>nuper</span> <span class='ocrx_word' id='word_1_38' title='bbox 1083 605 1338 658; x_wconf 88' lang='lat' dir='ltr'>designatus</span> <span class='ocrx_word' id='word_1_39' title='bbox 1360 605 1583 657; x_wconf 81' lang='lat' dir='ltr'>magister3</span> <span class='ocrx_word' id='word_1_40' title='bbox 1600 617 1774 643; x_wconf 88' lang='lat' dir='ltr'>necnon</span> 
     </span>
     <span class='ocr_line' id='line_1_6' title="bbox 150 675 1771 729; baseline -0.001 -14"><span class='ocrx_word' id='word_1_41' title='bbox 150 680 278 716; x_wconf 86' lang='lat' dir='ltr'>Pater</span> <span class='ocrx_word' id='word_1_42' title='bbox 298 677 470 729; x_wconf 87' lang='lat' dir='ltr'>quidam</span> <span class='ocrx_word' id='word_1_43' title='bbox 494 682 642 715; x_wconf 84' lang='lat' dir='ltr'>aetate</span> <span class='ocrx_word' id='word_1_44' title='bbox 663 682 844 725; x_wconf 87' lang='lat' dir='ltr'>matura,</span> <span class='ocrx_word' id='word_1_45' title='bbox 870 678 991 715; x_wconf 87' lang='lat' dir='ltr'>cuius</span> <span class='ocrx_word' id='word_1_46' title='bbox 1022 678 1111 715; x_wconf 89' lang='lat' dir='ltr'>vita</span> <span class='ocrx_word' id='word_1_47' title='bbox 1147 682 1190 715; x_wconf 87' lang='lat' dir='ltr'>et</span> <span class='ocrx_word' id='word_1_48' title='bbox 1226 676 1415 715; x_wconf 90' lang='lat' dir='ltr'>studium</span> <span class='ocrx_word' id='word_1_49' title='bbox 1451 675 1771 722; x_wconf 83' lang='lat' dir='ltr'>concionando,</span> 
     </span>
     <span class='ocr_line' id='line_1_7' title="bbox 148 747 1774 800; baseline -0.001 -14"><span class='ocrx_word' id='word_1_50' title='bbox 148 750 313 800; x_wconf 85' lang='lat' dir='ltr'>reliqua</span> <span class='ocrx_word' id='word_1_51' title='bbox 348 748 477 786; x_wconf 89' lang='lat' dir='ltr'>etiarn</span> <span class='ocrx_word' id='word_1_52' title='bbox 512 749 700 798; x_wconf 90' lang='lat' dir='ltr'>pastoris</span> <span class='ocrx_word' id='word_1_53' title='bbox 734 749 879 787; x_wconf 89' lang='lat' dir='ltr'>munia</span> <span class='ocrx_word' id='word_1_54' title='bbox 912 747 1133 795; x_wconf 90' lang='lat' dir='ltr'>obeundo,</span> <span class='ocrx_word' id='word_1_55' title='bbox 1168 749 1272 786; x_wconf 88' lang='lat' dir='ltr'>satis</span> <span class='ocrx_word' id='word_1_56' title='bbox 1302 748 1385 786; x_wconf 89' lang='lat' dir='ltr'>illis</span> <span class='ocrx_word' id='word_1_57' title='bbox 1407 760 1595 798; x_wconf 83' lang='lat' dir='ltr'>semper,</span> <span class='ocrx_word' id='word_1_58' title='bbox 1618 747 1774 798; x_wconf 90' lang='lat' dir='ltr'>quibus</span> 
     </span>
     <span class='ocr_line' id='line_1_8' title="bbox 147 818 1772 871; baseline -0.001 -13"><span class='ocrx_word' id='word_1_59' title='bbox 147 820 350 871; x_wconf 85' lang='lat' dir='ltr'>praefuit,</span> <span class='ocrx_word' id='word_1_60' title='bbox 374 821 557 870; x_wconf 86' lang='lat' dir='ltr'>probata</span> <span class='ocrx_word' id='word_1_61' title='bbox 578 824 693 867; x_wconf 89' lang='lat' dir='ltr'>sunt;</span> <span class='ocrx_word' id='word_1_62' title='bbox 717 822 863 870; x_wconf 76' lang='lat' dir='ltr'>atque,</span> <span class='ocrx_word' id='word_1_63' title='bbox 888 821 937 858; x_wconf 75' lang='lat' dir='ltr'>ut</span> <span class='ocrx_word' id='word_1_64' title='bbox 959 819 1109 858; x_wconf 82' lang='lat' dir='ltr'>dicam</span> <span class='ocrx_word' id='word_1_65' title='bbox 1127 818 1306 869; x_wconf 42' lang='lat' dir='ltr'>pazszcis,</span> <span class='ocrx_word' id='word_1_66' title='bbox 1330 818 1411 857; x_wconf 88' lang='lat' dir='ltr'>fuit</span> <span class='ocrx_word' id='word_1_67' title='bbox 1440 820 1512 857; x_wconf 91' lang='lat' dir='ltr'>hic</span> <span class='ocrx_word' id='word_1_68' title='bbox 1542 820 1588 856; x_wconf 79' lang='lat' dir='ltr'>P.</span> <span class='ocrx_word' id='word_1_69' title='bbox 1623 819 1772 856; x_wconf 81' lang='lat' dir='ltr'>Busta-</span> 
     </span>
     <span class='ocr_line' id='line_1_9' title="bbox 149 890 760 940; baseline 0 -11"><span class='ocrx_word' id='word_1_70' title='bbox 149 891 296 940; x_wconf 85' lang='lat' dir='ltr'>mantij</span> <span class='ocrx_word' id='word_1_71' title='bbox 321 890 572 929; x_wconf 87' lang='lat' dir='ltr'>indiuiduus</span> <span class='ocrx_word' id='word_1_72' title='bbox 594 903 760 929; x_wconf 89' lang='lat' dir='ltr'>comes.</span> 
     </span>
    </p>

    <p class='ocr_par' dir='ltr' id='par_1_3' title="bbox 142 959 1773 1799">
     <span class='ocr_line' id='line_1_10' title="bbox 202 959 1772 1011; baseline -0.002 -11"><span class='ocrx_word' id='word_1_73' title='bbox 202 972 237 1011; x_wconf 88' lang='lat'>5.</span> <span class='ocrx_word' id='word_1_74' title='bbox 298 962 552 1001; x_wconf 88' lang='lat' dir='ltr'>Doctrinam</span> <span class='ocrx_word' id='word_1_75' title='bbox 576 962 853 1001; x_wconf 83' lang='lat' dir='ltr'>christianam</span> <span class='ocrx_word' id='word_1_76' title='bbox 875 961 1085 999; x_wconf 86' lang='lat' dir='ltr'>maturius</span> <span class='ocrx_word' id='word_1_77' title='bbox 1106 961 1192 999; x_wconf 93' lang='lat' dir='ltr'>hoc</span> <span class='ocrx_word' id='word_1_78' title='bbox 1212 973 1324 999; x_wconf 91' lang='lat' dir='ltr'>anno</span> <span class='ocrx_word' id='word_1_79' title='bbox 1349 959 1533 999; x_wconf 86' lang='lat' dir='ltr'>edoceri</span> <span class='ocrx_word' id='word_1_80' title='bbox 1554 965 1772 1011; x_wconf 87' lang='lat' dir='ltr'>coeptam,</span> 
     </span>
     <span class='ocr_line' id='line_1_11' title="bbox 149 1032 1773 1085; baseline -0.002 -13"><span class='ocrx_word' id='word_1_81' title='bbox 149 1047 275 1085; x_wconf 85' lang='lat' dir='ltr'>quam</span> <span class='ocrx_word' id='word_1_82' title='bbox 300 1034 613 1085; x_wconf 88' lang='lat' dir='ltr'>superioribus,</span> <span class='ocrx_word' id='word_1_83' title='bbox 650 1039 887 1085; x_wconf 88' lang='lat' dir='ltr'>propterea</span> <span class='ocrx_word' id='word_1_84' title='bbox 906 1032 1024 1084; x_wconf 91' lang='lat' dir='ltr'>quod</span> <span class='ocrx_word' id='word_1_85' title='bbox 1045 1032 1201 1070; x_wconf 91' lang='lat' dir='ltr'>domus</span> <span class='ocrx_word' id='word_1_86' title='bbox 1234 1032 1506 1083; x_wconf 89' lang='lat' dir='ltr'>probationis</span> <span class='ocrx_word' id='word_1_87' title='bbox 1527 1044 1684 1082; x_wconf 90' lang='lat' dir='ltr'>magna</span> <span class='ocrx_word' id='word_1_88' title='bbox 1718 1043 1773 1068; x_wconf 85' lang='lat' dir='ltr'>ex</span> 
     </span>
     <span class='ocr_line' id='line_1_12' title="bbox 147 1103 1773 1156; baseline -0.002 -13"><span class='ocrx_word' id='word_1_89' title='bbox 147 1111 270 1156; x_wconf 84' lang='lat' dir='ltr'>parte</span> <span class='ocrx_word' id='word_1_90' title='bbox 292 1105 543 1153; x_wconf 89' lang='lat' dir='ltr'>adiuuabat,</span> <span class='ocrx_word' id='word_1_91' title='bbox 568 1110 611 1143; x_wconf 86' lang='lat' dir='ltr'>et</span> <span class='ocrx_word' id='word_1_92' title='bbox 642 1105 774 1143; x_wconf 91' lang='lat' dir='ltr'>miros</span> <span class='ocrx_word' id='word_1_93' title='bbox 796 1105 837 1143; x_wconf 91' lang='lat' dir='ltr'>in</span> <span class='ocrx_word' id='word_1_94' title='bbox 858 1104 1006 1155; x_wconf 89' lang='lat' dir='ltr'>pueris</span> <span class='ocrx_word' id='word_1_95' title='bbox 1026 1103 1193 1142; x_wconf 83' lang='lat' dir='ltr'>fruetus</span> <span class='ocrx_word' id='word_1_96' title='bbox 1222 1103 1525 1149; x_wconf 86' lang='lat' dir='ltr'>cernebamus,</span> <span class='ocrx_word' id='word_1_97' title='bbox 1559 1113 1773 1140; x_wconf 86' lang='lat' dir='ltr'>exercere</span> 
     </span>
     <span class='ocr_line' id='line_1_13' title="bbox 144 1174 1773 1227; baseline -0.002 -13"><span class='ocrx_word' id='word_1_98' title='bbox 144 1177 226 1214; x_wconf 92' lang='lat' dir='ltr'>hac</span> <span class='ocrx_word' id='word_1_99' title='bbox 253 1176 439 1214; x_wconf 85' lang='lat' dir='ltr'>maxime</span> <span class='ocrx_word' id='word_1_100' title='bbox 474 1175 809 1227; x_wconf 87' lang='lat' dir='ltr'>quadragesima</span> <span class='ocrx_word' id='word_1_101' title='bbox 834 1175 1071 1226; x_wconf 84' lang='lat' dir='ltr'>pergimus.</span> <span class='ocrx_word' id='word_1_102' title='bbox 1108 1174 1218 1212; x_wconf 90' lang='lat' dir='ltr'>Nam</span> <span class='ocrx_word' id='word_1_103' title='bbox 1253 1186 1350 1212; x_wconf 91' lang='lat' dir='ltr'>cum</span> <span class='ocrx_word' id='word_1_104' title='bbox 1384 1174 1519 1212; x_wconf 89' lang='lat' dir='ltr'>multa</span> <span class='ocrx_word' id='word_1_105' title='bbox 1547 1178 1592 1211; x_wconf 91' lang='lat' dir='ltr'>et</span> <span class='ocrx_word' id='word_1_106' title='bbox 1617 1184 1773 1223; x_wconf 88' lang='lat' dir='ltr'>magna</span> 
     </span>
     <span class='ocr_line' id='line_1_14' title="bbox 144 1243 1773 1296; baseline -0.003 -10"><span class='ocrx_word' id='word_1_107' title='bbox 144 1248 375 1286; x_wconf 89' lang='lat' dir='ltr'>commoda</span> <span class='ocrx_word' id='word_1_108' title='bbox 395 1247 555 1285; x_wconf 90' lang='lat' dir='ltr'>afferre</span> <span class='ocrx_word' id='word_1_109' title='bbox 576 1246 792 1294; x_wconf 88' lang='lat' dir='ltr'>videatur,</span> <span class='ocrx_word' id='word_1_110' title='bbox 816 1246 920 1284; x_wconf 90' lang='lat' dir='ltr'>illud</span> <span class='ocrx_word' id='word_1_111' title='bbox 940 1259 1027 1284; x_wconf 91' lang='lat' dir='ltr'>non</span> <span class='ocrx_word' id='word_1_112' title='bbox 1059 1250 1126 1283; x_wconf 90' lang='lat' dir='ltr'>est</span> <span class='ocrx_word' id='word_1_113' title='bbox 1149 1245 1369 1296; x_wconf 87' lang='lat' dir='ltr'>exiquum,</span> <span class='ocrx_word' id='word_1_114' title='bbox 1388 1243 1520 1296; x_wconf 91' lang='lat' dir='ltr'>quod,</span> <span class='ocrx_word' id='word_1_115' title='bbox 1539 1256 1773 1282; x_wconf 87' lang='lat' dir='ltr'>numerosa</span> 
     </span>
     <span class='ocr_line' id='line_1_15' title="bbox 144 1315 1770 1370; baseline -0.004 -12"><span class='ocrx_word' id='word_1_116' title='bbox 144 1325 322 1358; x_wconf 89' lang='lat' dir='ltr'>caterua</span> <span class='ocrx_word' id='word_1_117' title='bbox 340 1332 577 1370; x_wconf 89' lang='lat' dir='ltr'>puerorum</span> <span class='ocrx_word' id='word_1_118' title='bbox 594 1319 677 1357; x_wconf 90' lang='lat' dir='ltr'>iam</span> <span class='ocrx_word' id='word_1_119' title='bbox 696 1322 864 1365; x_wconf 89' lang='lat' dir='ltr'>coacta,</span> <span class='ocrx_word' id='word_1_120' title='bbox 889 1319 1019 1356; x_wconf 90' lang='lat' dir='ltr'>Pater</span> <span class='ocrx_word' id='word_1_121' title='bbox 1041 1317 1193 1367; x_wconf 83' lang='lat' dir='ltr'>aliquis</span> <span class='ocrx_word' id='word_1_122' title='bbox 1214 1317 1256 1354; x_wconf 91' lang='lat' dir='ltr'>in</span> <span class='ocrx_word' id='word_1_123' title='bbox 1278 1315 1443 1354; x_wconf 90' lang='lat' dir='ltr'>editum</span> <span class='ocrx_word' id='word_1_124' title='bbox 1462 1316 1770 1366; x_wconf 88' lang='lat' dir='ltr'>publicumque</span> 
     </span>
     <span class='ocr_line' id='line_1_16' title="bbox 144 1387 1771 1438; baseline -0.003 -9"><span class='ocrx_word' id='word_1_125' title='bbox 144 1393 285 1430; x_wconf 85' lang='lat' dir='ltr'>locum</span> <span class='ocrx_word' id='word_1_126' title='bbox 310 1392 425 1430; x_wconf 89' lang='lat' dir='ltr'>solet</span> <span class='ocrx_word' id='word_1_127' title='bbox 442 1390 759 1437; x_wconf 83' lang='lat' dir='ltr'>conscendere,</span> <span class='ocrx_word' id='word_1_128' title='bbox 780 1389 894 1428; x_wconf 86' lang='lat' dir='ltr'>vnde</span> <span class='ocrx_word' id='word_1_129' title='bbox 917 1388 1121 1427; x_wconf 92' lang='lat' dir='ltr'>audiendi</span> <span class='ocrx_word' id='word_1_130' title='bbox 1144 1387 1381 1438; x_wconf 89' lang='lat' dir='ltr'>cupiditate</span> <span class='ocrx_word' id='word_1_131' title='bbox 1404 1388 1560 1438; x_wconf 89' lang='lat' dir='ltr'>vulgus</span> <span class='ocrx_word' id='word_1_132' title='bbox 1580 1391 1771 1437; x_wconf 86' lang='lat' dir='ltr'>pertrac-</span> 
     </span>
     <span class='ocr_line' id='line_1_17' title="bbox 142 1457 1770 1514; baseline -0.004 -13"><span class='ocrx_word' id='word_1_133' title='bbox 142 1468 249 1510; x_wconf 89' lang='lat' dir='ltr'>tum,</span> <span class='ocrx_word' id='word_1_134' title='bbox 281 1462 399 1514; x_wconf 91' lang='lat' dir='ltr'>quod</span> <span class='ocrx_word' id='word_1_135' title='bbox 420 1463 682 1513; x_wconf 91' lang='lat' dir='ltr'>templorum</span> <span class='ocrx_word' id='word_1_136' title='bbox 713 1462 817 1499; x_wconf 85' lang='lat' dir='ltr'>alias</span> <span class='ocrx_word' id='word_1_137' title='bbox 853 1460 1139 1499; x_wconf 88' lang='lat' dir='ltr'>concionibus</span> <span class='ocrx_word' id='word_1_138' title='bbox 1173 1472 1270 1497; x_wconf 91' lang='lat' dir='ltr'>raro</span> <span class='ocrx_word' id='word_1_139' title='bbox 1292 1459 1490 1497; x_wconf 73' lang='lat' dir='ltr'>fortassis</span> <span class='ocrx_word' id='word_1_140' title='bbox 1519 1457 1659 1505; x_wconf 88' lang='lat' dir='ltr'>adest,</span> <span class='ocrx_word' id='word_1_141' title='bbox 1683 1463 1770 1495; x_wconf 89' lang='lat' dir='ltr'>tam</span> 
     </span>
     <span class='ocr_line' id='line_1_18' title="bbox 143 1529 1770 1585; baseline -0.004 -13"><span class='ocrx_word' id='word_1_142' title='bbox 143 1547 253 1585; x_wconf 89' lang='lat' dir='ltr'>quae</span> <span class='ocrx_word' id='word_1_143' title='bbox 281 1533 383 1572; x_wconf 90' lang='lat' dir='ltr'>fidei</span> <span class='ocrx_word' id='word_1_144' title='bbox 419 1533 613 1584; x_wconf 82' lang='lat' dir='ltr'>cognitio</span> <span class='ocrx_word' id='word_1_145' title='bbox 651 1531 802 1583; x_wconf 81' lang='lat' dir='ltr'>exigit,</span> <span class='ocrx_word' id='word_1_146' title='bbox 835 1545 962 1583; x_wconf 88' lang='lat' dir='ltr'>quam</span> <span class='ocrx_word' id='word_1_147' title='bbox 986 1544 1038 1570; x_wconf 87' lang='lat' dir='ltr'>ea</span> <span class='ocrx_word' id='word_1_148' title='bbox 1071 1530 1227 1582; x_wconf 89' lang='lat' dir='ltr'>quibus</span> <span class='ocrx_word' id='word_1_149' title='bbox 1256 1542 1403 1568; x_wconf 81' lang='lat' dir='ltr'>mores</span> <span class='ocrx_word' id='word_1_150' title='bbox 1436 1529 1770 1568; x_wconf 75' lang='lat' dir='ltr'>introducuntur</span> 
     </span>
     <span class='ocr_line' id='line_1_19' title="bbox 142 1600 1766 1656; baseline -0.004 -13"><span class='ocrx_word' id='word_1_151' title='bbox 142 1605 281 1656; x_wconf 91' lang='lat' dir='ltr'>probi,</span> <span class='ocrx_word' id='word_1_152' title='bbox 304 1605 444 1655; x_wconf 89' lang='lat' dir='ltr'>palam</span> <span class='ocrx_word' id='word_1_153' title='bbox 462 1604 761 1643; x_wconf 87' lang='lat' dir='ltr'>concionatur.</span> <span class='ocrx_word' id='word_1_154' title='bbox 782 1602 830 1641; x_wconf 91' lang='lat' dir='ltr'>Id</span> <span class='ocrx_word' id='word_1_155' title='bbox 846 1615 954 1641; x_wconf 90' lang='lat' dir='ltr'>uero</span> <span class='ocrx_word' id='word_1_156' title='bbox 973 1607 1204 1652; x_wconf 89' lang='lat' dir='ltr'>utrumque</span> <span class='ocrx_word' id='word_1_157' title='bbox 1223 1601 1390 1639; x_wconf 91' lang='lat' dir='ltr'>ciuibus</span> <span class='ocrx_word' id='word_1_158' title='bbox 1412 1600 1591 1638; x_wconf 88' lang='lat' dir='ltr'>mirifice</span> <span class='ocrx_word' id='word_1_159' title='bbox 1608 1600 1766 1651; x_wconf 88' lang='lat' dir='ltr'>placet,</span> 
     </span>
     <span class='ocr_line' id='line_1_20' title="bbox 142 1672 1769 1725; baseline -0.004 -9"><span class='ocrx_word' id='word_1_160' title='bbox 142 1678 255 1716; x_wconf 90' lang='lat' dir='ltr'>adeo</span> <span class='ocrx_word' id='word_1_161' title='bbox 277 1682 324 1715; x_wconf 87' lang='lat' dir='ltr'>ut</span> <span class='ocrx_word' id='word_1_162' title='bbox 345 1677 582 1717; x_wconf 84' lang='lat' dir='ltr'>Societatis</span> <span class='ocrx_word' id='word_1_163' title='bbox 599 1681 777 1714; x_wconf 91' lang='lat' dir='ltr'>nostrae</span> <span class='ocrx_word' id='word_1_164' title='bbox 794 1675 992 1713; x_wconf 87' lang='lat' dir='ltr'>instituta</span> <span class='ocrx_word' id='word_1_165' title='bbox 1013 1679 1056 1712; x_wconf 92' lang='lat' dir='ltr'>et</span> <span class='ocrx_word' id='word_1_166' title='bbox 1075 1679 1398 1725; x_wconf 87' lang='lat' dir='ltr'>cognoscantur</span> <span class='ocrx_word' id='word_1_167' title='bbox 1414 1672 1611 1724; x_wconf 87' lang='lat' dir='ltr'>quotidie</span> <span class='ocrx_word' id='word_1_168' title='bbox 1632 1672 1769 1722; x_wconf 83' lang='lat' dir='ltr'>magis</span> 
     </span>
     <span class='ocr_line' id='line_1_21' title="bbox 143 1746 850 1799; baseline -0.004 -11"><span class='ocrx_word' id='word_1_169' title='bbox 143 1751 197 1788; x_wconf 86' lang='lat' dir='ltr'>ab</span> <span class='ocrx_word' id='word_1_170' title='bbox 221 1750 436 1796; x_wconf 89' lang='lat' dir='ltr'>omnibus,</span> <span class='ocrx_word' id='word_1_171' title='bbox 462 1754 506 1787; x_wconf 92' lang='lat' dir='ltr'>et</span> <span class='ocrx_word' id='word_1_172' title='bbox 525 1746 850 1799; x_wconf 86' lang='lat' dir='ltr'>praedicentur.</span> 
     </span>
    </p>

    <p class='ocr_par' dir='ltr' id='par_1_4' title="bbox 139 1814 1767 2013">
     <span class='ocr_line' id='line_1_22' title="bbox 221 1814 1767 1873; baseline -0.005 -13"><span class='ocrx_word' id='word_1_173' title='bbox 221 1822 449 1873; x_wconf 87' lang='lat' dir='ltr'>Superest,</span> <span class='ocrx_word' id='word_1_174' title='bbox 474 1827 520 1859; x_wconf 87' lang='lat' dir='ltr'>ut</span> <span class='ocrx_word' id='word_1_175' title='bbox 540 1821 641 1868; x_wconf 84' lang='lat' dir='ltr'>tuis,</span> <span class='ocrx_word' id='word_1_176' title='bbox 666 1821 810 1866; x_wconf 85' lang='lat' dir='ltr'>Pater,</span> <span class='ocrx_word' id='word_1_177' title='bbox 841 1818 1067 1867; x_wconf 87' lang='lat' dir='ltr'>sacrificijs</span> <span class='ocrx_word' id='word_1_178' title='bbox 1090 1829 1263 1868; x_wconf 91' lang='lat' dir='ltr'>semper</span> <span class='ocrx_word' id='word_1_179' title='bbox 1294 1817 1568 1863; x_wconf 82' lang='lat' dir='ltr'>adiuuemur3</span> <span class='ocrx_word' id='word_1_180' title='bbox 1586 1815 1629 1853; x_wconf 91' lang='lat' dir='ltr'>id</span> <span class='ocrx_word' id='word_1_181' title='bbox 1649 1814 1767 1866; x_wconf 89' lang='lat' dir='ltr'>quod</span> 
     </span>
     <span class='ocr_line' id='line_1_23' title="bbox 141 1886 1766 1943; baseline -0.004 -12"><span class='ocrx_word' id='word_1_182' title='bbox 141 1905 166 1931; x_wconf 86' lang='lat' dir='ltr'>a</span> <span class='ocrx_word' id='word_1_183' title='bbox 186 1898 229 1931; x_wconf 93' lang='lat' dir='ltr'>te</span> <span class='ocrx_word' id='word_1_184' title='bbox 272 1905 423 1931; x_wconf 86' lang='lat' dir='ltr'>omnes</span> <span class='ocrx_word' id='word_1_185' title='bbox 458 1891 711 1943; x_wconf 82' lang='lat' dir='ltr'>suppliciter</span> <span class='ocrx_word' id='word_1_186' title='bbox 746 1890 949 1941; x_wconf 87' lang='lat' dir='ltr'>petimus.</span> <span class='ocrx_word' id='word_1_187' title='bbox 990 1888 1214 1939; x_wconf 91' lang='lat' dir='ltr'>Compluti</span> <span class='ocrx_word' id='word_1_188' title='bbox 1250 1887 1390 1938; x_wconf 83' lang='lat' dir='ltr'>pridie</span> <span class='ocrx_word' id='word_1_189' title='bbox 1412 1886 1619 1926; x_wconf 88' lang='lat' dir='ltr'>kalendas</span> <span class='ocrx_word' id='word_1_190' title='bbox 1658 1887 1766 1925; x_wconf 86' lang='lat' dir='ltr'>Mar-</span> 
     </span>
     <span class='ocr_line' id='line_1_24' title="bbox 139 1964 348 2013; baseline 0 -11"><span class='ocrx_word' id='word_1_191' title='bbox 139 1964 204 2013; x_wconf 89' lang='lat' dir='ltr'>tij,</span> <span class='ocrx_word' id='word_1_192' title='bbox 234 1964 348 2012; x_wconf 85' lang='lat'>1560.</span> 
     </span>
    </p>

    <p class='ocr_par' dir='ltr' id='par_1_5' title="bbox 219 2033 732 2085">
     <span class='ocr_line' id='line_1_25' title="bbox 219 2033 732 2085; baseline -0.004 -12"><span class='ocrx_word' id='word_1_193' title='bbox 219 2035 384 2073; x_wconf 87' lang='lat' dir='ltr'>Seruus</span> <span class='ocrx_word' id='word_1_194' title='bbox 405 2033 732 2085; x_wconf 86' lang='lat' dir='ltr'>indignissimus</span> 
     </span>
    </p>
   </div>
   <div class='ocr_carea' id='block_1_3' title="bbox 1127 2130 1654 2184">
    <p class='ocr_par' dir='ltr' id='par_1_6' title="bbox 1127 2130 1654 2184">
     <span class='ocr_line' id='line_1_26' title="bbox 1127 2130 1654 2184; baseline -0.011 -12"><span class='ocrx_word' id='word_1_195' title='bbox 1127 2136 1156 2184; x_wconf 85' lang='lat'><strong>†</strong></span> <span class='ocrx_word' id='word_1_196' title='bbox 1187 2134 1392 2183; x_wconf 74' lang='lat' dir='ltr'>JosEPHUS</span> <span class='ocrx_word' id='word_1_197' title='bbox 1423 2130 1596 2168; x_wconf 70' lang='lat' dir='ltr'>Acos‘rA</span> <span class='ocrx_word' id='word_1_198' title='bbox 1629 2136 1654 2167; x_wconf 91' lang='lat'>¹.</span> 
     </span>
    </p>
   </div>
   <div class='ocr_carea' id='block_1_4' title="bbox 137 2236 1761 2366">
    <p class='ocr_par' dir='ltr' id='par_1_7' title="bbox 137 2236 1761 2366">
     <span class='ocr_line' id='line_1_27' title="bbox 219 2236 1761 2283; baseline -0.005 -3"><span class='ocrx_word' id='word_1_199' title='bbox 219 2240 411 2280; x_wconf 80' lang='lat' dir='ltr'>Polcmci</span> <span class='ocrx_word' id='word_1_200' title='bbox 431 2253 588 2279; x_wconf 76' lang='lat' dir='ltr'>manu:</span> <span class='ocrx_word' id='word_1_201' title='bbox 612 2239 794 2278; x_wconf 89' lang='lat' dir='ltr'>Emend.</span> <span class='ocrx_word' id='word_1_202' title='bbox 819 2238 925 2278; x_wconf 80' lang='lat' dir='ltr'>Alia</span> <span class='ocrx_word' id='word_1_203' title='bbox 955 2251 1110 2278; x_wconf 75' lang='lat' dir='ltr'>mann:</span> <span class='ocrx_word' id='word_1_204' title='bbox 1136 2239 1230 2276; x_wconf 72' lang='lat' dir='ltr'>M.ta</span> <span class='ocrx_word' id='word_1_205' title='bbox 1252 2250 1276 2276; x_wconf 88' lang='lat' dir='ltr'>a</span> <span class='ocrx_word' id='word_1_206' title='bbox 1307 2238 1509 2283; x_wconf 89' lang='lat' dir='ltr'>Genoua,</span> <span class='ocrx_word' id='word_1_207' title='bbox 1544 2241 1650 2283; x_wconf 90' lang='lat' dir='ltr'>etc.;</span> <span class='ocrx_word' id='word_1_208' title='bbox 1676 2236 1761 2273; x_wconf 87' lang='lat' dir='ltr'>Na-</span> 
     </span>
     <span class='ocr_line' id='line_1_28' title="bbox 137 2311 1206 2366; baseline -0.004 -14"><span class='ocrx_word' id='word_1_209' title='bbox 137 2315 226 2366; x_wconf 90' lang='lat' dir='ltr'>poli</span> <span class='ocrx_word' id='word_1_210' title='bbox 248 2319 292 2352; x_wconf 93' lang='lat' dir='ltr'>et</span> <span class='ocrx_word' id='word_1_211' title='bbox 313 2313 476 2360; x_wconf 87' lang='lat' dir='ltr'>Sicilia;</span> <span class='ocrx_word' id='word_1_212' title='bbox 499 2313 695 2359; x_wconf 86' lang='lat' dir='ltr'>Francia,</span> <span class='ocrx_word' id='word_1_213' title='bbox 720 2311 919 2358; x_wconf 86' lang='lat' dir='ltr'>Fiandra,</span> <span class='ocrx_word' id='word_1_214' title='bbox 945 2311 1206 2361; x_wconf 89' lang='lat' dir='ltr'>Alemagna.</span> 
     </span>
    </p>
   </div>
   <div class='ocr_carea' id='block_1_5' title="bbox 185 2486 528 2524">
    <p class='ocr_par' dir='ltr' id='par_1_8' title="bbox 185 2486 528 2524">
     <span class='ocr_line' id='line_1_29' title="bbox 185 2486 528 2524; baseline -0.006 0"><span class='ocrx_word' id='word_1_215' title='bbox 185 2495 204 2513; x_wconf 82' lang='lat' dir='ltr'>a</span> <span class='ocrx_word' id='word_1_216' title='bbox 237 2486 511 2524; x_wconf 88' lang='lat' dir='ltr'>cubiculorum</span> <span class='ocrx_word' id='word_1_217' title='bbox 520 2514 528 2522; x_wconf 91' lang='lat'><strong>.</strong></span> 
     </span>
    </p>
   </div>
   <div class='ocr_carea' id='block_1_6' title="bbox 184 2655 628 2702">
    <p class='ocr_par' dir='ltr' id='par_1_9' title="bbox 184 2655 628 2702">
     <span class='ocr_line' id='line_1_30' title="bbox 184 2655 628 2702; baseline -0.005 -10"><span class='ocrx_word' id='word_1_218' title='bbox 184 2658 193 2677; x_wconf 91' lang='lat'>¹</span> <span class='ocrx_word' id='word_1_219' title='bbox 247 2655 354 2692; x_wconf 88' lang='lat' dir='ltr'>Vide</span> <span class='ocrx_word' id='word_1_220' title='bbox 374 2656 477 2702; x_wconf 88' lang='lat' dir='ltr'>epist</span> <span class='ocrx_word' id='word_1_221' title='bbox 495 2667 628 2701; x_wconf 85' lang='lat' dir='ltr'>praec.</span> 
     </span>
    </p>
   </div>
  </div>
 </body>
</html>
