1908 3446
198 215 268 253 778
687 216 905 252 LITTERAE
931 215 1287 260 QUADRIMESTRES

153 324 200 356 ut
220 331 307 357 non
329 320 617 370 suscipiantur
640 317 721 356 nisi
743 318 796 355 de
819 317 974 368 quibus
995 317 1125 356 liceat
1149 330 1202 355 ex
1238 318 1364 356 claris
1394 318 1564 368 indicijs
1594 319 1775 357 meliora

152 402 344 440 sperare.

206 472 243 509 3.
303 462 391 500 Sed
426 462 509 501 iarn
542 463 595 500 ad
626 463 798 499 scholas
829 460 1095 498 domesticas
1130 465 1323 507 transe03
1348 473 1402 498 ex
1432 461 1484 510 ijs
1516 461 1628 499 enim
1649 461 1776 500 nobis

155 545 311 585 magna
346 546 446 584 spes
476 534 660 584 affulget
691 533 853 570 uariam
883 544 1170 582 magnamque
1202 531 1433 571 utilitatem
1462 532 1515 570 ad
1545 533 1775 582 rempubli-

154 616 247 642 cam
270 606 494 655 utriusque
519 611 657 642 status
679 602 910 653 aliquando
939 602 1190 641 redituram.
1225 603 1389 641 Omnes
1418 603 1593 654 quidem
1624 604 1664 641 in
1687 603 1775 641 uni-

153 688 329 713 uersum
352 676 473 713 iuxta
495 687 770 713 communem
801 678 1050 711 nostrorum
1077 674 1364 724 collegiorum
1395 686 1562 712 morem
1591 687 1678 712 non
1709 687 1775 713 so-

152 748 239 785 lum
262 747 464 785 alacriter
486 746 665 797 singulis
687 745 910 783 mensibus
932 745 1210 791 confitentur,
1236 757 1386 782 uerum
1410 745 1541 783 etiam
1563 746 1676 783 inter
1699 757 1776 783 eos

153 824 251 856 sunt
271 819 483 869 plerique,
508 817 579 867 qui
600 816 804 854 libentius
826 815 868 854 id
890 815 1104 863 factitant,
1125 821 1169 853 et
1191 829 1293 853 suos
1314 821 1520 866 parentes
1537 816 1590 854 ad
1608 816 1777 855 confes-

155 890 322 928 sionem
345 901 395 927 ac
418 887 662 927 orationem
685 887 1047 938 frequentandam
1070 887 1321 938 diligentius
1344 888 1554 926 excitent.
1579 887 1647 926 Ad
1667 888 1778 927 haec

153 961 328 1012 quidem
350 959 525 1012 pietatis
549 959 693 998 officia
713 972 800 996 non
821 971 970 1009 parum
994 959 1236 997 animantur
1256 972 1309 996 ex
1327 959 1518 998 lectione
1540 965 1630 997 turn
1649 972 1777 999 euan-

154 1032 312 1082 gelica,
337 1038 427 1070 tum
450 1031 737 1070 catechistica
758 1037 791 1077 a,
816 1043 998 1080 quorum
1020 1031 1130 1069 haec
1152 1029 1221 1069 die
1251 1031 1426 1069 ueneris
1449 1044 1473 1069 a
1493 1037 1669 1070 rectore
1692 1032 1777 1070 col-

154 1103 258 1154 legij
284 1104 309 1149 ¹,
334 1104 405 1141 illa
428 1115 533 1140 uero
558 1103 713 1140 diebus
736 1101 963 1140 dominicis
985 1114 1035 1140 ac
1056 1102 1180 1139 festis
1201 1102 1254 1139 ab
1276 1102 1359 1140 alio
1378 1102 1611 1141 sacerdote
1633 1104 1686 1152 ijs
1707 1105 1779 1154 qui

154 1174 308 1213 melius
330 1175 461 1212 latine
493 1178 667 1220 norunt,
692 1172 954 1212 declaratur.
988 1173 1053 1211 De
1078 1172 1303 1222 exercitijs
1333 1173 1536 1223 literarijs
1557 1174 1660 1212 nihil
1683 1175 1778 1213 atti-

153 1251 228 1285 net
251 1247 415 1284 dicere.
439 1246 485 1283 In
508 1246 595 1283 suis
613 1245 892 1291 lectionibus,
912 1244 1279 1295 disputationibus
1300 1257 1351 1283 ac
1367 1246 1702 1296 repetitionibus
1719 1246 1779 1285 di·

153 1312 443 1364 ligentissime
469 1311 744 1349 excoluntur.
770 1312 896 1349 Nunc
926 1323 1100 1361 quoque
1124 1324 1169 1349 se
1201 1316 1354 1361 parant
1375 1311 1564 1350 maiores
1584 1312 1639 1350 ad
1661 1313 1779 1351 exhi-

154 1384 341 1422 bendam
364 1395 464 1421 cum
481 1381 649 1432 primis
684 1382 933 1433 elegantem
957 1382 1231 1420 comoediam
1261 1382 1438 1420 nomine
1464 1383 1777 1435 «Voluptiam»‚

154 1455 272 1506 prius
294 1467 421 1505 quam
443 1453 627 1492 accedat
653 1454 862 1492 solemnis
884 1454 1067 1492 mutatio
1099 1454 1349 1492 lectionum.
1367 1454 1524 1506 Neque
1554 1455 1625 1494 hic
1654 1456 1779 1494 silen-

153 1528 214 1564 tio
237 1525 606 1577 praetereundum
630 1525 851 1572 existimo,
875 1523 993 1575 quod
1015 1537 1112 1563 curn
1142 1537 1280 1576 nuper
1301 1525 1383 1563 illis
1410 1524 1632 1565 declarata
1662 1532 1780 1566 esset

154 1599 319 1637 utilitas
350 1591 652 1636 necessitasne
684 1595 945 1635 sacramenti
976 1597 1334 1644 confirmationis,
1367 1599 1615 1649 complures
1650 1612 1781 1651 expe-

152 1670 316 1708 tierunt
339 1668 681 1707 confirmationis
703 1669 887 1720 gratiam
910 1669 963 1706 ab
987 1668 1195 1719 episcopo
1227 1669 1308 1706 sibi
1330 1669 1536 1719 conferrj.
1563 1669 1782 1719 Quocirca

154 1741 275 1780 multi
307 1741 548 1779 Eistadium
580 1740 633 1778 ad
655 1740 707 1778 D.
734 1739 1059 1791 suffraganeum
1082 1742 1094 1760 ²
1115 1752 1139 1777 a
1168 1739 1357 1790 quodam
1381 1753 1434 1778 ex
1456 1742 1617 1780 nostris
1647 1743 1781 1781 Patri-

154 1813 235 1850 bus
258 1811 436 1861 deductj
462 1818 576 1859 sunt,
600 1812 671 1849 ubi
693 1817 794 1862 post
813 1815 1068 1862 perceptam
1092 1811 1413 1859 eucharistiam,
1435 1817 1479 1850 et
1494 1812 1694 1851 haustum
1718 1826 1781 1851 sa-

155 1897 275 1922 crum
298 1884 528 1934 liquorem,
552 1884 621 1934 qui
647 1896 701 1921 ex
723 1882 874 1921 tumba
894 1882 937 1920 S.
963 1882 1214 1933 Walburgis
1243 1882 1407 1921 ibidem
1436 1883 1601 1922 stillans
1631 1884 1685 1922 ad
1708 1885 1780 1923 ob-

155 1953 377 1995 tinendam
402 1955 615 1994 castitatis
645 1954 829 2006 gratiam
861 1953 1057 2000 sumitur,
1091 1966 1187 1992 cum
1218 1954 1387 2005 ingenti
1417 1953 1701 1994 admiratione
1732 1968 1783 1994 ac

157 2026 438 2065 edificatione
459 2026 606 2077 populj
630 2025 855 2076 progressi
872 2030 971 2063 sunt
987 2025 1074 2063 bini
1091 2025 1214 2063 iuxta
1228 2026 1526 2076 processionis
1541 2026 1724 2066 formam
1741 2029 1782 2066 in

156 2098 365 2149 templum
386 2097 420 2144 b,
445 2097 518 2135 ubi
539 2097 592 2135 ab
615 2096 823 2148 episcopo
847 2095 1131 2146 confirmandj
1152 2102 1292 2144 erant3
1309 2097 1466 2148 quibus
1481 2097 1597 2136 idem
1616 2099 1782 2150 episco-

157 2182 237 2220 pus
258 2173 360 2207 ante
382 2169 699 2219 praescriptum
721 2173 909 2219 tempuS,
933 2181 1019 2219 quo
1043 2166 1170 2206 citius
1199 2167 1253 2206 ad
1288 2181 1366 2207 sua
1394 2169 1589 2208 redirent
1624 2170 1780 2219 studia,

158 2240 323 2279 dictum
359 2245 680 2279 sacramentum
716 2240 916 2287 contulit,
953 2239 1234 2290 indulsitque,
1271 2244 1317 2278 ut
1356 2239 1658 2280 redimiculum
1697 2254 1781 2292 quo

155 2312 275 2350 frons
297 2312 381 2350 iam
404 2311 761 2350 confirmatorum
782 2311 957 2362 religari
978 2323 1029 2349 ac
1050 2311 1185 2360 uelarj
1207 2323 1285 2361 per
1312 2311 1502 2350 triduum
1529 2313 1657 2360 solet,
1683 2326 1781 2352 con-

156 2383 301 2421 festim
324 2382 616 2433 deponerent3
639 2382 756 2432 quod
777 2388 923 2420 tamen
945 2382 1026 2433 ipsi
1048 2382 1103 2420 ob
1125 2382 1419 2421 reuerentiam
1441 2385 1716 2433 sacramenti,
1740 2391 1784 2424 et

157 2456 198 2493 in
221 2454 367 2493 odium
388 2454 713 2494 haereticorum
747 2453 940 2493 retinere
971 2453 1230 2501 maluerunt,
1262 2454 1367 2493 licet
1388 2455 1502 2493 haud
1531 2456 1784 2507 ignorarent

158 2539 205 2565 se
227 2527 281 2565 ab
301 2525 475 2565 insulsis
497 2531 542 2564 et
562 2526 703 2576 impijs
725 2527 973 2566 hominibus
1001 2525 1161 2578 passim
1181 2526 1352 2566 irrisum
1373 2527 1440 2577 irj.
1465 2529 1588 2567 Haec
1609 2529 1664 2567 de
1684 2542 1783 2568 nos-

156 2598 233 2636 tris
252 2598 415 2648 pueris,
439 2597 511 2648 qui
532 2597 574 2635 in
604 2597 766 2636 scholis
787 2597 1042 2636 domesticis
1069 2598 1367 2645 instituuntur,
1405 2597 1521 2637 dicta
1548 2599 1780 2639 sufficiant.

210 2680 249 2717 4.
309 2669 437 2707 Nunc
471 2667 526 2706 de
560 2668 825 2706 lectionibus
859 2674 1110 2708 nostrorum
1148 2669 1460 2721 theologorum
1497 2675 1540 2709 et
1578 2671 1781 2719 utilitate,

203 2811 222 2831 a
275 2824 326 2849 ex
344 2810 589 2849 catechismo
607 2811 646 2847 d.
668 2810 836 2848 Canisii.
890 2813 956 2838 —b
977 2812 1091 2849 2vv.
1112 2817 1254 2860 praec.
1276 2817 1412 2860 supra
1431 2823 1541 2850 vers.

206 2958 215 2978 ¹
269 2956 314 2993 P.
335 2954 530 2994 Nicolaus
548 2954 753 3003 Lanoyus.

206 3016 220 3037 ²
270 3014 379 3054 Vide
398 3015 502 3054 Litt.
522 3014 774 3063 Quadrim.,
794 3014 849 3061 V,
869 3015 951 3054 606.
