1908 3446
237 202 307 240 820
718 202 767 238 Li
778 212 935 238 [TERAE
961 200 1316 246 QUADR1MESTRES

192 308 403 346 exhibere
437 308 553 346 licet.
577 307 687 344 Nam
708 319 795 343 non
816 306 875 343 ita
894 305 1063 356 pridem
1090 305 1211 342 venit
1241 305 1295 342 ad
1324 305 1539 355 quendam
1564 317 1618 343 ex
1652 310 1813 344 nostris

192 379 344 417 mulier
365 393 390 417 a
410 380 564 430 viginti
585 378 705 416 annis
727 391 814 415 non
837 377 1040 414 confessa
1062 377 1117 415 ob
1145 377 1332 414 inmania
1361 377 1574 427 quaedam
1596 377 1810 424 schelera‚

190 463 302 501 quae
322 452 549 502 propalare
570 464 657 488 non
678 449 881 495 audebat,
906 448 1119 499 siquidem
1141 454 1314 499 praeter
1336 449 1417 487 alia
1437 449 1657 499 proprjum
1679 449 1812 487 filium

192 522 430 560 occiderat.
464 524 590 560 Nunc
620 534 726 559 vero
760 534 813 558 ex
836 519 985 558 intimo
1019 520 1152 558 corde
1176 533 1273 558 cum
1304 521 1490 558 maxima
1511 521 1812 559 lachrimarum

190 594 393 632 vbertate
416 594 668 644 generalem
688 592 794 630 fecit
817 591 1159 638 confessionem,
1183 605 1234 629 ac
1255 592 1473 630 salubrem
1504 592 1691 631 libenter
1712 605 1812 643 qua-

190 665 435 715 lencunque
467 664 811 702 satisfactionem
834 662 1095 713 explendam
1118 662 1325 713 suscepit.
1350 664 1405 701 M.
1430 664 1685 701 Franciscus
1708 665 1812 702 Cos-

190 742 311 774 terus
334 737 375 774 in
396 737 588 774 lectione
622 747 744 772 sacra
776 733 905 771 etiam
943 734 1106 784 optime
1138 747 1215 771 suo
1247 747 1427 772 munere
1463 734 1670 785 fungitur.
1704 735 1811 772 Tan-

189 811 259 845 tus
281 808 441 857 ubique
463 808 589 844 huius
613 805 789 855 collegii
809 805 942 855 longe
964 804 1139 854 lateque
1165 804 1272 842 odor
1294 804 1565 852 diffunditur,
1585 811 1632 843 vt
1654 811 1741 843 tam
1758 818 1811 843 ex

189 880 419 930 superiori,
443 892 571 929 quam
593 876 787 915 inferiori
810 876 1046 915 Germania
1066 873 1257 927 vndiq'ue
1279 876 1333 914 ad
1354 890 1434 915 nos
1465 878 1701 925 confluant,
1726 891 1810 928 quo

187 951 313 988 simul
333 950 482 989 literas
505 963 601 987 cum
633 949 798 999 pietate
826 947 1055 996 jmbibant.
1088 947 1184 986 Nec
1204 955 1222 972 a
1243 948 1301 986 illi
1324 961 1414 995 sua,
1447 962 1590 999 neque
1612 962 1693 987 nos
1714 962 1812 987 nos-

188 1028 254 1061 tra
275 1035 351 1073 spe
372 1023 572 1060 fallimur.
601 1020 773 1058 Plurimi
796 1020 1012 1058 ecclesiae
1034 1020 1215 1070 praelati
1237 1020 1337 1058 dum
1354 1026 1552 1059 nostrum
1569 1020 1812 1060 studiorum

189 1095 386 1132 ordinem
408 1092 775 1139 animaduertunt,
801 1093 1002 1130 certatim
1032 1092 1190 1130 fratres
1212 1093 1283 1130 vel
1314 1098 1503 1144 nepotes
1533 1106 1636 1131 suos
1657 1094 1711 1131 ad
1730 1106 1812 1132 nos

188 1165 407 1204 destinant
427 1166 461 1202 b.

240 1249 278 1285 3.
338 1237 405 1274 Ad
439 1237 544 1274 alias
574 1235 695 1274 binas
726 1236 861 1274 aedes
890 1236 1106 1283 venimus,
1139 1249 1246 1286 quas
1281 1236 1564 1274 conuictores
1594 1248 1691 1274 cum
1722 1237 1810 1287 qui-

186 1309 365 1346 busdam
387 1308 736 1359 preceptoribus,
770 1308 841 1358 qui
872 1307 1126 1358 diligentem
1157 1308 1364 1358 ipsorum·
1380 1320 1526 1346 curam
1554 1313 1727 1358 gerunt,
1752 1308 1812 1345 in-

187 1381 350 1419 colunt.
376 1382 492 1418 Inter
514 1380 595 1417 hos
616 1379 785 1429 plurimi
808 1385 907 1417 sunt
928 1379 1297 1417 nobilissimorum
1328 1380 1520 1418 virorum
1541 1380 1633 1428 filij,
1657 1380 1811 1429 quibus

186 1452 307 1489 hisce
330 1451 484 1488 diebus
507 1451 592 1488 duo
612 1463 665 1488 ex
688 1451 867 1488 Francia
882 1463 986 1501 prae
1005 1451 1197 1489 coeteris
1214 1451 1470 1489 nobilissimi
1487 1450 1680 1489 adiuncti
1696 1457 1808 1488 sunt.

187 1523 242 1560 Hi
265 1535 417 1561 omnes
448 1535 545 1560 cum
575 1522 780 1560 fratribus
811 1523 973 1560 nostris
1004 1521 1259 1572 vespertino
1292 1527 1337 1560 et
1366 1522 1578 1560 matutino
1609 1527 1810 1572 tempore

188 1594 457 1631 orationibus
496 1594 765 1631 incumbunt.
805 1594 1034 1643 Nunquam
1070 1593 1178 1631 citra
1211 1599 1522 1644 preceptorum
1557 1594 1811 1631 facultatem

187 1665 376 1715 collegio
401 1664 701 1716 egrediuntur,
734 1665 816 1702 nisi
845 1664 963 1715 quod
985 1665 1138 1712 semel,
1162 1665 1235 1702 vbi
1256 1676 1359 1702 aura
1380 1664 1511 1703 fuerit
1532 1665 1733 1716 propitia,
1757 1665 1811 1702 ad

186 1749 363 1787 campos
393 1736 571 1774 ludendi
602 1736 743 1787 gratia
769 1735 1126 1787 progrediuntur.
1161 1737 1348 1776 Maxima
1376 1749 1475 1788 pars
1507 1737 1687 1787 singulis
1717 1736 1810 1774 fere

185 1807 438 1858 septimanis
473 1809 723 1854 confitetur,
750 1813 794 1846 et
817 1808 1110 1846 communicat
1141 1808 1210 1847 die
1242 1809 1488 1856 Dominico‚
1512 1809 1599 1857 alij,
1624 1813 1670 1846 vt
1692 1809 1811 1846 mini-

185 1894 317 1927 mum,
343 1880 515 1918 decimo
538 1879 688 1930 quinto
711 1893 886 1930 quoque
909 1880 979 1918 die
1002 1887 1019 1904 0
1039 1892 1189 1930 parem
1210 1880 1253 1918 in
1276 1880 1529 1919 confitendo
1554 1885 1598 1918 et
1621 1892 1811 1918 commu-

185 1951 369 1989 nicando
398 1950 608 2002 pietatem
631 1951 856 1989 exhibent.
882 1949 1084 1989 Modeste
1101 1964 1151 1989 ac
1172 1951 1354 2002 pacifice
1377 1951 1611 1990 admodum
1629 1951 1741 1989 inter
1763 1963 1810 1988 se

185 2022 352 2070 viuunt,
377 2028 423 2060 vt
445 2023 517 2072 qui
537 2036 624 2060 non
645 2028 801 2060 noscet
825 2035 902 2060 eos
920 2023 1311 2061 diuersissimarum
1330 2036 1428 2061 esse
1451 2024 1690 2069 nationum,
1714 2035 1810 2073 ger-

185 2107 337 2132 manos
370 2093 528 2131 fratres
551 2106 649 2131 esse
670 2093 900 2141 iudicaret3
924 2099 1070 2132 tantus
1093 2099 1160 2132 est
1183 2106 1335 2132 eorum
1351 2107 1472 2132 amor
1496 2099 1540 2132 et
1561 2094 1812 2132 reuerentia

182 2177 293 2216 <erga
312 2170 615 2215 preceptoreS,
651 2170 695 2202 vt
717 2165 798 2202 illis
829 2165 1062 2203 videantur
1091 2167 1208 2204 votis
1231 2166 1431 2204 obstricti
1463 2178 1578 2204 esse.
1604 2167 1811 2203 Extranei

185 2236 381 2274 similiter
403 2248 500 2274 cum
520 2236 728 2274 intraneis
750 2237 926 2286 pietatis
957 2237 1101 2275 studio
1134 2243 1409 2284 concertant3
1431 2250 1530 2275 nam
1561 2241 1605 2275 et
1626 2238 1684 2275 illi
1706 2250 1811 2287 quo-

184 2307 290 2345 tidie
313 2320 410 2346 cum
432 2308 609 2359 reliquis
640 2308 806 2346 deuote
838 2321 1007 2347 sacrum
1037 2309 1233 2357 audiunt,
1266 2314 1518 2348 nostrorum
1549 2309 1811 2348 modestiam

184 2392 236 2417 ac
256 2392 426 2417 morum
449 2380 702 2417 comitatem
725 2380 964 2430 suspiciunt
986 2393 1036 2419 ac
1065 2379 1304 2420 imitantur.
1339 2381 1461 2419 Multi
1492 2381 1606 2418 enim
1635 2385 1811 2431 praeter

184 2451 377 2502 reliquos
413 2463 466 2488 ex
488 2449 585 2497 illis,
609 2456 791 2488 naturae
827 2451 1003 2489 dotibus
1037 2464 1124 2489 non
1156 2452 1440 2490 mediocriter
1470 2451 1681 2503 insignes,
1712 2464 1810 2502 pro-

184 2523 489 2574 pensissimum
510 2523 674 2560 habent
704 2522 757 2560 ad
787 2523 1059 2562 Societatem
1081 2524 1285 2571 animum,
1309 2537 1494 2574 quorum
1515 2523 1688 2574 quidam
1711 2528 1810 2561 sunt

186 2607 240 2632 ex
261 2594 499 2632 Germania
520 2594 762 2644 superiore,
786 2595 981 2632 nonnulli
1000 2607 1055 2632 ex
1078 2595 1348 2646 Lotoringia,
1373 2594 1442 2644 alij
1468 2607 1523 2632 ex
1546 2594 1741 2642 Geldria,
1767 2599 1810 2632 et

185 2665 434 2712 Brabantia,
457 2676 545 2702 non
564 2664 691 2715 pauci
721 2665 793 2715 qui
823 2666 998 2715 vltronij
1021 2666 1260 2717 impulsore
1282 2665 1445 2717 Spiritu
1471 2666 1634 2704 Sancto
1657 2665 1711 2704 ad
1731 2665 1809 2704 So-

185 2735 357 2774 cietatis
376 2735 625 2784 jnstitutum
655 2736 859 2786 aspirant.
887 2738 1079 2776 Cauetur
1103 2737 1216 2775 enim
1248 2749 1527 2788 summopere
1557 2749 1612 2775 ne
1640 2737 1734 2788 quis
1756 2737 1809 2774 ad

183 2808 269 2845 hoc
291 2806 672 2846 exhortationibus
693 2807 872 2845 alicuius
893 2809 1185 2858 pertrahatur.
1219 2809 1317 2847 Hoc
1347 2807 1653 2860 quadrimestri
1684 2809 1808 2846 multi

183 2972 189 2976 ·
228 2958 248 2978 a
291 2957 479 2995 Obscure
496 2960 732 2994 exaratum
750 2958 796 2994 in
816 2967 895 2995 ms.
950 2958 1015 2984 ——b
1038 2957 1228 2995 obscure
1245 2968 1361 2995 exar.
1384 2959 1431 2995 in
1451 2969 1531 2995 ms.
1585 2966 1649 2984 —0
1669 2958 1805 2996 Prius

180 3017 354 3065 singulis
372 3017 598 3065 quindenis.

1897 3343 1908 3446 ’,ηιμ-Α
1904 3316 1908 3322 .
1906 3304 1908 3306 .
