1908 3446
210 209 279 246 2216
677 203 900 242 LITTERAE
926 203 1282 248 QUADR1MESTRES

163 311 328 348 uultum
361 314 403 348 et
436 321 579 347 mores
611 308 724 345 bene
757 304 1040 355 compositOS,
1075 313 1232 340 uocem
1262 312 1457 346 suauem,
1481 298 1790 349 pronuntiatio—

163 394 262 420 nem
281 382 546 432 elegantem,
567 391 679 429 quae
696 378 737 415 in
759 375 978 427 germanis
1000 371 1233 412 admodum
1252 383 1348 409 rara
1364 376 1447 417 est;
1467 370 1675 408 maiorem
1690 369 1790 407 item

163 458 310 491 aetate
333 452 622 504 prudentiam,
649 456 692 488 et
715 460 913 499 magnam
936 446 1044 484 alios
1072 443 1153 482 sibi
1185 441 1445 482 conciliandi
1476 446 1607 492 atque
1638 439 1691 478 ad
1720 440 1791 479 bo·

165 539 266 563 num
289 523 569 577 pertrahendi
592 521 789 573 gratiam.

218 607 256 644 3.
316 595 539 635 Gerardus
561 595 710 632 Iseren
733 603 869 630 annos
898 593 1023 627 natus
1056 585 1322 632 octodecim,
1358 583 1501 623 eidem
1532 582 1676 622 studio
1708 582 1795 621 dili-

165 673 322 720 genter
340 666 551 718 impendit
570 676 762 715 operam.
785 662 897 699 Huic
915 658 1117 698 Embrica
1131 656 1272 708 patria
1289 661 1371 703 est,
1391 668 1531 707 genus
1547 656 1794 702 honestum,

1884 326 1885 329 ¹
1896 319 1908 337 Ν

167 745 289 791 pater
313 738 452 785 d‘uesg
475 737 546 787 qui
568 734 729 786 ingenij
763 731 1049 782 corporisque
1081 728 1272 775 dotibus,
1306 726 1433 765 animi
1464 723 1721 765 fortitudine
1750 737 1799 765 ac

169 810 413 850 constantia
442 808 574 860 priori
605 805 856 855 nentiquam
889 801 1020 841 cedit.
1056 798 1210 838 Paucis
1243 799 1356 837 enim
1379 796 1535 836 abhinc
1556 797 1711 835 diebus
1732 810 1798 848 pa-

170 887 236 920 ter
268 881 360 919 eius
390 881 476 918 huc
508 878 628 917 uenit
660 882 704 914 et
735 875 789 914 de
824 873 1084 913 canonicatu
1119 870 1308 922 quodam
1345 868 1623 920 suscipiendo
1660 868 1800 907 multis
1860 872 1861 875 ’
1903 884 1908 894 ·

171 966 267 992 curn
298 953 370 992 illo
403 951 510 1003 egit;
542 949 620 988 sed
650 948 723 997 filij
757 947 944 985 animum
976 950 1100 996 pater
1127 944 1310 982 flectere
1332 954 1419 981 non
1440 941 1599 993 potuit3
1624 953 1801 980 excusa-

173 1025 337 1063 tionem
360 1021 490 1074 igitur
512 1020 604 1072 ipse
627 1018 820 1069 suscepit
850 1023 894 1055 et
921 1016 1055 1054 filium
1086 1015 1181 1052 Deo
1215 1011 1387 1060 obtulit3
1418 1012 1543 1051 nobis
1574 1017 1803 1063 praeterea
1861 1041 1863 1054 ,

173 1095 295 1142 dixit,
328 1094 361 1132 si
394 1104 576 1131 uxorem
607 1103 693 1129 non
725 1089 926 1135 haberet,
960 1099 1008 1125 se
1040 1099 1137 1125 cum
1165 1085 1253 1123 filio
1281 1084 1511 1123 nobiscum
1539 1095 1800 1122 mansurum.

174 1167 317 1217 Atque
338 1165 409 1202 hic
432 1159 769 1201 embricensium
790 1159 952 1211 primus
974 1157 1141 1196 fructus
1165 1156 1260 1194 erit.

226 1249 264 1286 4.
324 1234 629 1275 Theodoricus
664 1229 880 1278 Canisius,
921 1228 1253 1280 neomagensis,
1294 1226 1337 1265 in
1376 1226 1570 1265 moribus
1610 1225 1805 1276 cognatis
1862 1230 1865 1270 ζ

176 1309 264 1347 suis
295 1309 423 1347 Doct.
458 1307 590 1344 Petro
623 1309 665 1342 et
688 1301 926 1341 Theodoro
948 1313 1035 1339 non
1057 1297 1278 1346 absimilis,
1303 1297 1541 1349 superioris
1562 1296 1806 1348 grammati·
1864 1288 1865 1324 ἶ

179 1393 328 1419 corum
350 1377 528 1417 scholae
552 1381 633 1414 est.

234 1459 270 1499 5.
332 1448 555 1489 Gerardus
575 1444 844 1487 Gerardinus
861 1443 1118 1482 dialecticus
1137 1446 1218 1489 est,
1244 1439 1583 1480 conuersatione
1606 1444 1651 1477 et
1672 1439 1806 1477 uerbo
1864 1425 1866 1463 Ϊ

181 1522 361 1561 multum
383 1525 546 1571 potest,
571 1523 615 1557 et
645 1517 699 1555 ad
728 1516 861 1555 uitam
892 1515 1080 1554 actiuam
1110 1511 1239 1552 ualde
1272 1517 1338 1551 est
1368 1510 1695 1553 accommodus.
1734 1511 1808 1548 Pa-

180 1599 291 1632 trem
321 1592 454 1630 habet
485 1596 706 1628 rectorem
738 1587 916 1626 scholae
951 1585 1370 1624 bartholomaeanae
1405 1582 1519 1634 apud
1540 1581 1806 1621 leodienses.

181 1664 264 1715 Qui
288 1660 502 1702 Societati
522 1664 700 1699 nostrae
724 1659 888 1710 optime
911 1657 1018 1705 uult,
1050 1662 1095 1695 et
1122 1655 1267 1694 multis
1298 1653 1439 1694 modis
1469 1653 1573 1692 illud
1605 1652 1806 1692 ostendit.

182 1735 332 1774 Filium
350 1733 421 1784 qui
442 1746 556 1771 nunc
578 1737 730 1770 uotum
752 1730 872 1777 fecit,
896 1734 997 1768 ante
1015 1741 1173 1767 annum
1190 1726 1404 1766 Societati
1422 1723 1559 1763 dedit.
1583 1725 1671 1763 Iam
1689 1724 1810 1763 scho-

180 1809 263 1846 lam
286 1819 383 1845 cum
405 1804 620 1843 adiunctis
643 1802 785 1841 eidem
819 1801 965 1849 offert,
1000 1805 1131 1851 atque
1163 1812 1260 1838 curn
1292 1799 1339 1837 R.
1380 1798 1589 1849 episcopo
1621 1796 1812 1835 leodien-

183 1879 216 1917 si
240 1880 246 1899 ¹
272 1878 326 1916 de
344 1875 612 1915 aduocandis
629 1873 834 1913 fratribus
856 1872 1090 1924 diligenter
1107 1872 1213 1923 agit,
1232 1867 1601 1922 quemadmodum
1623 1869 1671 1907 R.
1691 1868 1740 1907 T.
1764 1869 1810 1907 P.
1867 1880 1869 1902 t

184 1963 237 1989 ex
273 1949 409 1988 literis
445 1950 493 1986 R.
533 1949 579 1986 P.
622 1946 760 1985 nostri
796 1943 1076 1996 prouincialis
1109 1942 1239 1982 latius
1274 1940 1507 1993 intelliget,
1542 1940 1609 1979 cui
1631 1941 1683 1979 D.
1708 1941 1815 1979 Leo-

184 2021 344 2061 nardus
366 2024 506 2059 totum
527 2019 756 2070 negotium
778 2016 987 2056 indicauit
1008 2019 1036 2054 ².

234 2095 273 2134 6.
333 2093 574 2132 Vilhelmus
597 2090 763 2142 Hepsia
794 2103 890 2128 cum
920 2101 997 2140 per
1027 2090 1256 2139 parentem
1286 2099 1310 2125 a
1344 2085 1500 2135 studijs
1539 2088 1813 2131 auocaretur,

182 2168 320 2217 ipsum
355 2177 482 2216 quam
517 2164 706 2202 honesta
740 2162 896 2200 artium
928 2160 1072 2200 studia
1101 2158 1350 2210 relinquere
1381 2157 1546 2196 maluit.
1580 2156 1816 2195 Nobiscum
1868 2164 1871 2194 ζ

183 2250 299 2276 nunc
319 2236 422 2288 agit,
447 2234 710 2274 dialecticen
732 2238 855 2272 recte
877 2231 1172 2284 prosequitur,
1196 2230 1238 2269 in
1268 2228 1529 2276 humilitate,
1569 2226 1819 2267 obedientia
1868 2249 1871 2263 ·
1901 2236 1906 2255 ³

189 2314 232 2347 et
253 2307 594 2347 mortificatione
616 2317 900 2357 progressum
922 2316 1126 2355 magnum
1148 2301 1265 2341 tacit.

239 2390 276 2428 7.
336 2376 474 2416 Huius
497 2377 643 2416 socius
665 2382 733 2415 est
755 2376 941 2415 Iacobus
962 2375 1112 2421 Velru,
1139 2374 1209 2424 qui
1232 2371 1407 2411 tametsi
1429 2377 1556 2410 extra
1586 2370 1819 2422 collegium

186 2449 417 2497 habitaret,
442 2449 513 2488 die
537 2454 683 2487 tamen
710 2447 836 2486 huius
868 2446 1029 2485 mensis
1059 2455 1110 2495 24
1140 2456 1188 2483 se
1220 2443 1491 2483 Societatem
1522 2442 1818 2494 ingressurum
1871 2483 1873 2486 y

187 2522 324 2561 uouit.
357 2522 509 2560 Artem
542 2518 817 2558 dialecticam
849 2516 1082 2569 diligenter
1113 2520 1288 2563 tractat,
1311 2514 1567 2565 frequenter
1591 2518 1634 2551 et
1656 2512 1820 2551 deuote
1870 2523 1873 2571 ᾗ
1906 2527 1908 2532 ·

189 2593 496 2640 communicat,
527 2591 755 2630 modestus
786 2589 915 2629 ualde
948 2593 1016 2628 est
1047 2593 1091 2627 et
1121 2592 1330 2633 maturus,
1365 2585 1661 2637 optimamque
1690 2583 1745 2622 de
1774 2594 1821 2622 se

190 2677 308 2718 spem
330 2664 456 2704 nobis
477 2664 676 2716 praebet.

243 2738 280 2776 8.
341 2736 553 2774 Reinerus
574 2734 715 2772 Faber
737 2734 791 2772 ab
813 2733 935 2770 initio
958 2730 1055 2781 (nisi
1083 2730 1200 2769 forte
1227 2729 1371 2779 fallor)
1402 2727 1579 2779 collegij
1610 2726 1823 2766 lectiones

241 2910 249 2928 ¹
302 2907 507 2945 Robertus
526 2907 575 2944 de
593 2905 755 2953 Bergis.

239 2967 253 2987 ²
305 2966 411 3003 Vide
429 2978 534 3013 quae
552 2965 602 3003 de
621 2966 695 3003 hac
713 2977 757 3002 re
776 2965 985 3013 scripserit
1003 2963 1047 3001 P.
1067 2961 1304 3000 Everardus
1333 2959 1634 3005 Mercurianus,
1667 2957 1824 3005 provin-

193 3026 320 3074 eialis,
343 3025 449 3075 apud
469 3024 622 3065 Lainii
638 3024 849 3072 Monam,
869 3023 944 3072 IV,
964 3022 1046 3062 359.
