1908 3446
219 286 285 323 296
673 282 891 320 LITTERAE
919 281 1275 328 QUADRIMESTRES

172 390 273 436 ljum
296 388 662 435 religiosissnnum
688 386 949 423 coenobium
972 384 1259 434 coaptabitur.
1284 384 1436 422 Altera
1456 385 1646 436 coniugij
1669 385 1790 423 nexi-

173 460 248 496 bus
283 460 467 505 alligata,
509 471 581 507 pro
620 457 735 505 ujtae
773 455 1042 503 conditione,
1079 454 1447 504 quemadmodum
1477 468 1716 506 speramus,
1749 457 1790 494 in

170 530 249 578 pijs
280 529 559 577 honestisque
591 527 835 565 actionibus
865 538 911 563 se
941 525 1183 563 exercebit.
1204 525 1354 563 Tertia
1373 526 1560 564 nobilior
1581 539 1792 577 aggressa

173 606 236 637 est
258 600 501 649 nuperrime
531 599 605 635 has
634 598 725 648 pias
756 596 1082 645 medjtationes‚
1117 608 1228 646 quae
1260 597 1469 646 optimum
1501 609 1604 635 sane
1634 598 1790 636 instru-

172 675 359 708 mentum
393 682 489 707 esse
516 669 677 719 poterit
699 667 753 706 ad
774 666 1053 716 alljciendum
1082 667 1342 718 plaerasque
1363 667 1468 705 alias
1489 667 1543 706 ad
1563 668 1790 718 pietatem.

224 752 259 789 5.
304 742 464 778 Noster
482 740 782 784 concionator,
805 739 932 776 Pater
947 739 1137 788 Joannes
1157 738 1353 788 Baptista
1368 739 1659 788 Carmjnatus,
1683 740 1794 789 (laus

171 813 281 861 Deo)
304 818 387 849 tam
410 811 645 861 prudenter
669 810 878 847 talentum
901 809 981 846 sibi
1004 808 1219 857 credjtum
1240 809 1468 860 impendjt,
1501 815 1546 848 ut
1577 810 1670 849 eius
1700 811 1793 849 laus

168 897 252 920 non
274 883 314 919 in
337 883 521 924 obscuro
546 887 589 920 et
610 882 746 928 uario,
772 881 849 918 sed
870 881 912 918 in
932 881 1087 919 illustri
1110 886 1154 918 et
1175 894 1261 919 uno
1286 881 1478 930 omnjum
1495 882 1793 931 Panhormjta-

168 967 319 992 norum
351 966 551 991 sermone
582 958 798 998 uersetur,
829 958 873 989 et
894 952 1064 990 nobiles
1086 963 1226 1002 aeque
1249 964 1299 990 ac
1320 952 1537 1003 ignobiles
1559 953 1699 1003 ipsum
1721 965 1792 991 co-

168 1027 254 1063 lant
276 1030 319 1063 et
340 1024 621 1072 admjrentur.
654 1023 764 1061 Cum
793 1028 941 1060 autem
971 1023 1058 1060 hoc
1088 1022 1394 1072 quadrimestri
1423 1029 1624 1074 tempore
1655 1024 1720 1061 bis
1750 1024 1793 1062 in

169 1095 360 1134 externis
395 1094 593 1134 delubris
621 1102 639 1119 a
675 1094 959 1132 concionatus
999 1094 1068 1140 sit,
1107 1095 1282 1144 excepto
1316 1095 1467 1133 tamen
1501 1094 1793 1134 rothonensis

168 1165 434 1216 monasteris
455 1166 631 1215 templo,
655 1164 703 1203 id
718 1166 781 1203 est
802 1163 850 1202 in
871 1165 977 1203 aede
998 1165 1049 1202 D.
1070 1165 1282 1211 Thomae,
1303 1177 1354 1202 ac
1371 1165 1422 1203 D.
1444 1164 1683 1212 Michaelis,
1707 1165 1792 1204 for—

168 1243 361 1275 tunatum
384 1249 431 1275 se
460 1237 736 1287 nuncupabat
757 1236 838 1286 (sic
860 1236 973 1273 enim
996 1248 1118 1273 more
1139 1236 1315 1286 plebeio
1343 1236 1509 1274 idiotae
1539 1237 1792 1288 loquuntur)

168 1309 357 1359 quisquis
401 1309 518 1346 illum
564 1308 899 1346 concionantem
938 1306 1088 1345 audire
1128 1307 1363 1358 potujsset.
1410 1308 1505 1359 Ego
1546 1320 1653 1346 uero
1695 1320 1791 1346 cum

168 1380 291 1417 alteri
313 1379 511 1427 concionj
545 1379 839 1416 interfuissem
861 1376 921 1428 (in
942 1390 1026 1428 qua
1047 1377 1223 1428 quidem
1246 1378 1458 1417 acerrime
1481 1383 1611 1430 atque
1640 1378 1792 1417 arden-

167 1450 330 1488 tissime
352 1451 393 1488 in
415 1451 583 1488 scelera
605 1450 907 1499 scelestosque
929 1449 1132 1487 inuectus
1164 1454 1246 1496 est,
1280 1454 1324 1487 et
1350 1449 1623 1500 potissimum
1650 1450 1692 1487 in
1715 1462 1793 1488 eos

167 1522 236 1572 qui
258 1522 414 1571 passim
437 1534 533 1559 cum
555 1521 858 1559 meretricibus
874 1533 951 1572 per
974 1521 1091 1558 urbis
1108 1520 1300 1571 compita
1320 1521 1475 1559 laruati
1496 1525 1723 1571 uagantur,
1749 1524 1792 1558 et

168 1594 209 1631 in
239 1594 455 1631 aleatores
476 1593 548 1642 qui
568 1598 701 1630 nocte
716 1593 787 1630 illa
807 1604 934 1642 quam
955 1592 1265 1641 foeljcissimus
1285 1592 1440 1629 natalis
1460 1591 1623 1630 Christi
1644 1592 1791 1630 subse-

166 1665 308 1715 quitur
325 1664 433 1712 dies,
455 1664 830 1714 impudentissime
848 1676 898 1702 ac
913 1663 1266 1714 profligatissime
1284 1663 1455 1713 ludunt)
1477 1675 1578 1714 ego,
1602 1663 1789 1714 inquam,

167 1742 317 1787 aperte
346 1737 497 1774 testari
518 1749 710 1787 possum,
746 1741 876 1787 prout
908 1749 962 1774 ex
993 1737 1198 1783 motibus,
1231 1735 1518 1787 gestibusque
1549 1735 1789 1786 corporeis,

167 1808 406 1845 mutatione
424 1808 583 1846 coloris
605 1810 647 1846 et
663 1808 893 1857 lachrymis
912 1807 1080 1846 obortis
1097 1807 1400 1857 anjmaduerti,
1419 1807 1666 1854 nonnullos,
1687 1808 1792 1845 tunc

159 1877 369 1929 forsitan
392 1878 580 1929 mortalj
614 1878 711 1917 labe
724 1878 955 1930 foedatOS,
980 1880 1019 1918 et
1047 1879 1198 1917 adhuc
1220 1878 1430 1917 habentes
1460 1876 1509 1915 in
1540 1877 1694 1928 avnjmo
1725 1889 1790 1916 re-

167 1949 278 1988 uerti
298 1951 356 1988 ad
376 1951 598 2000 uomstnm
621 1951 852 2002 canjnum,
877 1949 968 1989 imo
991 1949 1284 1996 diabolicum,
1309 1949 1548 1998 mutaujsse
1579 1954 1787 1995 mentem,

166 2033 217 2058 ac
238 2022 445 2071 temporis
465 2034 578 2072 pene
606 2028 829 2060 momento
858 2035 882 2060 a
913 2027 1105 2060 tartareo
1137 2021 1345 2069 dracone,
1378 2021 1451 2072 qui
1481 2021 1647 2070 anjmas
1676 2020 1790 2071 ipso-

166 2105 257 2130 rum
292 2093 589 2132 crudelissime
619 2095 639 2119 b
664 2093 921 2141 deuorabat,
947 2094 1221 2132 conuertisse
1254 2105 1354 2131 sese
1383 2092 1438 2131 ad
1467 2092 1790 2130 immaculatum

167 2177 323 2215 agnum
355 2166 590 2204 Christum.

217 2235 254 2273 6.
316 2236 446 2285 Quod
467 2236 520 2274 ad
537 2236 838 2275 confessiones
861 2242 904 2274 et
927 2235 1257 2275 communiones
1279 2236 1321 2273 in
1343 2235 1596 2273 uniuersum
1618 2234 1789 2277 attinet.

165 2305 397 2346 admodum
419 2307 514 2345 Rde
543 2308 584 2345 in
618 2308 693 2346 X.0
729 2309 872 2355 Pater,
909 2308 1012 2346 licet
1047 2308 1261 2346 hactenus
1295 2306 1599 2358 quamplurjmi
1635 2304 1789 2344 diebus

166 2377 289 2415 festis
317 2383 563 2416 sanctorum
598 2384 728 2429 atque
763 2379 992 2428 domjnicis
1025 2391 1136 2429 pane
1172 2379 1292 2428 ujtae
1326 2378 1589 2416 nutriuerint
1624 2377 1788 2426 anjmas

167 2462 279 2496 suas,
302 2450 367 2487 his
389 2455 534 2488 tamen
554 2450 677 2488 festis
697 2451 904 2500 natalitijs
925 2462 1063 2500 nuper
1082 2450 1239 2501 elapsis
1260 2449 1303 2500 (ο
1326 2462 1421 2489 rem
1439 2461 1576 2500 quam
1593 2447 1789 2487 maxime

168 2520 487 2571 admjrabz'lem
516 2522 555 2560 et
584 2520 936 2568 memorabilem,
970 2521 1130 2561 habita
1151 2520 1333 2560 ratione
1355 2520 1493 2559 huius
1521 2519 1663 2570 seculj
1683 2531 1789 2558 uere

159 2590 324 2642 ferrei,
349 2593 466 2641 quod
487 2591 843 2632 cumulatissime
873 2593 1077 2632 abundat
1106 2592 1367 2643 iniqujtate,
1398 2604 1452 2630 ac
1471 2591 1521 2630 in
1542 2603 1628 2641 quo
1649 2589 1787 2639 refri-

163 2664 332 2711 gerata
353 2663 428 2708 est,
454 2662 562 2711 quin
583 2662 719 2701 etiam
747 2666 1067 2713 propemodum
1097 2663 1297 2703 extincta
1329 2661 1538 2702 charitas
1563 2662 1787 2713 plur-smo-

167 2732 288 2782 rum)
316 2737 324 2755 ¹
357 2731 441 2779 his,
464 2732 820 2783 inquam,festis
849 2734 1095 2785 natalJ'tz'J's,
1130 2735 1337 2783 conujuio
1360 2733 1418 2782 illj
1443 2733 1511 2782 cuj
1543 2732 1788 2771 ministrant

215 2905 233 2922 a
277 2897 451 2944 templis.
505 2899 569 2923 —b
594 2898 740 2935 forsan.

217 3064 225 3082 ¹
279 3062 342 3100 Cf.
365 3063 548 3105 Mum,
569 3063 730 3106 XXIV,
754 3065 807 3102 12.
