1908 3446
454 224 779 266 aot—SEGon
808 224 850 262 15
875 224 1139 263 SEPTEMBfflS
1168 222 1258 260 1559
1562 222 1624 258 351

59 331 210 373 Statim
247 330 435 368 omnium
471 334 723 366 senatorum
757 337 976 365 consensu
1012 324 1066 363 de
1102 324 1276 375 publico
1311 322 1524 375 pecuniae
1547 328 1676 372 atque

58 403 238 442 trabium
260 401 563 452 lignorumque
586 399 723 436 stiues
758 396 885 435 nobis
907 396 1117 434 decretae
1140 400 1254 434 sunt.
1283 395 1443 433 Priuati
1467 407 1544 432 sua
1561 394 1678 443 quis-

59 487 140 525 que
168 485 346 511 munera
376 470 518 522 largiti
549 475 647 508 sunt
676 467 994 515 liberalissime,
1029 474 1075 505 ut
1106 467 1210 505 satis
1232 466 1349 516 quod
1381 466 1581 504 homines
1603 466 1680 501 So-

60 544 228 584 cietatis
258 541 523 581 desiderium
554 546 744 587 teneret,
778 539 903 578 breui
923 538 1112 590 perspici
1142 544 1308 588 posset.
1352 538 1508 587 Neque
1541 537 1681 574 eccle-

59 615 216 654 siastici
238 614 318 653 viri
339 614 421 652 hac
441 613 482 651 in
505 625 552 650 re
573 612 805 650 inferiores
829 623 927 649 esse
950 610 1203 656 voluerunt3
1235 622 1333 647 nam
1355 612 1682 659 praeterquam-

59 686 173 739 quod
194 686 281 724 suis
302 686 484 736 quisque
508 685 663 735 opibus
697 696 777 721 nos
800 695 973 733 semper
1006 687 1104 720 sunt
1125 682 1366 732 prosec'iti,
1401 693 1498 719 cum
1530 685 1573 717 et
1602 679 1684 729 pri—

59 771 167 797 mam
190 758 237 795 P.
271 756 472 795 Rectoris
494 755 769 801 concionem,
804 759 848 792 et
878 754 919 792 in
950 754 1043 804 ipso
1076 753 1324 791 scholarum
1355 751 1566 803 principio
1591 763 1684 789 ora-

58 830 236 876 tionem,
272 841 360 866 non
395 827 496 866 alibi
531 839 659 877 quam
694 827 735 864 in
767 839 845 865 suo
877 825 1058 876 templo,
1090 824 1207 875 quod
1238 830 1306 863 est
1336 822 1684 862 munificentissi-

61 914 185 947 mum,
209 900 361 938 haberi
383 899 468 937 sint
488 897 618 949 passi,
643 897 792 947 quanti
826 902 1005 934 nostrae
1039 896 1266 947 religionis
1288 895 1449 934 faciant
1470 894 1683 938 instituta,

61 972 231 1012 omnino
268 971 559 1010 declararunt.
602 971 688 1007 Res
723 968 968 1007 domestica
1008 968 1281 1020 benignitate
1318 968 1477 1006 ciuium
1513 965 1686 1004 abunde

61 1055 228 1094 semper
255 1042 381 1080 nobis
404 1047 471 1080 est
501 1039 793 1092 suppeditata.
818 1040 961 1078 Domo
985 1040 1144 1078 utimur
1168 1038 1415 1085 commoda,
1439 1049 1551 1088 quae
1582 1037 1687 1075 licet

60 1114 112 1153 ad
131 1120 303 1165 tempus
329 1113 456 1151 nobis
479 1112 532 1151 sit
555 1112 713 1159 locata,
738 1117 885 1149 tamen
922 1124 1019 1149 cum
1042 1111 1083 1149 in
1115 1110 1259 1148 media
1291 1110 1472 1149 ciuitate
1504 1109 1586 1147 sita
1616 1109 1685 1155 sit,

60 1199 143 1225 non
172 1197 321 1236 parurn
357 1185 411 1223 ad
446 1189 659 1223 consueta
693 1181 872 1221 liberius
903 1182 1266 1233 frequentiusque
1304 1179 1448 1219 munia
1485 1178 1689 1217 obeunda

9 1291 10 1316 ᾖ
62 1256 277 1296 conducit.
303 1256 379 1293 Est
402 1260 549 1293 autem
572 1254 614 1293 in
636 1254 838 1305 proximo
863 1253 970 1291 situs
992 1252 1166 1303 quidam
1189 1252 1372 1303 amplus,
1397 1250 1688 1300 omnibusque

4 1325 11 1359 αἶ’
61 1340 233 1380 prorsus
256 1325 640 1365 commoditatibus
657 1324 899 1375 perfectus,
924 1336 1053 1374 quem
1074 1329 1117 1362 et
1140 1322 1174 1360 si
1192 1322 1333 1361 carius
1356 1320 1508 1360 obloci
1533 1333 1688 1371 oppor-

3 1444 6 1448 ,
62 1399 286 1438 tunitatem
304 1397 458 1436 redimi
474 1409 605 1449 posse
637 1397 813 1443 scimus,
847 1402 994 1434 tamen
1025 1395 1079 1433 ad
1108 1393 1328 1445 figendam
1350 1393 1501 1431 sedem
1528 1393 1687 1431 eximie

4 1451 11 1508 Α,
61 1474 280 1523 patentem
315 1470 457 1508 animo
494 1467 824 1515 destinauimus,
863 1480 913 1506 ac
952 1479 1040 1506 non
1075 1467 1211 1504 multo
1248 1470 1347 1517 post
1388 1464 1688 1514 consequendi

63 1554 179 1593 spem
201 1541 326 1580 nobis
348 1541 450 1579 facit
474 1541 656 1591 egregia
677 1539 964 1591 quorumdam
987 1538 1241 1576 liberalitas.
1266 1538 1492 1576 Hactenus
1514 1548 1625 1587 quae
1648 1537 1688 1574 in

63 1626 140 1652 nos
160 1625 183 1651 a
204 1613 383 1652 ciuitate
404 1613 476 1650 uel
498 1612 716 1651 collocata
737 1616 836 1649 sunt
858 1609 1089 1657 beneficia,
1127 1610 1199 1647 uel
1234 1609 1402 1660 gratiae
1424 1621 1476 1647 ac
1496 1609 1690 1646 beneuo-

68 1685 224 1724 lentiae
246 1685 370 1736 signa
389 1689 489 1722 sunt
511 1682 626 1722 data.
665 1683 792 1721 Nunc
823 1694 934 1732 quae
966 1682 1168 1720 Societas
1200 1681 1241 1719 in
1263 1682 1378 1719 illam
1409 1684 1559 1720 nostra
1590 1693 1690 1718 con-

64 1756 221 1803 tulerit,
243 1755 393 1807 paucis
411 1767 644 1806 exponam.

79 1838 152 1880 32.
210 1828 255 1865 In
279 1827 469 1878 collegio
493 1839 641 1865 sumus
663 1825 921 1873 duodecim,
946 1824 1204 1863 sacerdotes
1226 1824 1432 1874 quinque,
1466 1825 1563 1863 laici
1594 1825 1691 1862 reli-

64 1899 147 1950 qui.
172 1899 294 1936 Bona
317 1911 469 1936 omnes
492 1898 652 1936 utimur
675 1897 946 1944 valetudine,
972 1895 1106 1934 credo
1139 1895 1257 1946 quod
1281 1908 1434 1934 omnes
1454 1896 1473 1914 a
1493 1895 1547 1934 ad
1570 1908 1689 1934 suam

9 1962 13 1988 ³
66 1969 232 2008 laudem
255 1969 554 2021 spectantibus
578 1970 698 2007 Deus
720 1967 871 2007 videat
893 1980 992 2006 esse
1013 1972 1353 2019 peroccupatos.
1379 1966 1688 2014 Obedientiae,

11 2061 13 2072 ⁴
69 2041 288 2089 orationis,
312 2039 663 2080 mortificationis
695 2038 1017 2090 spiritualisque
1040 2037 1299 2077 incrementi
1330 2050 1434 2076 cura
1453 2051 1529 2089 par
1560 2043 1691 2089 atque

11 2131 13 2165 3
68 2112 338 2151 exercitatio.
364 2113 410 2150 Ρ.
443 2116 591 2150 rector
614 2109 859 2150 Santander
890 2122 1058 2148 summa
1080 2122 1176 2148 cum
1200 2108 1469 2148 audientium
1491 2109 1692 2159 frequen-

67 2183 124 2221 tia
143 2188 271 2234 atque
300 2183 507 2234 applausu
532 2181 836 2220 concionando
869 2181 964 2219 fere
996 2193 1148 2219 omnes
1180 2181 1307 2218 huius
1339 2178 1529 2219 ciuitatis
1558 2180 1692 2218 aedes

12 2256 14 2274 ²
70 2266 211 2293 sacras
233 2260 299 2293 est
321 2258 602 2305 peruagatus,
627 2253 784 2303 Neque
805 2252 934 2290 facile
958 2252 997 2290 ei
1018 2252 1114 2299 fuit,
1137 2256 1426 2303 posteaquam
1448 2252 1534 2290 huc
1555 2252 1690 2297 venit,

13 2306 15 2367 i
67 2325 119 2363 ab
139 2325 310 2364 assiduo
334 2325 404 2363 uel
427 2324 649 2375 tantisper
675 2324 695 2348 ἲ)
717 2324 868 2362 labore
904 2323 1067 2370 feriari,
1106 2323 1239 2373 varijs
1260 2323 1346 2361 huc
1372 2323 1474 2361 illuc
1510 2321 1688 2374 exigen-

68 2396 180 2435 tibus
202 2396 502 2436 concionibus.
527 2396 738 2435 Doctrina
758 2407 967 2446 perquam
991 2395 1128 2432 ubere
1153 2400 1285 2445 atque
1306 2394 1511 2432 feruente
1533 2394 1693 2432 multos

14 2509 15 2515 ¹
69 2468 121 2506 ad
159 2469 320 2507 Christi
362 2469 525 2507 cultum
566 2467 856 2506 vehementer
897 2466 1130 2505 excitauit.
1173 2466 1490 2505 Confitentium
1537 2478 1693 2516 magna

70 2539 179 2590 apud
206 2552 288 2578 nos
316 2539 477 2590 passim
510 2539 636 2590 copia
658 2543 742 2585 est,
764 2538 909 2576 futura
929 2537 1130 2575 nimirum
1153 2537 1291 2575 multo
1316 2538 1447 2575 etiam
1470 2536 1691 2588 grandior,

14 2597 17 2667 ’γ
69 2609 108 2648 ni
128 2611 274 2650 sacelli
295 2612 496 2662 angustia
515 2615 621 2649 vota
640 2610 827 2661 plurium
849 2608 1109 2647 retardaret.
1134 2608 1223 2647 Sed
1255 2615 1402 2647 tamen
1439 2621 1591 2647 eorum
1622 2608 1694 2659 qui

16 2681 17 2690 ¹
69 2681 121 2720 ad
142 2681 548 2721 communicandum
566 2682 804 2720 accessunt
822 2687 838 2705 0
860 2679 930 2718 die
948 2679 1260 2730 assumptionis
1290 2680 1572 2718 beatissimae
1602 2680 1693 2730 plu-

71 2764 138 2791 res
155 2758 327 2791 centum
344 2753 477 2792 fuisse
497 2752 805 2803 comperimus.
822 2752 867 2790 In
885 2751 1078 2790 uisendis
1091 2751 1286 2802 aegrotis
1304 2756 1435 2801 atque
1453 2750 1693 2789 animandis

70 2822 310 2874 migraturis
333 2837 356 2862 e
378 2824 483 2871 vita,
507 2823 764 2874 perassiduo
789 2824 942 2861 Patres
960 2823 1111 2860 labore
1134 2822 1388 2872 funguntur,
1414 2826 1459 2860 ut
1476 2826 1608 2860 nocte
1633 2821 1692 2859 in-

115 3034 136 3054 a
181 3035 315 3072 rebus.
369 3049 433 3073 -b
455 3036 672 3083 paulisper.
724 3042 788 3061 ..e
809 3039 1085 3071 accesserunt.
