1908 3446
279 229 350 266 372
760 230 977 267 LITTERAE
1005 230 1360 275 QUADRIMESTRES

287 341 324 378 3.
387 332 472 369 R.di
505 334 550 370 P.
574 333 713 370 nostri
744 345 852 371 nero
883 330 1062 381 singulis
1083 331 1290 382 profestis
1312 331 1481 379 diebus,
1514 337 1561 370 ut
1590 332 1753 370 habent
1775 346 1850 383 pro

234 487 390 524 magno
412 475 571 519 fructu3
596 474 748 513 diebus
767 480 911 512 autem
931 473 1157 512 dominicis
1181 478 1225 511 et
1246 473 1369 512 festis
1391 473 1504 524 apud
1526 480 1722 512 sanctum
1743 474 1850 512 Ger-

233 557 419 593 manum,
451 560 537 596 quo
561 547 682 584 multi
699 545 900 584 diuersae
924 545 1186 583 conditionis
1216 557 1268 583 ac
1295 545 1455 596 gradus
1477 546 1676 584 homines
1699 551 1742 583 et
1763 559 1850 584 mu-

232 617 362 655 lieres
393 618 631 664 confluunt,
665 617 930 664 scholastici,
964 621 1251 663 mercatores,
1276 624 1293 640 a
1324 621 1548 654 matronae
1570 619 1609 655 ei
1629 616 1648 643 b
1682 617 1850 656 nobiles

231 688 506 734 domicillae;
529 689 601 726 ubi
623 693 742 726 tanta
764 701 860 727 curn
882 688 1134 726 reuerentia
1165 692 1207 724 et
1238 687 1491 725 humilitatis
1522 687 1685 726 affectu
1707 701 1849 726 sacro-

230 767 381 798 sancta
402 759 690 798 confessionis
714 764 755 797 et
780 759 1095 798 communionis
1118 759 1324 797 recolant
1348 766 1365 784 c
1393 765 1679 804 sacramenta,
1704 765 1751 797 ut
1771 772 1850 798 nos

229 831 347 882 ipsos
368 843 542 881 quoque
565 844 643 869 suo
666 831 842 868 feruore
865 830 1055 868 afficiant
1087 834 1129 867 et
1161 835 1485 867 commoneant.
1507 831 1652 868 Habet
1683 837 1848 880 praete-

229 915 304 940 rea
325 903 373 940 R.
398 903 445 940 P.
470 903 521 940 D.
547 902 805 940 Paschasius
829 902 835 919 ¹
861 901 1033 939 statutis
1050 900 1305 951 quibusdam
1324 901 1595 951 temporibus
1618 905 1661 939 et
1682 902 1790 940 locis
1808 903 1848 940 in

229 973 357 1021 urbe,
399 973 440 1011 in
470 987 555 1024 quo
597 986 717 1011 suam
759 985 957 1023 operam,
1001 984 1112 1021 quae
1152 971 1340 1009 maxime
1376 971 1671 1019 desideratur,
1713 973 1849 1023 possit

230 1044 482 1095 impendere
503 1046 542 1083 et
564 1045 800 1091 collocare,
826 1042 1129 1082 confessiones
1152 1042 1370 1080 audiendo
1393 1047 1687 1081 matronarum
1711 1048 1754 1081 et
1774 1057 1848 1082 no-

227 1116 375 1154 bilium
398 1116 641 1162 mulierum,
666 1115 859 1153 infirmos
891 1114 1021 1152 etiam
1055 1119 1098 1151 et
1129 1113 1341 1162 custodijs
1364 1112 1572 1152 detentos
1593 1114 1754 1153 sanctis
1777 1127 1847 1153 ex·
1886 1094 1893 1495 j

1885 1606 1888 1627 l

1900 173 1904 195 l

234 415 370 450 more,
394 403 435 441 in
465 402 552 441 diui
575 405 761 443 Cosmae
783 403 946 454 templo
970 404 1125 440 multas
1147 402 1326 440 audiunt
1348 402 1665 449 confessiones,
1691 409 1735 440 et
1756 416 1851 442 cum
1896 373 1902 580 Ῑ

1896 585 1899 602 Ι

1894 729 1898 757 ι

227 1188 547 1225 hortationibus
579 1191 621 1225 et
654 1185 878 1237 obsequijs
909 1185 1197 1233 subleuando,
1223 1192 1492 1237 coeteraque
1521 1186 1847 1225 misericordiae

227 1271 278 1297 ac
299 1259 474 1309 pietatis
494 1258 536 1297 in
557 1257 781 1309 proximos
813 1258 957 1296 officia
978 1269 1061 1295 una
1092 1270 1188 1296 cum
1221 1258 1315 1307 alijs
1347 1257 1614 1296 exercendo.
1640 1259 1848 1297 Solebant
1904 1283 1908 1295 »

228 1330 358 1368 etiam
376 1331 424 1368 R.
445 1330 574 1367 Pater
592 1330 772 1367 Pontius
789 1328 801 1345 ‘²
825 1335 868 1366 et
886 1330 955 1367 Pr.
979 1328 1188 1367 Nicolaus
1205 1328 1233 1376 ³,
1253 1329 1344 1379 (qui
1360 1328 1497 1380 pridie
1519 1342 1543 1367 a
1560 1330 1607 1368 R.
1628 1330 1674 1366 P.
1700 1329 1750 1367 D.
1772 1330 1846 1367 Pa·
1904 1363 1908 1366 .

226 1401 397 1439 schasio
428 1399 470 1438 in
501 1400 750 1438 Aluerniam
773 1412 870 1438 cum
899 1399 1033 1437 fratre
1054 1404 1205 1438 nostro
1228 1400 1389 1438 Carolo
1413 1400 1596 1451 Sagerio
1620 1400 1846 1451 ablegatus
1903 1431 1908 1439 .

227 1473 310 1522 est)
337 1472 379 1509 in
408 1471 532 1522 pagis
554 1471 934 1509 circumstantibus
964 1471 1079 1508 haud
1110 1470 1202 1509 sine
1234 1483 1390 1522 magna
1420 1484 1522 1510 cnm
1553 1470 1845 1509 assistentium

224 1543 522 1581 satisfactione
547 1547 589 1579 et
611 1542 753 1579 fructu
776 1542 1042 1587 concionari3
1078 1543 1155 1580 sed
1175 1541 1517 1591 superueniente
1540 1541 1683 1581 edicto
1715 1541 1845 1593 regio

220 1613 484 1665 prohibente
505 1627 557 1652 ne
580 1613 679 1663 qais
704 1612 902 1663 amplias
924 1615 1084 1652 temere
1101 1615 1419 1663 praesumeret
1452 1613 1641 1653 uerbum
1672 1613 1758 1653 Dei
1777 1627 1845 1653 ex-

225 1690 386 1737 ponere
408 1699 461 1724 ac
482 1684 786 1734 interpretari
805 1684 899 1723 nisi
919 1685 1101 1724 obtenta
1124 1683 1358 1736 facalz‘az‘se
1391 1685 1446 1723 ab
1477 1684 1679 1736 episcopo
1711 1685 1844 1724 huius

225 1757 366 1805 urbis,
387 1756 575 1807 qnidam
597 1757 793 1795 Patriam
816 1759 1087 1796 nostrornm
1111 1770 1161 1796 ne
1184 1759 1349 1796 contra
1371 1755 1439 1796 ire
1461 1756 1480 1781 ‘¹
1516 1758 1586 1796 ael
1607 1756 1844 1808 negligere
1884 1775 1886 1779 ·

226 1828 493 1868 uiderentur
514 1831 787 1867 mandar‘nm
819 1828 960 1880 regis,
987 1842 1015 1866 a
1044 1827 1365 1868 commissario
1391 1827 1605 1881 praefati
1633 1827 1841 1878 episcopi,

224 1903 405 1941 doctore
440 1903 638 1951 quodam
668 1900 939 1952 parisiensi,
980 1903 1117 1940 talem
1154 1899 1465 1940 concionandi
1500 1902 1768 1951 potestatem
1806 1901 1843 1938 ei
1886 1893 1908 1947 μ’

223 1973 414 2012 liberam
436 1971 670 2012 licentiam
691 1973 832 2024 pet‘ijt,
857 1976 933 2012 sed
956 1973 1168 2026 frztstra‚·
1191 1986 1301 2012 nam
1325 1973 1364 2011 is
1392 1985 1567 2011 omnem
1583 1971 1843 2022 petitionem
1898 1990 1899 1995 =

223 2043 413 2094 respuit,
440 2044 661 2094 planeque
692 2045 911 2083 Patribus
956 2045 1129 2084 nostris
1178 2044 1485 2084 concionandi
1514 2043 1707 2094 copiam,
1738 2042 1843 2094 alijs
1895 2079 1898 2082 Α

222 2118 372 2155 tamen
387 2116 631 2166 permultis
661 2116 797 2155 libere
819 2130 1093 2164 concessam,
1119 2115 1382 2168 deneganit,
1414 2115 1597 2155 etiamsi
1626 2114 1781 2154 carati
1805 2115 1842 2153 et

220 2186 389 2238 vicarij
422 2189 686 2226 eorumdem
720 2188 928 2226 locorum
966 2201 1060 2227 una
1099 2201 1201 2227 cam
1232 2187 1541 2238 parochianis
1570 2187 1617 2225 id
1647 2186 1842 2226 maxime
1890 2213 1897 2224 .

222 2258 532 2298 desiderarent
563 2258 989 2310 efflagiiareniqne;
1023 2259 1174 2310 sicque
1205 2259 1390 2299 omnino
1423 2259 1478 2297 ab
1499 2271 1547 2298 eo
1577 2271 1761 2297 munere
1774 2257 1840 2310 fe-

223 2330 334 2369 riati
362 2331 512 2370 nostri
536 2332 637 2381 posi
667 2330 783 2369 illud
814 2333 985 2382 tempus
1015 2333 1216 2377 manent‚·
1248 2331 1327 2369 sed
1356 2343 1575 2380 nunquam
1596 2329 1755 2368 desunt
1774 2330 1842 2381 pia
1888 2343 1894 2363 τ·

220 2401 433 2453 quaedam
464 2402 676 2441 exercitia
695 2403 738 2440 in
759 2402 913 2453 quibus
937 2403 1099 2453 optime
1128 2403 1337 2441 collocari
1356 2402 1495 2453 possit
1518 2414 1669 2440 eorum
1693 2413 1837 2452 opera,
1887 2436 1890 2438 ,

221 2478 266 2511 et
285 2473 451 2511 fructus
482 2486 560 2512 suo
589 2479 789 2523 tempore
822 2474 1106 2512 suauissimus
1140 2473 1242 2512 inde
1265 2480 1282 2498 e
1304 2473 1519 2524 reportari
1543 2473 1568 2512 f.
1600 2472 1710 2510 Nam
1743 2485 1839 2511 con·

267 2635 286 2654 a
329 2639 382 2671 et.
435 2635 500 2659 —b
521 2645 568 2670 ac
587 2633 692 2669 inter
707 2646 775 2669 eas
794 2633 968 2680 aliquae.
1022 2639 1086 2658 —0
1105 2633 1317 2679 recipiunt.
1360 2633 1428 2658 —d
1449 2632 1634 2670 Emend.
1655 2642 1704 2669 ex
1722 2633 1836 2670 irent.

219 2701 284 2720 -θ
303 2694 396 2730 inde
415 2697 551 2740 supra
569 2703 678 2729 vers.
701 2692 854 2729 eadem
874 2704 1026 2730 mmm.
1066 2692 1123 2717 —f
1164 2691 1343 2729 Videtur
1359 2693 1484 2739 prius
1509 2693 1725 2737 scriptum
1751 2705 1838 2729 sua·
1883 2708 1887 2725 2

217 2753 401 2791 uissimos
419 2758 642 2799 reportare.

265 2910 275 2930 ²
327 2908 374 2945 P.
392 2906 634 2944 Paschasius
655 2905 790 2952 Broet,
811 2906 1084 2954 provincialis.

263 2969 277 2989 ²
326 2966 372 3004 P.
393 2966 560 3003 Pontius
580 2965 861 3013 Cogordanus.

262 3029 275 3048 ⁸
333 3026 508 3064 Videtur
526 3025 693 3062 indicari
711 3025 755 3062 P.
776 3025 969 3064 Nicolaus
987 3026 1205 3064 Bellefille.
