1908 3446
265 253 334 292 318
727 259 944 296 LITTERAE
975 258 1327 304 QUADRIMESTRES

298 359 647 411 Inscriptiojhs.
674 361 1028 410 Quadrimestres
1052 361 1225 411 collegii
1247 360 1625 412 ingolstadiensis,

300 431 491 470 Polanci
521 445 676 471 mann.
701 434 988 472 Emendatae.

297 501 402 540 Alia
436 516 588 541 manu.
617 504 740 542 Fatta
761 517 838 555 per
856 510 987 543 tutto.

977 735 1088 786 295

614 869 1079 916 AEGIDIUS
1136 870 1445 916 FABER

687 1005 876 1031 MESSANA
906 996 919 1031 1
948 1006 1199 1032 SEPTEMssms
1228 995 1317 1032 1559
1344 997 1367 1032 ⁴.

215 1110 249 1146 l.
277 1108 535 1147 Concursus
563 1110 622 1146 ad
647 1112 939 1148 sacramenta
969 1109 1270 1160 suscipienda.
1306 1109 1544 1149 Contiones
1574 1109 1621 1148 in
1652 1109 1842 1150 diversis

294 1174 419 1212 locis.
454 1173 704 1213 Doctrinae
739 1175 1021 1214 christianae
1056 1175 1316 1226 explicatio.
1350 1174 1573 1214 Moniales
1603 1176 1841 1227 cujusdam

294 1239 496 1278 coenobii
514 1241 572 1278 (td
589 1252 868 1279 commmzem
884 1241 1027 1280 vitam
1045 1243 1275 1293 agendam
1294 1240 1615 1280 inductae—2.
1636 1241 1778 1280 Labor
1794 1241 1841 1280 in

294 1304 426 1343 libris
460 1305 707 1355 prohibitis
728 1305 1020 1358 corrigendis
1043 1306 1381 1357 impensus-3.
1408 1306 1694 1358 Proreginae
1723 1307 1840 1346 bene-

292 1367 504 1407 volentia.
528 1367 768 1407 Auxilium
806 1368 1026 1408 militibus
1049 1369 1094 1407 in
1125 1369 1345 1420 Tripolim
1380 1368 1587 1408 eszibus
1604 1372 1840 1420 praestan-

293 1435 413 1473 dum.
457 1433 696 1473 Societatis
735 1434 1101 1473 candidata-4.
1143 1434 1399 1487 Collegimn
1438 1435 1486 1473 in
1527 1435 1635 1474 urbe
1671 1435 1838 1474 Politia

293 1499 549 1550 expeiitum.

271 1629 303 1656 1.
364 1621 391 1669 †
416 1619 506 1669 Jhs.
531 1620 677 1658 Maria.
703 1619 763 1657 La
784 1619 923 1670 gratia
940 1631 964 1657 e
984 1631 1094 1670 pace
1116 1618 1159 1657 di
1178 1619 1328 1658 GESV
1347 1619 1490 1659 Cristo
1513 1632 1554 1658 n.
1578 1619 1622 1658 S.
1648 1620 1710 1658 sia
1731 1632 1839 1659 sem·
1902 1643 1903 1675 3

212 1701 289 1740 pre
331 1701 413 1728 con
449 1703 547 1728 esso
584 1692 671 1729 noi.
709 1692 864 1729 Amen.
903 1690 1105 1730 volendo
1147 1703 1268 1729 esser
1308 1690 1444 1729 breue
1485 1691 1526 1729 in
1566 1693 1839 1743 ragguagliar

211 1773 235 1798 a
256 1762 307 1800 V.
334 1763 381 1800 R.
407 1761 492 1800 Ρ.ῒὲ
513 1763 659 1813 quello
682 1763 780 1801 ch’e
804 1776 989 1802 occorso
1012 1765 1054 1802 in
1077 1762 1220 1814 questi
1235 1767 1409 1814 quattro
1433 1764 1556 1813 mesi,
1575 1769 1731 1815 questa
1752 1765 1839 1803 uol-

212 1838 255 1871 ta
277 1832 392 1871 delle
415 1833 682 1872 confessioni
705 1847 727 1871 e
752 1836 1002 1873 comonioni
1030 1848 1116 1873 non
1139 1834 1231 1873 diro
1255 1835 1382 1882 altro,
1408 1847 1430 1872 e
1454 1837 1544 1873 cosi
1567 1835 1637 1873 del
1660 1848 1838 1874 concor-

211 1915 259 1941 so
283 1904 364 1942 che
386 1916 463 1955 per
485 1904 659 1943 diuerse
683 1906 855 1956 cagioni
877 1906 1064 1945 hauemo
1087 1907 1129 1944 in
1150 1912 1309 1956 questo
1332 1905 1540 1957 collegio3
1563 1919 1610 1944 se
1640 1919 1727 1945 non
1758 1907 1838 1945 che

211 1975 333 2025 quasi
354 1988 431 2025 per
454 1975 671 2014 ordinario
704 1977 743 2014 16
778 1977 891 2015 feste
929 1978 964 2015 si
998 1977 1192 2015 ministra
1226 1977 1253 2015 il
1289 1976 1533 2015 santissimo
1565 1983 1837 2017 sacramento

212 2046 451 2085 dell’altare
473 2060 497 2085 a
517 2057 595 2094 300
617 2060 640 2085 6
661 2058 739 2096 400
759 2060 949 2099 persone
970 2055 1037 2086 tra
1058 2048 1252 2087 huomini
1270 2061 1293 2086 e
1312 2048 1456 2087 donne
1479 2049 1521 2087 di
1543 2048 1703 2087 diuersi
1739 2049 1838 2087 stati

213 2130 235 2155 e
258 2118 513 2165 conditioni,
538 2124 605 2156 tra
624 2119 652 2156 li
673 2119 787 2169 quali
807 2132 894 2157 non
915 2120 1045 2170 pochi
1067 2132 1176 2158 sono
1200 2119 1302 2157 delli
1322 2119 1561 2170 principali.
1601 2121 1659 2158 Le
1699 2118 1836 2171 predi-

211 2190 367 2229 cationi
403 2190 664 2228 similmente
695 2202 771 2240 per
806 2191 946 2241 gratia
976 2190 1046 2229 del
1082 2191 1269 2242 Signore
1305 2191 1339 2229 si
1373 2191 1503 2230 fanno
1536 2192 1722 2230 tuttauia
1756 2204 1836 2230 con

210 2260 408 2311 maggior
430 2260 580 2308 frutto‚
604 2262 767 2311 perche
791 2261 903 2299 oltra
924 2261 963 2300 16
987 2261 1204 2300 ordinarie
1226 2262 1340 2300 nella
1360 2268 1509 2300 nostra
1544 2262 1691 2300 chiesa
1724 2267 1836 2299 tutte

210 2332 250 2369 16
272 2331 402 2379 feste,
428 2344 451 2369 e
473 2332 512 2370 16
534 2332 705 2370 lettioni
729 2332 844 2371 delle
865 2333 1024 2383 pistole
1046 2331 1089 2370 di
1110 2333 1154 2371 S.
1180 2333 1315 2371 Paolo
1337 2333 1407 2370 alli
1431 2333 1598 2372 Corinti
1619 2333 1732 2371 nella
1753 2343 1836 2370 ma-

210 2401 287 2440 dre
310 2402 471 2449 chiesa,
491 2407 534 2440 et
556 2415 665 2441 anco
687 2403 801 2442 nella
817 2408 967 2442 nostra
987 2403 1089 2441 tutti
1109 2403 1138 2441 li
1155 2403 1354 2451 venerdi3
1373 2404 1441 2442 c'e
1463 2403 1503 2442 la
1524 2404 1707 2442 lettione
1724 2403 1837 2442 della

208 2587 250 2624 lii
270 2586 360 2624 1559
378 2586 472 2624 data
490 2586 547 2630 (in
565 2587 650 2624 cod.
670 2587 809 2626 Germ.
832 2587 920 2633 131,
942 2587 966 2624 f.
991 2587 1072 2632 132)
1091 2588 1192 2625 haec
1207 2588 1313 2624 inter
1331 2587 1412 2624 alia
1430 2587 1583 2624 scribit:
1606 2587 1735 2634 «Mgr.
1755 2587 1834 2625 Do-

210 2647 378 2684 minicus
397 2646 561 2693 Mengis
581 2649 679 2692 (sic)
698 2660 823 2685 annos
840 2647 887 2685 29
905 2652 1023 2685 natus
1041 2648 1081 2683 in
1101 2646 1306 2684 Societate
1326 2647 1426 2683 vixit
1444 2646 1479 2684 9.
1500 2646 1663 2685 Studuit
1682 2647 1768 2695 ipse
1794 2647 1833 2684 in

207 2707 372 2743 saeculo
397 2707 704 2752 grammaticae.
733 2707 777 2744 In
804 2707 1010 2745 societate
1038 2708 1077 2744 in
1106 2720 1152 2744 eo
1179 2707 1310 2744 studio
1329 2706 1521 2744 Viennae
1550 2708 1740 2753 perrexit,
1769 2707 1832 2744 ubi

206 2772 247 2803 et
276 2765 431 2802 audiuit
461 2766 662 2803 rhetorica
693 2772 733 2804 et
764 2768 1043 2814 compendium
1071 2766 1229 2813 logicae
1260 2772 1299 2803 et
1325 2767 1530 2814 physicae,
1560 2772 1600 2804 et
1625 2766 1776 2815 aliquid
1795 2767 1832 2803 in

207 2825 424 2872 theologia.
446 2824 595 2862 Docuit
614 2825 667 2862 ibi
686 2838 832 2873 pueros
850 2827 1160 2873 grammaticam
1181 2831 1220 2863 et
1248 2826 1407 2863 litteras
1434 2826 1693 2863 humaniores
1723 2826 1833 2864 circi-

207 2891 269 2921 ter
286 2885 309 2920 5
327 2896 520 2921 annos...»
543 2883 606 2922 Cf.
627 2885 680 2921 sis
710 2885 1068 2929 BRAUNSBERGER,
1089 2886 1114 2922 l.
1136 2899 1184 2930 c.,
1204 2885 1288 2922 830.

256 2946 263 2964 ¹
318 2943 380 2981 Ex
399 2943 587 2990 originali
606 2945 646 2981 in
665 2940 751 2987 cod,
773 2945 843 2982 Sic
861 2945 949 2990 18],
971 2945 1013 2991 ff,
1038 2945 1114 2991 129,
1139 2945 1217 2991 130;
1239 2945 1347 2992 prius
1365 2944 1449 2990 523,
1468 2945 1550 2983 524.
1578 2945 1830 2982 Praecedunt
1858 2956 1862 2960 ’

207 3005 283 3042 tria
311 3004 495 3051 exempla
522 3004 661 3049 latina,
690 3004 732 3042 ff.
762 3004 937 3050 124-128,
967 3005 1139 3052 primum
1168 3006 1326 3041 Romae
1354 3005 1627 3047 emendatum,
1656 3005 1733 3050 duo
1752 3005 1830 3042 alia

207 3064 427 3102 secundum
446 3064 718 3101 correctiones
737 3064 953 3112 exscripta.
