1908 3446
0 1305 7 1360 τ-ι-.

381 174 580 212 310.—Ex
605 173 721 211 Fouo
750 173 859 211 Livn
885 172 930 209 20
953 171 1200 210 NovssMssms
1236 172 1325 208 1559
1557 171 1625 208 383

50 282 185 332 ipsum
208 278 456 329 collegium,
477 290 501 315 a
522 276 743 326 discipulis
764 274 990 321 adeantur,
1017 280 1060 312 et
1081 274 1207 312 nobis
1228 274 1281 312 ad
1305 286 1379 312 eas
1400 286 1477 324 per
1496 273 1669 312 domum

52 349 426 390 commodissimus
447 353 597 398 pateat
617 348 838 385 transitus.

101 434 139 471 4.
198 421 519 471 Discipulorum
540 431 745 456 numerus
767 423 953 468 augetur
984 417 1024 455 in
1053 416 1162 463 dies,
1187 421 1319 467 atque
1348 416 1671 467 prouectiores,

51 506 173 544 quam
196 497 339 539 antea,
364 504 388 529 a
408 491 556 542 paucis
578 490 733 528 diebus
756 490 928 528 scholas
950 493 1249 535 accesserunt,
1269 500 1453 538 quorum
1475 488 1516 525 in
1539 488 1675 526 literis

49 576 306 616 progressus
323 575 410 601 non
429 562 613 613 exiguus
636 567 718 599 est.
738 561 841 598 Eius
864 564 984 598 certe
1006 560 1087 610 ipsi
1108 559 1272 608 conscij
1296 558 1391 605 sibi,
1411 572 1499 597 non
1521 571 1675 597 ueren-

49 642 115 674 tur
149 635 315 673 alienos
351 633 639 672 scholasticos
675 632 728 670 ad
764 631 977 670 literarias
1013 631 1371 670 concertationes
1410 643 1672 681 prouocare.

49 707 169 744 Haec
190 717 296 743 uero
320 705 520 743 alacritas
538 710 582 742 et
604 703 732 741 ardor
754 703 884 741 animi
902 715 997 741 eam
1015 703 1186 753 peperit
1207 702 1249 740 in
1272 715 1424 740 eorum
1446 703 1598 740 animis
1620 702 1675 739 de

49 777 205 816 nostris
237 777 502 827 opinionem,
538 782 584 813 ut
614 775 731 814 nullo
762 779 891 825 pacto
923 775 1141 812 sustinere
1172 773 1356 824 possint,
1395 780 1440 812 ut
1476 773 1676 812 cumillis

49 848 399 900 congrediantur.
434 848 666 898 Dialogum
698 846 873 897 quidem
911 846 965 884 de
996 845 1158 897 Spiritu
1179 846 1342 884 Sancto
1373 846 1614 884 recitarunt
1635 845 1676 883 in

49 933 203 972 magno
234 919 443 958 nobilium
481 924 523 957 et
555 918 785 957 doctorum
818 922 1055 965 conuentu,
1085 923 1206 956 tanta
1237 931 1334 956 cum
1366 922 1600 955 uenustate
1633 923 1676 955 et

49 992 279 1043 dignitate,
324 996 368 1029 ut
408 991 598 1029 omnium
638 988 680 1027 in
726 1002 773 1027 se
814 989 1147 1027 admirationem
1189 989 1469 1028 concitarint.
1514 990 1677 1027 Habuit

48 1075 219 1114 quoque
252 1076 305 1101 ex
337 1062 494 1111 ijsdem
530 1074 640 1099 unus
671 1061 713 1098 in
746 1061 879 1108 curia,
903 1073 989 1111 quo
1021 1060 1114 1098 fere
1146 1060 1353 1099 uniuersa
1381 1060 1550 1108 ciuitas,
1575 1060 1675 1098 dum

49 1139 247 1173 creantur
268 1133 563 1185 magistratus,
589 1132 828 1171 conuenire
852 1131 981 1179 solet,
1008 1132 1269 1179 orationem,
1293 1144 1378 1181 qua
1403 1137 1567 1170 tantam
1589 1133 1676 1169 lau-

49 1205 145 1244 dem
165 1205 419 1255 promeruit,
444 1209 649 1254 quantam
671 1208 802 1241 antea
822 1203 965 1240 nullus
989 1201 1149 1240 eodem
1179 1203 1279 1241 loco
1301 1203 1490 1241 fortasse
1512 1202 1675 1252 (altero

4 1289 7 1302 ·
49 1279 194 1316 autem
216 1289 388 1327 quoque
410 1288 556 1315 mense
578 1274 742 1314 ibidem
765 1274 998 1313 orationes
1020 1274 1182 1313 haberi
1200 1275 1362 1324 solent)
1381 1280 1448 1312 est
1466 1286 1677 1312 consecu-

49 1354 129 1387 tus.
155 1348 341 1386 Habitae
372 1352 471 1385 sunt
501 1359 526 1384 a
554 1347 715 1384 nostris
736 1346 942 1384 fratribus
963 1351 1198 1396 praeterea
1222 1346 1446 1384 orationes
1468 1345 1595 1393 duae,
1621 1347 1678 1383 al*

48 1425 141 1458 tera
162 1418 429 1458 solemnibus
451 1418 636 1469 Spiritus
658 1417 808 1456 Sancti
829 1416 999 1463 diebus,
1024 1418 1163 1455 altera
1184 1418 1226 1455 in
1250 1417 1494 1456 studiorum
1516 1418 1677 1456 instau-

47 1492 229 1538 ratione,
252 1491 408 1541 quibus
438 1503 526 1528 non
548 1490 761 1527 minorem
785 1488 1216 1527 commendationem
1239 1494 1338 1527 sunt
1360 1489 1523 1539 adepti.
1549 1489 1678 1540 Spiri-

48 1564 141 1602 talis
160 1576 290 1614 porro
316 1576 467 1601 eorum
495 1562 663 1600 fructus
696 1574 750 1599 ex
783 1562 1039 1612 compositis
1070 1561 1280 1608 moribus,
1305 1560 1482 1611 pietatis
1505 1560 1675 1610 studijs,

49 1640 91 1673 et
110 1634 328 1685 frequenti
350 1640 725 1672 sacramentorum
748 1647 828 1670 usu
845 1633 1035 1684 perspici
1056 1638 1221 1683 potest.
1247 1632 1356 1670 Sunt
1380 1633 1493 1670 enim
1516 1633 1558 1670 in
1579 1633 1675 1679 illis,

48 1705 117 1757 qui
139 1706 268 1744 etiarn
289 1706 349 1744 8.0
371 1718 546 1756 quoque
565 1705 636 1743 die
655 1705 929 1743 sanctissimo
955 1704 1115 1743 Christi
1138 1703 1312 1755 corpori
1335 1704 1676 1743 communicent.

51 1777 171 1827 Quae
203 1777 360 1824 omnia,
395 1789 492 1814 cum
525 1776 679 1814 uident
712 1788 862 1814 eorum
892 1780 1054 1825 patres,
1089 1775 1242 1813 mirum
1279 1788 1407 1826 quam
1439 1775 1678 1813 efferantur

47 1847 224 1895 laetitia,
248 1861 354 1898 quas
386 1849 480 1886 Deo
513 1854 557 1885 et
587 1848 714 1886 nobis
736 1847 898 1898 gratias
930 1852 1076 1897 agant,
1101 1859 1229 1897 quarn
1251 1847 1422 1897 prolixa
1452 1847 1678 1885 uoluntate

50 1932 95 1957 se
119 1924 253 1967 totos,
279 1919 484 1966 studium,
510 1932 705 1969 operam,
730 1918 963 1956 facultates
995 1930 1094 1955 suas
1125 1916 1179 1955 ad
1208 1931 1289 1956 nos
1321 1916 1537 1956 deferant.
1563 1919 1616 1955 Et
1638 1919 1679 1956 in

48 2002 223 2039 summa,
248 1997 455 2042 quantum
478 1996 600 2029 certe
623 1991 876 2041 perspicere
900 1988 1018 2036 licet,
1044 1989 1160 2027 bona
1189 1989 1242 2027 de
1266 1989 1427 2027 nostris
1449 1989 1611 2027 scholis
1635 1995 1680 2027 et

47 2063 348 2113 magistrorum
371 2062 619 2100 eruditione
641 2062 828 2099 habetur
847 2060 1008 2111 opinio.
1038 2060 1308 2111 Argumento
1332 2060 1376 2098 id
1399 2061 1468 2107 sit,
1494 2058 1610 2110 quod
1634 2066 1676 2098 et

6 2157 9 2175 l
48 2134 88 2172 in
102 2134 254 2172 funere
271 2134 495 2181 nobilium,
515 2139 561 2171 ut
577 2134 787 2172 funebres
806 2134 1030 2172 orationes
1048 2133 1288 2171 habeamus
1306 2132 1359 2171 ad
1376 2147 1458 2172 nos
1477 2133 1675 2181 ueniunt,

50 2210 91 2243 et
111 2218 197 2244 non
226 2205 418 2256 uulgaris
447 2209 579 2243 notae
610 2205 714 2243 iuris
746 2205 948 2251 consulti,
973 2218 1085 2255 quae
1121 2205 1162 2243 in
1193 2205 1368 2255 pubhco
1394 2205 1553 2244 ciuium
1577 2218 1679 2243 con-

50 2280 179 2315 uentu
201 2277 285 2315 sint
305 2276 545 2320 recitaturi,
570 2276 624 2314 ad
652 2288 733 2314 nos
755 2276 889 2314 latine
912 2276 1143 2314 scribenda
1165 2276 1384 2314 deferunt.
1411 2276 1499 2314 Sed
1521 2277 1604 2314 iam
1625 2275 1679 2313 ad

51 2359 144 2386 eum
180 2348 369 2386 fructum
408 2346 480 2398 qui
521 2359 574 2385 ex
612 2353 986 2385 sacramentorum
1022 2347 1401 2386 administratione
1441 2347 1680 2398 percipitur

49 2419 367 2468 transeamu[s].

102 2494 137 2534 5.
195 2485 356 2523 Eorum
388 2484 460 2534 qui
490 2484 603 2534 apud
633 2497 713 2523 nos
743 2484 1024 2536 frequentant
1047 2489 1335 2532 sacramenta,
1360 2489 1408 2522 ut
1435 2497 1523 2522 non
1545 2484 1660 2522 maxi

51 2567 141 2593 mus
163 2562 229 2594 est
249 2568 470 2603 numerus,
491 2560 613 2593 certe
640 2568 727 2594 non
750 2556 953 2607 exiguus,
978 2556 1013 2594 si
1033 2556 1230 2606 paucitas
1253 2555 1534 2594 sacerdotum
1557 2569 1680 2607 spec·

50 2628 179 2673 tetur;
202 2627 273 2678 qui
297 2639 394 2664 curn
416 2626 502 2664 duo
526 2630 693 2665 tantum
722 2627 823 2674 sint,
846 2626 919 2664 uix
950 2626 1016 2664 his
1049 2627 1179 2665 etiam
1213 2627 1316 2665 satis
1349 2639 1447 2665 esse
1478 2633 1679 2677 possunt3

53 2701 94 2734 et
122 2704 267 2737 tamen
297 2698 340 2736 in
376 2697 470 2736 dies
500 2703 680 2749 apparet
713 2711 865 2737 eorum
896 2711 1125 2737 numerum
1156 2699 1324 2750 augeri.
1361 2697 1493 2748 Quod
1524 2699 1557 2736 si
1588 2704 1680 2736 tres

53 2775 211 2817 essent,
234 2782 321 2808 non
342 2768 519 2807 dubium
537 2771 638 2820 quin
658 2771 770 2808 haec
792 2775 886 2808 tota
906 2771 1017 2809 ratio
1035 2770 1366 2809 administrandi
1388 2775 1677 2817 sacramenta,

51 2843 93 2878 et
126 2840 398 2879 commodius
437 2846 482 2879 et
516 2841 668 2879 maiori
709 2854 806 2880 cum
846 2842 1120 2880 incremento
1161 2846 1447 2880 tractaretur.
1497 2840 1680 2889 [Mulier

51 2912 268 2960 quaedam
299 2910 346 2949 in
382 2911 742 2961 desperationem
764 2912 869 2963 fere
899 2914 1018 2960 acta,
1050 2911 1441 2963 tranquillitatem
1473 2911 1675 2961 invenit]

11 3029 14 3039 ,
51 2981 181 3033 Virgo
222 2982 435 3032 quaedam
476 2985 598 3021 cuius
633 2984 824 3021 castitati
858 2983 1100 3034 periculum
1136 2984 1370 3022 maximum
1405 2983 1675 3030 imminebat,
