1908 3446
152 200 221 238 638
617 201 836 239 LITTERAE
863 203 1220 248 QUADmMESTRES

106 304 346 343 Eiusmodi
365 305 483 344 enim
505 308 543 344 et
566 305 812 357 dignitatis
832 308 871 345 et
894 305 1188 344 auctoritatis
1216 308 1322 345 sunt
1356 306 1402 345 in
1423 307 1510 346 hac
1534 307 1654 354 urbe,
1680 310 1726 345 ut

105 389 231 414 nemo
255 389 358 423 non,
397 376 694 426 qncmfzmmis
714 377 852 416 etiam
873 377 1060 428 egregie
1073 377 1239 427 foelix,
1262 391 1466 417 summae
1493 378 1725 430 foelicita-

105 447 161 485 tis
182 449 279 486 loco
302 450 438 487 ducat
462 448 555 486 illis
577 461 754 498 quoquo
779 450 909 488 modo
933 449 1223 489 innotescere.

157 531 194 567 3.
256 520 408 558 Mulier
430 532 557 569 quam
580 521 792 571 malignus
814 521 989 570 spiritus
1010 533 1087 570 per
1109 521 1358 571 quindecim
1384 533 1520 559 annos
1543 521 1725 560 crudeli-

101 595 168 627 ter
191 590 493 637 diuexttuerat,
519 590 573 629 ad
594 604 674 629 nos
697 590 902 637 deducta,
936 591 1054 629 facto
1086 591 1350 637 exorcismo,
1384 605 1471 630 non
1492 593 1551 630 ita
1581 593 1724 630 statim

101 661 284 699 liberata
307 668 388 707 est,
414 668 460 699 ut
480 662 617 712 prima
646 663 934 713 impressione
958 661 1146 700 daemon
1177 662 1278 700 inde
1309 663 1619 713 protelaretur,
1653 664 1725 701 ubi

102 738 222 771 tanto
246 739 445 783 tempore
469 733 620 771 sedem
651 734 822 774 fixerat:
850 746 998 771 verum
1028 733 1233 771 adhibitis
1265 733 1465 772 omnibus
1496 734 1721 781 machinis,

99 804 275 842 tandem
297 804 458 842 inuitus
482 805 631 851 cessit3
654 810 783 855 atque
806 805 878 842 illa
899 805 959 842 ita
980 804 1063 842 iam
1081 805 1216 851 ualet,
1240 810 1286 841 ut
1309 817 1527 856 nunquam
1548 804 1724 843 inomni

100 882 304 913 anteacta
326 877 416 913 uita
432 875 601 914 melius.

152 960 189 996 4.
252 948 353 985 Erat
375 947 498 985 miles
520 948 764 998 gregarius,
788 947 966 984 natione
1001 958 1251 997 germanus,
1285 945 1356 996 qui
1378 947 1581 989 undecim
1602 947 1724 985 annis

100 1020 312 1069 uirginem
335 1031 359 1056 a
377 1031 423 1056 se
441 1019 636 1056 uitiatam
668 1030 817 1056 secum
840 1030 917 1067 per
941 1017 1085 1055 omnia
1106 1017 1306 1064 duxerat,
1328 1030 1425 1055 cum
1447 1024 1593 1057 tamen
1615 1030 1724 1056 sem-

98 1104 174 1140 per
196 1091 375 1128 incertis
406 1090 583 1128 sedibus
616 1095 732 1128 esset
756 1095 957 1140 uagatusg
983 1102 1035 1126 ex
1059 1102 1143 1139 qua
1165 1102 1261 1127 cum
1283 1089 1429 1140 plures
1451 1089 1612 1131 liberos
1634 1103 1724 1128 sus-

98 1162 302 1212 cepisset,
326 1166 416 1199 tres
440 1162 614 1200 omnino
646 1162 837 1199 habebat
869 1161 1146 1211 superstites;
1179 1173 1365 1211 cumque
1396 1160 1449 1198 ad
1481 1160 1723 1211 expeditio-

96 1247 195 1271 nem
216 1234 510 1284 tripolitanam
528 1246 575 1271 se
595 1234 865 1284 accingeret,
887 1233 1073 1271 edoctus
1095 1245 1118 1270 a
1140 1231 1330 1283 quodam
1348 1245 1401 1270 ex
1419 1233 1579 1271 nostris
1596 1245 1720 1284 quarn

95 1311 460 1355 praesentaneum
482 1305 542 1343 illi
563 1306 714 1343 mortis
735 1304 916 1342 instaret
939 1304 1193 1354 periculum,
1212 1304 1413 1354 illiusque
1431 1303 1607 1342 monitis
1628 1316 1722 1356 per-

96 1382 255 1422 motus,
288 1377 401 1414 illam
438 1389 621 1414 uxorem
653 1376 792 1423 duxit3
823 1381 953 1426 atque
976 1376 1010 1413 is
1031 1375 1140 1426 ipse,
1164 1375 1236 1425 qui
1256 1375 1343 1413 hoc
1362 1375 1486 1413 militi
1506 1375 1721 1425 persuasit

95 1448 211 1496 (cum
232 1452 407 1498 praeter
429 1448 546 1485 illum
563 1460 692 1485 nemo
718 1452 836 1485 esset
860 1448 1103 1489 Messanae.
1128 1446 1198 1499 qui
1217 1446 1468 1497 germanice
1490 1446 1608 1496 loqui
1625 1459 1721 1496 pos-

96 1521 196 1568 set),
219 1520 473 1570 sponsalitia
495 1519 724 1569 stipulatus
748 1524 829 1556 est.

150 1602 185 1639 5.
246 1591 471 1641 Exceptae
494 1597 593 1628 sunt
616 1591 746 1628 etiam
775 1591 1005 1641 gallorum,
1038 1589 1304 1627 flandrorum
1338 1591 1379 1627 et
1408 1601 1717 1640 germanorum

96 1662 416 1709 confessiones,
440 1662 611 1700 illorum
633 1662 869 1712 praecipue
892 1661 964 1711 qui
994 1662 1036 1698 in
1066 1661 1326 1699 nosocomio
1346 1660 1462 1699 lecto
1485 1660 1721 1698 decumbe-

93 1734 211 1771 bant.
239 1733 354 1783 Quid
376 1739 520 1771 autem
544 1733 732 1771 referam
754 1745 982 1770 numerum
1015 1732 1332 1779 confitentium,
1364 1732 1435 1782 qui
1464 1732 1676 1780 jubileum
1697 1745 1721 1769 a

93 1817 203 1854 papa
223 1804 265 1842 in
285 1804 484 1843 fauorem
508 1803 801 1855 expeditionis
822 1803 1101 1854 tripolitanae
1124 1815 1383 1841 concessum
1414 1803 1720 1854 promeruere?

94 1877 227 1914 Certe
248 1880 394 1914 tantus
415 1876 509 1922 fuit,
535 1882 582 1913 ut
603 1876 676 1914 uix
699 1876 843 1913 multis
861 1875 1016 1913 diebus
1038 1875 1196 1913 decem
1215 1875 1496 1913 confessores
1521 1875 1720 1913 omnibus

93 1947 319 1986 audiendis
341 1948 610 1993 sufficerent,
635 1947 834 1998 quamuis
855 1947 1111 1998 frequenter
1141 1947 1183 1984 in
1213 1946 1308 1997 ipso
1340 1946 1428 1985 diei
1459 1947 1718 1996 crepusculo

93 2020 352 2070 incipientes
373 2032 461 2057 nox
485 2019 768 2070 oppresserit.
794 2019 970 2057 Plurimi
1002 2022 1149 2056 autem
1179 2018 1316 2056 totius
1347 2024 1580 2056 anteactae
1603 2018 1719 2055 uitae

92 2096 274 2140 peccata
292 2091 485 2129 confessi
506 2097 620 2128 sunt.

146 2163 184 2200 6.
245 2162 452 2213 Discipuli
475 2162 539 2211 (ut
562 2162 615 2201 de
640 2163 801 2200 scholis
825 2161 955 2200 etiam
978 2162 1139 2212 aliquid
1162 2162 1525 2210 commemorem)
1550 2166 1593 2199 et
1615 2162 1718 2199 mul-

93 2234 125 2271 ti
147 2238 260 2281 sunt,
296 2240 338 2271 et
368 2234 738 2272 nobilissimorum
769 2247 1043 2284 quorumque
1075 2233 1165 2280 filii,
1196 2231 1309 2271 adeo
1342 2237 1388 2270 ut
1419 2232 1489 2271 uel
1511 2233 1585 2280 illi,
1609 2245 1718 2282 quos

93 2305 304 2343 habemus
339 2306 464 2343 nobis
495 2305 802 2343 infestissimos
836 2305 1053 2355 pueritiae
1086 2304 1366 2351 formatores,
1406 2304 1617 2354 conqueri
1653 2316 1719 2341 so-

92 2378 210 2414 leant
233 2389 405 2414 omnem
437 2377 517 2415 sibi
538 2378 685 2415 bolum
709 2390 731 2415 e
754 2376 952 2414 faucibus
975 2376 1096 2426 eripi,
1122 2375 1223 2413 dum
1257 2381 1507 2426 magnatum
1529 2375 1603 2413 filii
1624 2375 1718 2413 fere

94 2460 262 2495 omnem,
287 2461 470 2498 quorum
500 2461 633 2499 opera
662 2448 1034 2493 sustentabantur,
1068 2447 1121 2484 ad
1157 2460 1237 2485 nos
1270 2447 1508 2485 confluunt.
1542 2446 1718 2493 [Preces

88 2520 326 2570 postulat.]
353 2521 579 2558 Messanae
610 2520 736 2557 nonis
768 2520 867 2557 Maii
893 2520 1005 2568 1560.
1031 2520 1079 2557 R.
1105 2520 1151 2557 Ρ.
1177 2519 1226 2557 T.
1252 2518 1456 2569 indignus
1477 2518 1520 2556 in
1541 2517 1716 2556 Christo

92 2590 219 2629 filius.

918 2644 1125 2681 AEGIDms
1147 2644 1287 2681 FABER
1318 2643 1510 2681 BRUGEN.
1548 2646 1553 2664 ¹

1512 2713 1517 2739 ι

171 2770 279 2808 Alia
299 2783 454 2809 manu.
480 2768 735 2807 Emendata.
763 2767 977 2806 Mandata:
1003 2769 1192 2807 Genoua
1214 2773 1318 2814 etc.;
1341 2767 1599 2817 Alemagna3
1631 2767 1715 2804 alle

91 2852 116 2890 4
144 2841 370 2892 prouincie
393 2840 435 2879 di
465 2841 654 2891 Spagna.

140 3009 152 3031 ¹
202 3008 310 3045 Vide
328 3021 366 3055 p.
386 3008 422 3050 5,
441 3007 523 3043 440.

1879 153 1884 233 —ae-
1874 18 1884 111 ‚ox
