<?xml version="1.0" encoding="UTF-8"?>
<!DOCTYPE html PUBLIC "-//W3C//DTD XHTML 1.0 Transitional//EN"
    "http://www.w3.org/TR/xhtml1/DTD/xhtml1-transitional.dtd">
<html xmlns="http://www.w3.org/1999/xhtml" xml:lang="en" lang="en">
 <head>
  <title>
</title>
<meta http-equiv="Content-Type" content="text/html;charset=utf-8" />
  <meta name='ocr-system' content='tesseract 3.04.00' />
  <meta name='ocr-capabilities' content='ocr_page ocr_carea ocr_par ocr_line ocrx_word'/>
</head>
<body>
  <div class='ocr_page' id='page_1' title='image "./litteraequadrime1806lain_0817.png"; bbox 0 0 1908 3446; ppageno 0'>
   <div class='ocr_carea' id='block_1_1' title="bbox 536 196 1691 235">
    <p class='ocr_par' dir='ltr' id='par_1_1' title="bbox 536 196 1691 235">
     <span class='ocr_line' id='line_1_1' title="bbox 536 196 1691 235; baseline -0.001 -1"><span class='ocrx_word' id='word_1_1' title='bbox 536 197 850 235; x_wconf 63' lang='lat' dir='ltr'>414-PAR1511S</span> <span class='ocrx_word' id='word_1_2' title='bbox 879 198 894 234; x_wconf 96' lang='grc'>1</span> <span class='ocrx_word' id='word_1_3' title='bbox 924 197 1186 234; x_wconf 74' lang='lat' dir='ltr'>SEPTEMBms</span> <span class='ocrx_word' id='word_1_4' title='bbox 1212 197 1303 234; x_wconf 80' lang='lat'>1560</span> <span class='ocrx_word' id='word_1_5' title='bbox 1621 196 1691 233; x_wconf 84' lang='lat'>797</span> 
     </span>
    </p>
   </div>
   <div class='ocr_carea' id='block_1_2' title="bbox 115 300 1747 2425">
    <p class='ocr_par' dir='ltr' id='par_1_2' title="bbox 115 300 1744 1565">
     <span class='ocr_line' id='line_1_2' title="bbox 115 300 1736 351; baseline -0.001 -12"><span class='ocrx_word' id='word_1_6' title='bbox 115 301 376 347; x_wconf 89' lang='lat' dir='ltr'>curauimus,</span> <span class='ocrx_word' id='word_1_7' title='bbox 402 305 447 337; x_wconf 89' lang='lat' dir='ltr'>vt</span> <span class='ocrx_word' id='word_1_8' title='bbox 469 300 503 337; x_wconf 86' lang='lat' dir='ltr'>si</span> <span class='ocrx_word' id='word_1_9' title='bbox 525 312 637 351; x_wconf 87' lang='lat' dir='ltr'>quae</span> <span class='ocrx_word' id='word_1_10' title='bbox 658 300 890 339; x_wconf 88' lang='lat' dir='ltr'>aduersum</span> <span class='ocrx_word' id='word_1_11' title='bbox 911 312 991 338; x_wconf 89' lang='lat' dir='ltr'>nos</span> <span class='ocrx_word' id='word_1_12' title='bbox 1012 300 1212 346; x_wconf 90' lang='lat' dir='ltr'>haberet,</span> <span class='ocrx_word' id='word_1_13' title='bbox 1238 312 1290 337; x_wconf 91' lang='lat' dir='ltr'>ea</span> <span class='ocrx_word' id='word_1_14' title='bbox 1309 300 1350 336; x_wconf 88' lang='lat' dir='ltr'>in</span> <span class='ocrx_word' id='word_1_15' title='bbox 1372 300 1578 337; x_wconf 82' lang='lat' dir='ltr'>articulos</span> <span class='ocrx_word' id='word_1_16' title='bbox 1604 312 1736 350; x_wconf 82' lang='lat' dir='ltr'>coge-</span> 
     </span>
     <span class='ocr_line' id='line_1_3' title="bbox 116 369 1738 422; baseline -0.001 -13"><span class='ocrx_word' id='word_1_17' title='bbox 116 376 198 418; x_wconf 90' lang='lat' dir='ltr'>ret,</span> <span class='ocrx_word' id='word_1_18' title='bbox 223 384 273 409; x_wconf 90' lang='lat' dir='ltr'>ac</span> <span class='ocrx_word' id='word_1_19' title='bbox 294 370 512 408; x_wconf 88' lang='lat' dir='ltr'>aduocato</span> <span class='ocrx_word' id='word_1_20' title='bbox 535 383 613 408; x_wconf 87' lang='lat' dir='ltr'>suo</span> <span class='ocrx_word' id='word_1_21' title='bbox 636 370 847 418; x_wconf 87' lang='lat' dir='ltr'>traderet,</span> <span class='ocrx_word' id='word_1_22' title='bbox 872 384 956 422; x_wconf 92' lang='lat' dir='ltr'>quo</span> <span class='ocrx_word' id='word_1_23' title='bbox 989 383 1057 409; x_wconf 88' lang='lat' dir='ltr'>res</span> <span class='ocrx_word' id='word_1_24' title='bbox 1088 375 1182 409; x_wconf 89' lang='lat' dir='ltr'>tota</span> <span class='ocrx_word' id='word_1_25' title='bbox 1202 383 1279 420; x_wconf 91' lang='lat' dir='ltr'>per</span> <span class='ocrx_word' id='word_1_26' title='bbox 1315 370 1476 407; x_wconf 90' lang='lat' dir='ltr'>curiam</span> <span class='ocrx_word' id='word_1_27' title='bbox 1512 369 1738 407; x_wconf 82' lang='lat' dir='ltr'>decidere-</span> 
     </span>
     <span class='ocr_line' id='line_1_4' title="bbox 116 441 1739 494; baseline -0.001 -13"><span class='ocrx_word' id='word_1_28' title='bbox 116 448 199 490; x_wconf 88' lang='lat' dir='ltr'>tur,</span> <span class='ocrx_word' id='word_1_29' title='bbox 225 442 452 493; x_wconf 90' lang='lat' dir='ltr'>omnisque</span> <span class='ocrx_word' id='word_1_30' title='bbox 474 441 751 480; x_wconf 75' lang='lat' dir='ltr'>dirimeretur</span> <span class='ocrx_word' id='word_1_31' title='bbox 768 442 965 494; x_wconf 86' lang='lat' dir='ltr'>litigandi</span> <span class='ocrx_word' id='word_1_32' title='bbox 987 444 1027 481; x_wconf 90' lang='lat' dir='ltr'>in</span> <span class='ocrx_word' id='word_1_33' title='bbox 1049 448 1274 494; x_wconf 84' lang='lat' dir='ltr'>posterum</span> <span class='ocrx_word' id='word_1_34' title='bbox 1294 442 1485 480; x_wconf 82' lang='lat' dir='ltr'><strong>occasio.</strong></span> <span class='ocrx_word' id='word_1_35' title='bbox 1506 441 1593 480; x_wconf 88' lang='lat' dir='ltr'>Sed</span> <span class='ocrx_word' id='word_1_36' title='bbox 1612 442 1739 479; x_wconf 85' lang='lat' dir='ltr'>trium</span> 
     </span>
     <span class='ocr_line' id='line_1_5' title="bbox 116 514 1740 562; baseline -0.001 -10"><span class='ocrx_word' id='word_1_37' title='bbox 116 514 433 552; x_wconf 86' lang='lat' dir='ltr'>aduocatorum</span> <span class='ocrx_word' id='word_1_38' title='bbox 464 514 686 552; x_wconf 88' lang='lat' dir='ltr'>hominum</span> <span class='ocrx_word' id='word_1_39' title='bbox 711 520 755 552; x_wconf 88' lang='lat' dir='ltr'>et</span> <span class='ocrx_word' id='word_1_40' title='bbox 787 515 1074 562; x_wconf 88' lang='lat' dir='ltr'>eruditorum,</span> <span class='ocrx_word' id='word_1_41' title='bbox 1100 520 1144 552; x_wconf 94' lang='lat' dir='ltr'>et</span> <span class='ocrx_word' id='word_1_42' title='bbox 1175 514 1228 552; x_wconf 94' lang='lat' dir='ltr'>de</span> <span class='ocrx_word' id='word_1_43' title='bbox 1257 514 1385 552; x_wconf 88' lang='lat' dir='ltr'>nobis</span> <span class='ocrx_word' id='word_1_44' title='bbox 1414 514 1530 551; x_wconf 90' lang='lat' dir='ltr'>bene</span> <span class='ocrx_word' id='word_1_45' title='bbox 1566 514 1740 551; x_wconf 84' lang='lat' dir='ltr'>merito-</span> 
     </span>
     <span class='ocr_line' id='line_1_6' title="bbox 118 584 1740 636; baseline 0 -13"><span class='ocrx_word' id='word_1_46' title='bbox 118 599 226 632; x_wconf 89' lang='lat' dir='ltr'>rum,</span> <span class='ocrx_word' id='word_1_47' title='bbox 250 586 399 623; x_wconf 89' lang='lat' dir='ltr'>habito</span> <span class='ocrx_word' id='word_1_48' title='bbox 424 586 622 632; x_wconf 88' lang='lat' dir='ltr'>consilio,</span> <span class='ocrx_word' id='word_1_49' title='bbox 647 599 738 624; x_wconf 88' lang='lat' dir='ltr'>rem</span> <span class='ocrx_word' id='word_1_50' title='bbox 761 599 784 623; x_wconf 85' lang='lat' dir='ltr'>a</span> <span class='ocrx_word' id='word_1_51' title='bbox 806 587 925 625; x_wconf 87' lang='lat' dir='ltr'>curia</span> <span class='ocrx_word' id='word_1_52' title='bbox 945 587 999 625; x_wconf 89' lang='lat' dir='ltr'>ad</span> <span class='ocrx_word' id='word_1_53' title='bbox 1022 586 1254 625; x_wconf 89' lang='lat' dir='ltr'>concilium</span> <span class='ocrx_word' id='word_1_54' title='bbox 1286 584 1402 636; x_wconf 87' lang='lat' dir='ltr'>regis</span> <span class='ocrx_word' id='word_1_55' title='bbox 1433 590 1653 624; x_wconf 89' lang='lat' dir='ltr'>secretum</span> <span class='ocrx_word' id='word_1_56' title='bbox 1675 590 1740 623; x_wconf 92' lang='lat' dir='ltr'>to-</span> 
     </span>
     <span class='ocr_line' id='line_1_7' title="bbox 117 646 1742 708; baseline -0.001 -14"><span class='ocrx_word' id='word_1_57' title='bbox 117 664 203 695; x_wconf 80' lang='lat' dir='ltr'>tam</span> <span class='ocrx_word' id='word_1_58' title='bbox 225 646 520 695; x_wconf 86' lang='lat' dir='ltr'>reuocandam</span> <span class='ocrx_word' id='word_1_59' title='bbox 545 670 643 695; x_wconf 86' lang='lat' dir='ltr'>esse</span> <span class='ocrx_word' id='word_1_60' title='bbox 668 663 948 705; x_wconf 88' lang='lat' dir='ltr'>censuerunt,</span> <span class='ocrx_word' id='word_1_61' title='bbox 972 657 1089 708; x_wconf 91' lang='lat' dir='ltr'>quod</span> <span class='ocrx_word' id='word_1_62' title='bbox 1118 657 1318 695; x_wconf 89' lang='lat' dir='ltr'>homines</span> <span class='ocrx_word' id='word_1_63' title='bbox 1349 656 1402 695; x_wconf 92' lang='lat' dir='ltr'>ad</span> <span class='ocrx_word' id='word_1_64' title='bbox 1431 656 1675 694; x_wconf 89' lang='lat' dir='ltr'>cauendum</span> <span class='ocrx_word' id='word_1_65' title='bbox 1698 662 1742 694; x_wconf 86' lang='lat' dir='ltr'>et</span> 
     </span>
     <span class='ocr_line' id='line_1_8' title="bbox 121 727 1743 779; baseline 0 -14"><span class='ocrx_word' id='word_1_66' title='bbox 121 728 339 779; x_wconf 88' lang='lat' dir='ltr'>agendum</span> <span class='ocrx_word' id='word_1_67' title='bbox 361 728 489 778; x_wconf 86' lang='lat' dir='ltr'>periti</span> <span class='ocrx_word' id='word_1_68' title='bbox 513 728 767 766; x_wconf 87' lang='lat' dir='ltr'>coniectura</span> <span class='ocrx_word' id='word_1_69' title='bbox 787 729 915 767; x_wconf 78' lang='lat' dir='ltr'>facile</span> <span class='ocrx_word' id='word_1_70' title='bbox 951 734 1344 779; x_wconf 89' lang='lat' dir='ltr'>consequerentur,</span> <span class='ocrx_word' id='word_1_71' title='bbox 1376 741 1457 766; x_wconf 85' lang='lat' dir='ltr'>nos</span> <span class='ocrx_word' id='word_1_72' title='bbox 1479 728 1532 765; x_wconf 88' lang='lat' dir='ltr'>ab</span> <span class='ocrx_word' id='word_1_73' title='bbox 1562 727 1743 766; x_wconf 87' lang='lat' dir='ltr'>homini-</span> 
     </span>
     <span class='ocr_line' id='line_1_9' title="bbox 116 798 1741 851; baseline -0.001 -14"><span class='ocrx_word' id='word_1_74' title='bbox 116 800 196 837; x_wconf 88' lang='lat' dir='ltr'>bus</span> <span class='ocrx_word' id='word_1_75' title='bbox 235 800 414 838; x_wconf 87' lang='lat' dir='ltr'>infensis</span> <span class='ocrx_word' id='word_1_76' title='bbox 450 799 809 838; x_wconf 85' lang='lat' dir='ltr'>condemnandos</span> <span class='ocrx_word' id='word_1_77' title='bbox 842 800 892 837; x_wconf 88' lang='lat' dir='ltr'>iri</span> <span class='ocrx_word' id='word_1_78' title='bbox 932 807 964 838; x_wconf 72' lang='lat' dir='ltr'>a.</span> <span class='ocrx_word' id='word_1_79' title='bbox 999 799 1146 848; x_wconf 88' lang='lat' dir='ltr'>Quare</span> <span class='ocrx_word' id='word_1_80' title='bbox 1178 798 1510 851; x_wconf 82' lang='lat' dir='ltr'>diligentissime</span> <span class='ocrx_word' id='word_1_81' title='bbox 1546 803 1741 837; x_wconf 89' lang='lat' dir='ltr'>curatum</span> 
     </span>
     <span class='ocr_line' id='line_1_10' title="bbox 117 870 1739 922; baseline 0 -14"><span class='ocrx_word' id='word_1_82' title='bbox 117 876 184 908; x_wconf 88' lang='lat' dir='ltr'>est</span> <span class='ocrx_word' id='word_1_83' title='bbox 207 876 338 921; x_wconf 87' lang='lat' dir='ltr'>atque</span> <span class='ocrx_word' id='word_1_84' title='bbox 361 870 627 918; x_wconf 82' lang='lat' dir='ltr'>confectum,</span> <span class='ocrx_word' id='word_1_85' title='bbox 651 875 698 908; x_wconf 85' lang='lat' dir='ltr'>vt</span> <span class='ocrx_word' id='word_1_86' title='bbox 729 872 861 922; x_wconf 87' lang='lat' dir='ltr'>regiis</span> <span class='ocrx_word' id='word_1_87' title='bbox 896 871 1033 910; x_wconf 90' lang='lat' dir='ltr'>literis</span> <span class='ocrx_word' id='word_1_88' title='bbox 1064 871 1118 909; x_wconf 93' lang='lat' dir='ltr'>ad</span> <span class='ocrx_word' id='word_1_89' title='bbox 1148 873 1258 910; x_wconf 68' lang='lat' dir='ltr'>Ram</span> <span class='ocrx_word' id='word_1_90' title='bbox 1294 870 1547 922; x_wconf 86' lang='lat' dir='ltr'>episcopum</span> <span class='ocrx_word' id='word_1_91' title='bbox 1584 870 1739 917; x_wconf 86' lang='lat' dir='ltr'>missis,</span> 
     </span>
     <span class='ocr_line' id='line_1_11' title="bbox 119 941 1743 993; baseline -0.001 -13"><span class='ocrx_word' id='word_1_92' title='bbox 119 954 294 988; x_wconf 85' lang='lat' dir='ltr'>causae,</span> <span class='ocrx_word' id='word_1_93' title='bbox 318 955 425 992; x_wconf 91' lang='lat' dir='ltr'>quas</span> <span class='ocrx_word' id='word_1_94' title='bbox 449 942 698 993; x_wconf 87' lang='lat' dir='ltr'>opponebat</span> <span class='ocrx_word' id='word_1_95' title='bbox 721 955 818 981; x_wconf 89' lang='lat' dir='ltr'>cum</span> <span class='ocrx_word' id='word_1_96' title='bbox 841 942 929 981; x_wconf 89' lang='lat' dir='ltr'>suis</span> <span class='ocrx_word' id='word_1_97' title='bbox 952 942 1218 990; x_wconf 81' lang='lat' dir='ltr'>Curionibus,</span> <span class='ocrx_word' id='word_1_98' title='bbox 1239 955 1391 981; x_wconf 87' lang='lat' dir='ltr'>omnes</span> <span class='ocrx_word' id='word_1_99' title='bbox 1414 941 1467 980; x_wconf 92' lang='lat' dir='ltr'>ad</span> <span class='ocrx_word' id='word_1_100' title='bbox 1488 954 1616 980; x_wconf 88' lang='lat' dir='ltr'>vnam</span> <span class='ocrx_word' id='word_1_101' title='bbox 1638 941 1743 979; x_wconf 88' lang='lat' dir='ltr'>fide-</span> 
     </span>
     <span class='ocr_line' id='line_1_12' title="bbox 115 1012 1743 1066; baseline 0 -16"><span class='ocrx_word' id='word_1_102' title='bbox 115 1013 277 1052; x_wconf 89' lang='lat' dir='ltr'>lissime</span> <span class='ocrx_word' id='word_1_103' title='bbox 299 1014 695 1064; x_wconf 87' lang='lat' dir='ltr'>perscriberentur,</span> <span class='ocrx_word' id='word_1_104' title='bbox 719 1019 782 1061; x_wconf 87' lang='lat' dir='ltr'>vt,</span> <span class='ocrx_word' id='word_1_105' title='bbox 806 1013 856 1051; x_wconf 90' lang='lat' dir='ltr'>iis</span> <span class='ocrx_word' id='word_1_106' title='bbox 880 1014 1068 1065; x_wconf 81' lang='lat' dir='ltr'>cognitis</span> <span class='ocrx_word' id='word_1_107' title='bbox 1090 1020 1220 1066; x_wconf 88' lang='lat' dir='ltr'>atque</span> <span class='ocrx_word' id='word_1_108' title='bbox 1259 1013 1520 1065; x_wconf 84' lang='lat' dir='ltr'>perspectis,</span> <span class='ocrx_word' id='word_1_109' title='bbox 1553 1014 1624 1051; x_wconf 87' lang='lat' dir='ltr'>vel</span> <span class='ocrx_word' id='word_1_110' title='bbox 1647 1012 1743 1051; x_wconf 89' lang='lat' dir='ltr'>reii-</span> 
     </span>
     <span class='ocr_line' id='line_1_13' title="bbox 117 1083 1744 1136; baseline -0.001 -14"><span class='ocrx_word' id='word_1_111' title='bbox 117 1089 306 1131; x_wconf 89' lang='lat' dir='ltr'>ceretur,</span> <span class='ocrx_word' id='word_1_112' title='bbox 330 1085 403 1122; x_wconf 88' lang='lat' dir='ltr'>vel</span> <span class='ocrx_word' id='word_1_113' title='bbox 424 1084 733 1123; x_wconf 81' lang='lat' dir='ltr'>admitteretur</span> <span class='ocrx_word' id='word_1_114' title='bbox 764 1084 939 1123; x_wconf 87' lang='lat' dir='ltr'>minima</span> <span class='ocrx_word' id='word_1_115' title='bbox 964 1085 1074 1123; x_wconf 87' lang='lat' dir='ltr'>haec</span> <span class='ocrx_word' id='word_1_116' title='bbox 1103 1085 1291 1124; x_wconf 87' lang='lat' dir='ltr'>nominis</span> <span class='ocrx_word' id='word_1_117' title='bbox 1317 1086 1419 1136; x_wconf 89' lang='lat' dir='ltr'>Jesu</span> <span class='ocrx_word' id='word_1_118' title='bbox 1449 1083 1664 1123; x_wconf 87' lang='lat' dir='ltr'>Societas.</span> <span class='ocrx_word' id='word_1_119' title='bbox 1690 1084 1744 1121; x_wconf 90' lang='lat' dir='ltr'>Et</span> 
     </span>
     <span class='ocr_line' id='line_1_14' title="bbox 115 1156 1743 1207; baseline 0 -14"><span class='ocrx_word' id='word_1_120' title='bbox 115 1156 215 1206; x_wconf 89' lang='lat' dir='ltr'>quia</span> <span class='ocrx_word' id='word_1_121' title='bbox 236 1156 336 1195; x_wconf 67' lang='lat' dir='ltr'>Rmi</span> <span class='ocrx_word' id='word_1_122' title='bbox 356 1156 637 1207; x_wconf 89' lang='lat' dir='ltr'>Lotaringiae</span> <span class='ocrx_word' id='word_1_123' title='bbox 660 1156 890 1195; x_wconf 90' lang='lat' dir='ltr'>cardinalis</span> <span class='ocrx_word' id='word_1_124' title='bbox 914 1164 921 1182; x_wconf 88' lang='lat'>¹</span> <span class='ocrx_word' id='word_1_125' title='bbox 946 1157 1333 1196; x_wconf 88' lang='lat' dir='ltr'>commendatitiae</span> <span class='ocrx_word' id='word_1_126' title='bbox 1355 1156 1409 1195; x_wconf 89' lang='lat' dir='ltr'>ad</span> <span class='ocrx_word' id='word_1_127' title='bbox 1440 1156 1584 1207; x_wconf 87' lang='lat' dir='ltr'>regias</span> <span class='ocrx_word' id='word_1_128' title='bbox 1618 1168 1743 1194; x_wconf 92' lang='lat' dir='ltr'>acce-</span> 
     </span>
     <span class='ocr_line' id='line_1_15' title="bbox 116 1227 1743 1279; baseline 0.001 -14"><span class='ocrx_word' id='word_1_129' title='bbox 116 1227 277 1266; x_wconf 86' lang='lat' dir='ltr'>debant</span> <span class='ocrx_word' id='word_1_130' title='bbox 297 1227 453 1266; x_wconf 89' lang='lat' dir='ltr'>literae</span> <span class='ocrx_word' id='word_1_131' title='bbox 484 1227 537 1266; x_wconf 89' lang='lat' dir='ltr'>ad</span> <span class='ocrx_word' id='word_1_132' title='bbox 559 1229 704 1266; x_wconf 76' lang='lat' dir='ltr'>R.m¹²¹¹¹</span> <span class='ocrx_word' id='word_1_133' title='bbox 726 1228 779 1266; x_wconf 89' lang='lat' dir='ltr'>D.</span> <span class='ocrx_word' id='word_1_134' title='bbox 804 1228 859 1266; x_wconf 90' lang='lat' dir='ltr'>de</span> <span class='ocrx_word' id='word_1_135' title='bbox 881 1228 1064 1277; x_wconf 86' lang='lat' dir='ltr'>Chalon,</span> <span class='ocrx_word' id='word_1_136' title='bbox 1098 1228 1274 1267; x_wconf 88' lang='lat' dir='ltr'>Parisiis</span> <span class='ocrx_word' id='word_1_137' title='bbox 1303 1234 1394 1266; x_wconf 87' lang='lat' dir='ltr'>tum</span> <span class='ocrx_word' id='word_1_138' title='bbox 1425 1233 1648 1279; x_wconf 86' lang='lat' dir='ltr'>agentem,</span> <span class='ocrx_word' id='word_1_139' title='bbox 1672 1240 1743 1266; x_wconf 90' lang='lat' dir='ltr'>res</span> 
     </span>
     <span class='ocr_line' id='line_1_16' title="bbox 117 1299 1743 1351; baseline 0.001 -15"><span class='ocrx_word' id='word_1_140' title='bbox 117 1299 157 1337; x_wconf 92' lang='lat' dir='ltr'>ei</span> <span class='ocrx_word' id='word_1_141' title='bbox 178 1304 272 1337; x_wconf 87' lang='lat' dir='ltr'>tota</span> <span class='ocrx_word' id='word_1_142' title='bbox 294 1311 349 1337; x_wconf 82' lang='lat' dir='ltr'>ex</span> <span class='ocrx_word' id='word_1_143' title='bbox 369 1304 493 1350; x_wconf 88' lang='lat' dir='ltr'>parte</span> <span class='ocrx_word' id='word_1_144' title='bbox 517 1299 712 1351; x_wconf 89' lang='lat' dir='ltr'>episcopi</span> <span class='ocrx_word' id='word_1_145' title='bbox 732 1300 981 1350; x_wconf 85' lang='lat' dir='ltr'>parisiensis</span> <span class='ocrx_word' id='word_1_146' title='bbox 1004 1305 1072 1339; x_wconf 89' lang='lat' dir='ltr'>est</span> <span class='ocrx_word' id='word_1_147' title='bbox 1090 1301 1335 1338; x_wconf 87' lang='lat' dir='ltr'>commissa.</span> <span class='ocrx_word' id='word_1_148' title='bbox 1361 1300 1471 1338; x_wconf 91' lang='lat' dir='ltr'>Cum</span> <span class='ocrx_word' id='word_1_149' title='bbox 1490 1312 1543 1338; x_wconf 94' lang='lat' dir='ltr'>eo</span> <span class='ocrx_word' id='word_1_150' title='bbox 1572 1299 1743 1350; x_wconf 84' lang='lat' dir='ltr'>profec-</span> 
     </span>
     <span class='ocr_line' id='line_1_17' title="bbox 116 1370 1744 1422; baseline 0 -14"><span class='ocrx_word' id='word_1_151' title='bbox 116 1376 185 1409; x_wconf 87' lang='lat' dir='ltr'>tus</span> <span class='ocrx_word' id='word_1_152' title='bbox 208 1376 274 1409; x_wconf 88' lang='lat' dir='ltr'>est</span> <span class='ocrx_word' id='word_1_153' title='bbox 296 1371 413 1409; x_wconf 72' lang='lat' dir='ltr'>R.d¹¹⁵</span> <span class='ocrx_word' id='word_1_154' title='bbox 441 1372 511 1409; x_wconf 83' lang='lat' dir='ltr'>Pr.</span> <span class='ocrx_word' id='word_1_155' title='bbox 535 1378 687 1409; x_wconf 88' lang='lat' dir='ltr'>noster</span> <span class='ocrx_word' id='word_1_156' title='bbox 711 1372 892 1409; x_wconf 87' lang='lat' dir='ltr'>Pontius</span> <span class='ocrx_word' id='word_1_157' title='bbox 914 1371 997 1409; x_wconf 90' lang='lat' dir='ltr'>iam</span> <span class='ocrx_word' id='word_1_158' title='bbox 1033 1372 1086 1410; x_wconf 90' lang='lat' dir='ltr'>ab</span> <span class='ocrx_word' id='word_1_159' title='bbox 1121 1372 1288 1422; x_wconf 85' lang='lat' dir='ltr'>aliquot</span> <span class='ocrx_word' id='word_1_160' title='bbox 1323 1371 1493 1409; x_wconf 88' lang='lat' dir='ltr'>diebus.</span> <span class='ocrx_word' id='word_1_161' title='bbox 1526 1370 1744 1421; x_wconf 77' lang='lat' dir='ltr'>Quicquid</span> 
     </span>
     <span class='ocr_line' id='line_1_18' title="bbox 117 1442 1743 1494; baseline 0 -15"><span class='ocrx_word' id='word_1_162' title='bbox 117 1442 199 1480; x_wconf 88' lang='lat' dir='ltr'>erit</span> <span class='ocrx_word' id='word_1_163' title='bbox 228 1445 373 1481; x_wconf 91' lang='lat' dir='ltr'>actum</span> <span class='ocrx_word' id='word_1_164' title='bbox 401 1448 532 1494; x_wconf 89' lang='lat' dir='ltr'>atque</span> <span class='ocrx_word' id='word_1_165' title='bbox 568 1442 820 1481; x_wconf 87' lang='lat' dir='ltr'>confectum</span> <span class='ocrx_word' id='word_1_166' title='bbox 850 1443 905 1481; x_wconf 88' lang='lat' dir='ltr'>ad</span> <span class='ocrx_word' id='word_1_167' title='bbox 940 1443 1072 1481; x_wconf 41' lang='lat' dir='ltr'>R0dam</span> <span class='ocrx_word' id='word_1_168' title='bbox 1104 1443 1421 1481; x_wconf 84' lang='lat' dir='ltr'>Paternitatem</span> <span class='ocrx_word' id='word_1_169' title='bbox 1452 1447 1570 1480; x_wconf 85' lang='lat' dir='ltr'>tuam</span> <span class='ocrx_word' id='word_1_170' title='bbox 1604 1442 1743 1492; x_wconf 92' lang='lat' dir='ltr'>primo</span> 
     </span>
     <span class='ocr_line' id='line_1_19' title="bbox 117 1514 1114 1565; baseline 0.001 -14"><span class='ocrx_word' id='word_1_171' title='bbox 117 1526 291 1565; x_wconf 90' lang='lat' dir='ltr'>quoque</span> <span class='ocrx_word' id='word_1_172' title='bbox 312 1519 514 1565; x_wconf 88' lang='lat' dir='ltr'>tempore</span> <span class='ocrx_word' id='word_1_173' title='bbox 531 1514 720 1553; x_wconf 89' lang='lat' dir='ltr'>fideliter</span> <span class='ocrx_word' id='word_1_174' title='bbox 741 1514 1065 1565; x_wconf 89' lang='lat' dir='ltr'>perscribemus</span> <span class='ocrx_word' id='word_1_175' title='bbox 1086 1515 1114 1552; x_wconf 73' lang='lat'>2.</span> 
     </span>
    </p>

    <p class='ocr_par' dir='ltr' id='par_1_3' title="bbox 115 1584 1747 2354">
     <span class='ocr_line' id='line_1_20' title="bbox 168 1584 1743 1637; baseline -0.001 -13"><span class='ocrx_word' id='word_1_176' title='bbox 168 1598 206 1635; x_wconf 83' lang='lat'>4.</span> <span class='ocrx_word' id='word_1_177' title='bbox 270 1587 510 1637; x_wconf 88' lang='lat' dir='ltr'>Supererat</span> <span class='ocrx_word' id='word_1_178' title='bbox 538 1586 653 1624; x_wconf 91' lang='lat' dir='ltr'>aliud</span> <span class='ocrx_word' id='word_1_179' title='bbox 675 1586 793 1634; x_wconf 87' lang='lat' dir='ltr'>nihil,</span> <span class='ocrx_word' id='word_1_180' title='bbox 818 1599 946 1637; x_wconf 87' lang='lat' dir='ltr'>quam</span> <span class='ocrx_word' id='word_1_181' title='bbox 976 1591 1024 1624; x_wconf 85' lang='lat' dir='ltr'>vt</span> <span class='ocrx_word' id='word_1_182' title='bbox 1057 1586 1134 1624; x_wconf 90' lang='lat' dir='ltr'>has</span> <span class='ocrx_word' id='word_1_183' title='bbox 1165 1585 1486 1632; x_wconf 87' lang='lat' dir='ltr'>clauderemus;</span> <span class='ocrx_word' id='word_1_184' title='bbox 1523 1584 1602 1623; x_wconf 90' lang='lat' dir='ltr'>sed</span> <span class='ocrx_word' id='word_1_185' title='bbox 1637 1597 1743 1623; x_wconf 90' lang='lat' dir='ltr'>ecce</span> 
     </span>
     <span class='ocr_line' id='line_1_21' title="bbox 118 1657 1746 1708; baseline -0.001 -13"><span class='ocrx_word' id='word_1_186' title='bbox 118 1663 336 1708; x_wconf 89' lang='lat' dir='ltr'>oportune</span> <span class='ocrx_word' id='word_1_187' title='bbox 359 1659 489 1696; x_wconf 83' lang='lat' dir='ltr'>Pater</span> <span class='ocrx_word' id='word_1_188' title='bbox 511 1657 693 1696; x_wconf 86' lang='lat' dir='ltr'>Pontius</span> <span class='ocrx_word' id='word_1_189' title='bbox 716 1671 771 1696; x_wconf 85' lang='lat' dir='ltr'>ex</span> <span class='ocrx_word' id='word_1_190' title='bbox 793 1658 906 1705; x_wconf 84' lang='lat' dir='ltr'>aula,</span> <span class='ocrx_word' id='word_1_191' title='bbox 930 1670 977 1695; x_wconf 88' lang='lat' dir='ltr'>re</span> <span class='ocrx_word' id='word_1_192' title='bbox 999 1658 1177 1705; x_wconf 87' lang='lat' dir='ltr'>infecta,</span> <span class='ocrx_word' id='word_1_193' title='bbox 1202 1657 1457 1704; x_wconf 81' lang='lat' dir='ltr'>reuertitur3</span> <span class='ocrx_word' id='word_1_194' title='bbox 1485 1661 1631 1694; x_wconf 86' lang='lat' dir='ltr'>narrat</span> <span class='ocrx_word' id='word_1_195' title='bbox 1653 1670 1699 1694; x_wconf 93' lang='lat' dir='ltr'>se</span> <span class='ocrx_word' id='word_1_196' title='bbox 1722 1669 1746 1694; x_wconf 92' lang='lat' dir='ltr'>a</span> 
     </span>
     <span class='ocr_line' id='line_1_22' title="bbox 116 1729 1745 1781; baseline -0.002 -13"><span class='ocrx_word' id='word_1_197' title='bbox 116 1729 323 1768; x_wconf 84' lang='lat' dir='ltr'>cardinali</span> <span class='ocrx_word' id='word_1_198' title='bbox 346 1731 454 1768; x_wconf 63' lang='grc' dir='ltr'>ΚΒΜ)</span> <span class='ocrx_word' id='word_1_199' title='bbox 476 1730 772 1781; x_wconf 87' lang='lat' dir='ltr'>Lotaringiae‚</span> <span class='ocrx_word' id='word_1_200' title='bbox 796 1734 976 1780; x_wconf 87' lang='lat' dir='ltr'>propter</span> <span class='ocrx_word' id='word_1_201' title='bbox 1006 1729 1216 1768; x_wconf 87' lang='lat' dir='ltr'>nobilium</span> <span class='ocrx_word' id='word_1_202' title='bbox 1248 1729 1439 1776; x_wconf 89' lang='lat' dir='ltr'>comitia,</span> <span class='ocrx_word' id='word_1_203' title='bbox 1469 1740 1582 1779; x_wconf 90' lang='lat' dir='ltr'>quae</span> <span class='ocrx_word' id='word_1_204' title='bbox 1614 1740 1745 1779; x_wconf 84' lang='lat' dir='ltr'>coge-</span> 
     </span>
     <span class='ocr_line' id='line_1_23' title="bbox 115 1800 1745 1853; baseline -0.001 -14"><span class='ocrx_word' id='word_1_205' title='bbox 115 1801 271 1839; x_wconf 89' lang='lat' dir='ltr'>bantur</span> <span class='ocrx_word' id='word_1_206' title='bbox 291 1800 346 1839; x_wconf 89' lang='lat' dir='ltr'>ad</span> <span class='ocrx_word' id='word_1_207' title='bbox 367 1802 492 1853; x_wconf 90' lang='lat' dir='ltr'>regni</span> <span class='ocrx_word' id='word_1_208' title='bbox 513 1802 657 1853; x_wconf 83' lang='lat' dir='ltr'>gallici</span> <span class='ocrx_word' id='word_1_209' title='bbox 678 1802 859 1853; x_wconf 89' lang='lat' dir='ltr'>negotia</span> <span class='ocrx_word' id='word_1_210' title='bbox 881 1800 1165 1848; x_wconf 85' lang='lat' dir='ltr'>moderanda,</span> <span class='ocrx_word' id='word_1_211' title='bbox 1189 1801 1404 1839; x_wconf 90' lang='lat' dir='ltr'>reiectum</span> <span class='ocrx_word' id='word_1_212' title='bbox 1436 1812 1535 1838; x_wconf 89' lang='lat' dir='ltr'>esse</span> <span class='ocrx_word' id='word_1_213' title='bbox 1566 1800 1608 1838; x_wconf 89' lang='lat' dir='ltr'>in</span> <span class='ocrx_word' id='word_1_214' title='bbox 1630 1800 1745 1838; x_wconf 90' lang='lat' dir='ltr'>diem</span> 
     </span>
     <span class='ocr_line' id='line_1_24' title="bbox 116 1872 1744 1924; baseline -0.001 -13"><span class='ocrx_word' id='word_1_215' title='bbox 116 1886 254 1924; x_wconf 86' lang='lat' dir='ltr'>vsque</span> <span class='ocrx_word' id='word_1_216' title='bbox 275 1873 516 1912; x_wconf 88' lang='lat' dir='ltr'>natiuitatis</span> <span class='ocrx_word' id='word_1_217' title='bbox 551 1874 603 1912; x_wconf 88' lang='lat' dir='ltr'>D.</span> <span class='ocrx_word' id='word_1_218' title='bbox 638 1873 814 1911; x_wconf 89' lang='lat' dir='ltr'>Mariae.</span> <span class='ocrx_word' id='word_1_219' title='bbox 852 1873 1050 1924; x_wconf 89' lang='lat' dir='ltr'>Triginta</span> <span class='ocrx_word' id='word_1_220' title='bbox 1085 1872 1222 1910; x_wconf 84' lang='lat' dir='ltr'>refert</span> <span class='ocrx_word' id='word_1_221' title='bbox 1252 1885 1277 1910; x_wconf 89' lang='lat' dir='ltr'>a</span> <span class='ocrx_word' id='word_1_222' title='bbox 1311 1873 1420 1910; x_wconf 81' lang='lat' dir='ltr'>R.¹1¹0</span> <span class='ocrx_word' id='word_1_223' title='bbox 1444 1872 1651 1923; x_wconf 89' lang='lat' dir='ltr'>episcopo</span> <span class='ocrx_word' id='word_1_224' title='bbox 1674 1884 1744 1922; x_wconf 91' lang='lat' dir='ltr'>pa-</span> 
     </span>
     <span class='ocr_line' id='line_1_25' title="bbox 117 1943 1747 1995; baseline -0.001 -13"><span class='ocrx_word' id='word_1_225' title='bbox 117 1944 287 1982; x_wconf 87' lang='lat' dir='ltr'>risiensi</span> <span class='ocrx_word' id='word_1_226' title='bbox 308 1946 320 1965; x_wconf 77' lang='lat'>³</span> <span class='ocrx_word' id='word_1_227' title='bbox 342 1945 555 1983; x_wconf 87' lang='lat' dir='ltr'>aduersus</span> <span class='ocrx_word' id='word_1_228' title='bbox 586 1957 667 1983; x_wconf 89' lang='lat' dir='ltr'>nos</span> <span class='ocrx_word' id='word_1_229' title='bbox 688 1944 930 1995; x_wconf 89' lang='lat' dir='ltr'>productos</span> <span class='ocrx_word' id='word_1_230' title='bbox 962 1956 1060 1983; x_wconf 86' lang='lat' dir='ltr'>esse</span> <span class='ocrx_word' id='word_1_231' title='bbox 1092 1944 1315 1990; x_wconf 88' lang='lat' dir='ltr'>articulos,</span> <span class='ocrx_word' id='word_1_232' title='bbox 1348 1943 1390 1981; x_wconf 91' lang='lat' dir='ltr'>in</span> <span class='ocrx_word' id='word_1_233' title='bbox 1425 1943 1581 1994; x_wconf 82' lang='lat' dir='ltr'>quibus</span> <span class='ocrx_word' id='word_1_234' title='bbox 1611 1943 1747 1981; x_wconf 89' lang='lat' dir='ltr'>multa</span> 
     </span>
     <span class='ocr_line' id='line_1_26' title="bbox 115 2013 1744 2067; baseline -0.002 -13"><span class='ocrx_word' id='word_1_235' title='bbox 115 2015 237 2064; x_wconf 87' lang='lat' dir='ltr'>falsa,</span> <span class='ocrx_word' id='word_1_236' title='bbox 260 2016 469 2067; x_wconf 87' lang='lat' dir='ltr'>pleraque</span> <span class='ocrx_word' id='word_1_237' title='bbox 493 2016 664 2063; x_wconf 88' lang='lat' dir='ltr'>eadem,</span> <span class='ocrx_word' id='word_1_238' title='bbox 688 2029 800 2066; x_wconf 90' lang='lat' dir='ltr'>quae</span> <span class='ocrx_word' id='word_1_239' title='bbox 822 2016 864 2054; x_wconf 94' lang='lat' dir='ltr'>in</span> <span class='ocrx_word' id='word_1_240' title='bbox 886 2015 1069 2054; x_wconf 90' lang='lat' dir='ltr'>decreto</span> <span class='ocrx_word' id='word_1_241' title='bbox 1102 2015 1354 2062; x_wconf 85' lang='lat' dir='ltr'>sorbonico,</span> <span class='ocrx_word' id='word_1_242' title='bbox 1384 2014 1587 2052; x_wconf 90' lang='lat' dir='ltr'>nonnulla</span> <span class='ocrx_word' id='word_1_243' title='bbox 1614 2013 1744 2052; x_wconf 89' lang='lat' dir='ltr'>etiarn</span> 
     </span>
     <span class='ocr_line' id='line_1_27' title="bbox 117 2084 1745 2139; baseline -0.001 -14"><span class='ocrx_word' id='word_1_244' title='bbox 117 2087 172 2125; x_wconf 89' lang='lat' dir='ltr'>de</span> <span class='ocrx_word' id='word_1_245' title='bbox 193 2101 310 2127; x_wconf 92' lang='lat' dir='ltr'>nouo</span> <span class='ocrx_word' id='word_1_246' title='bbox 334 2089 558 2127; x_wconf 89' lang='lat' dir='ltr'>suscitata.</span> <span class='ocrx_word' id='word_1_247' title='bbox 584 2088 660 2126; x_wconf 90' lang='lat' dir='ltr'>Ille</span> <span class='ocrx_word' id='word_1_248' title='bbox 681 2088 823 2126; x_wconf 87' lang='lat' dir='ltr'>bonus</span> <span class='ocrx_word' id='word_1_249' title='bbox 846 2089 976 2126; x_wconf 86' lang='lat' dir='ltr'>Pater</span> <span class='ocrx_word' id='word_1_250' title='bbox 998 2086 1164 2139; x_wconf 89' lang='lat' dir='ltr'>gaudet</span> <span class='ocrx_word' id='word_1_251' title='bbox 1184 2087 1266 2125; x_wconf 92' lang='lat' dir='ltr'>hos</span> <span class='ocrx_word' id='word_1_252' title='bbox 1285 2086 1365 2124; x_wconf 77' lang='lat' dir='ltr'>sibi</span> <span class='ocrx_word' id='word_1_253' title='bbox 1383 2084 1477 2124; x_wconf 87' lang='lat' dir='ltr'>dies</span> <span class='ocrx_word' id='word_1_254' title='bbox 1496 2085 1549 2124; x_wconf 88' lang='lat' dir='ltr'>ad</span> <span class='ocrx_word' id='word_1_255' title='bbox 1566 2098 1745 2136; x_wconf 91' lang='lat' dir='ltr'>respon-</span> 
     </span>
     <span class='ocr_line' id='line_1_28' title="bbox 117 2154 1746 2209; baseline -0.002 -12"><span class='ocrx_word' id='word_1_256' title='bbox 117 2154 308 2198; x_wconf 91' lang='lat' dir='ltr'>dendum</span> <span class='ocrx_word' id='word_1_257' title='bbox 331 2173 430 2198; x_wconf 90' lang='lat' dir='ltr'>esse</span> <span class='ocrx_word' id='word_1_258' title='bbox 462 2172 716 2198; x_wconf 90' lang='lat' dir='ltr'>concessos.</span> <span class='ocrx_word' id='word_1_259' title='bbox 752 2158 806 2197; x_wconf 89' lang='lat' dir='ltr'>Et</span> <span class='ocrx_word' id='word_1_260' title='bbox 839 2159 1166 2197; x_wconf 86' lang='lat' dir='ltr'>fauentissimus</span> <span class='ocrx_word' id='word_1_261' title='bbox 1198 2158 1479 2209; x_wconf 87' lang='lat' dir='ltr'>Lotaringiae</span> <span class='ocrx_word' id='word_1_262' title='bbox 1516 2157 1746 2195; x_wconf 85' lang='lat' dir='ltr'>cardinalis</span> 
     </span>
     <span class='ocr_line' id='line_1_29' title="bbox 118 2229 1746 2283; baseline -0.001 -15"><span class='ocrx_word' id='word_1_263' title='bbox 118 2230 279 2282; x_wconf 89' lang='lat' dir='ltr'>optima</span> <span class='ocrx_word' id='word_1_264' title='bbox 299 2244 499 2283; x_wconf 90' lang='lat' dir='ltr'>quaeque</span> <span class='ocrx_word' id='word_1_265' title='bbox 522 2243 701 2282; x_wconf 87' lang='lat' dir='ltr'>sperare</span> <span class='ocrx_word' id='word_1_266' title='bbox 719 2230 861 2280; x_wconf 86' lang='lat' dir='ltr'>jubet,</span> <span class='ocrx_word' id='word_1_267' title='bbox 885 2230 1067 2280; x_wconf 89' lang='lat' dir='ltr'>vultque</span> <span class='ocrx_word' id='word_1_268' title='bbox 1089 2243 1199 2268; x_wconf 89' lang='lat' dir='ltr'>unus</span> <span class='ocrx_word' id='word_1_269' title='bbox 1223 2242 1319 2268; x_wconf 91' lang='lat' dir='ltr'>esse</span> <span class='ocrx_word' id='word_1_270' title='bbox 1342 2229 1479 2267; x_wconf 89' lang='lat' dir='ltr'>totius</span> <span class='ocrx_word' id='word_1_271' title='bbox 1508 2229 1746 2267; x_wconf 88' lang='lat' dir='ltr'>Societatis</span> 
     </span>
     <span class='ocr_line' id='line_1_30' title="bbox 116 2304 586 2354; baseline 0 -13"><span class='ocrx_word' id='word_1_272' title='bbox 116 2304 157 2341; x_wconf 92' lang='lat' dir='ltr'>in</span> <span class='ocrx_word' id='word_1_273' title='bbox 181 2304 322 2343; x_wconf 88' lang='lat' dir='ltr'>Gallia</span> <span class='ocrx_word' id='word_1_274' title='bbox 341 2309 586 2354; x_wconf 88' lang='lat' dir='ltr'>protector.</span> 
     </span>
    </p>

    <p class='ocr_par' dir='ltr' id='par_1_4' title="bbox 196 2372 1745 2425">
     <span class='ocr_line' id='line_1_31' title="bbox 196 2372 1745 2425; baseline -0.002 -12"><span class='ocrx_word' id='word_1_275' title='bbox 196 2376 321 2414; x_wconf 90' lang='lat' dir='ltr'>Haec</span> <span class='ocrx_word' id='word_1_276' title='bbox 342 2380 456 2423; x_wconf 88' lang='lat' dir='ltr'>sunt,</span> <span class='ocrx_word' id='word_1_277' title='bbox 480 2375 577 2414; x_wconf 76' lang='lat' dir='ltr'>R.de</span> <span class='ocrx_word' id='word_1_278' title='bbox 599 2375 744 2422; x_wconf 86' lang='lat' dir='ltr'>Pater,</span> <span class='ocrx_word' id='word_1_279' title='bbox 775 2387 888 2425; x_wconf 89' lang='lat' dir='ltr'>quae</span> <span class='ocrx_word' id='word_1_280' title='bbox 918 2373 1233 2425; x_wconf 88' lang='lat' dir='ltr'>perscribenda</span> <span class='ocrx_word' id='word_1_281' title='bbox 1261 2373 1478 2421; x_wconf 82' lang='lat' dir='ltr'>duximus,</span> <span class='ocrx_word' id='word_1_282' title='bbox 1504 2378 1551 2411; x_wconf 91' lang='lat' dir='ltr'>vt</span> <span class='ocrx_word' id='word_1_283' title='bbox 1584 2372 1745 2410; x_wconf 90' lang='lat' dir='ltr'>intelli-</span> 
     </span>
    </p>
   </div>
   <div class='ocr_carea' id='block_1_3' title="bbox 116 2443 1745 2571">
    <p class='ocr_par' dir='ltr' id='par_1_5' title="bbox 116 2443 1745 2571">
     <span class='ocr_line' id='line_1_32' title="bbox 116 2443 1745 2497; baseline -0.001 -13"><span class='ocrx_word' id='word_1_284' title='bbox 116 2459 247 2497; x_wconf 90' lang='lat' dir='ltr'>geres</span> <span class='ocrx_word' id='word_1_285' title='bbox 267 2446 310 2485; x_wconf 89' lang='lat' dir='ltr'>in</span> <span class='ocrx_word' id='word_1_286' title='bbox 331 2448 529 2486; x_wconf 86' lang='lat' dir='ltr'>maximis</span> <span class='ocrx_word' id='word_1_287' title='bbox 551 2447 876 2486; x_wconf 85' lang='lat' dir='ltr'>haereticorum</span> <span class='ocrx_word' id='word_1_288' title='bbox 896 2445 1102 2496; x_wconf 86' lang='lat' dir='ltr'>periculis</span> <span class='ocrx_word' id='word_1_289' title='bbox 1123 2450 1330 2496; x_wconf 88' lang='lat' dir='ltr'>quantum</span> <span class='ocrx_word' id='word_1_290' title='bbox 1353 2445 1439 2484; x_wconf 85' lang='lat' dir='ltr'>tuis</span> <span class='ocrx_word' id='word_1_291' title='bbox 1461 2443 1745 2483; x_wconf 87' lang='lat' dir='ltr'>sanctissimis</span> 
     </span>
     <span class='ocr_line' id='line_1_33' title="bbox 119 2511 1744 2571; baseline -0.002 -19"><span class='ocrx_word' id='word_1_292' title='bbox 119 2518 164 2552; x_wconf 86' lang='lat' dir='ltr'>et</span> <span class='ocrx_word' id='word_1_293' title='bbox 184 2513 406 2552; x_wconf 89' lang='lat' dir='ltr'>sacrificiis</span> <span class='ocrx_word' id='word_1_294' title='bbox 427 2518 472 2571; x_wconf 75' lang='lat' dir='ltr'>et</span> <span class='ocrx_word' id='word_1_295' title='bbox 493 2513 697 2564; x_wconf 90' lang='lat' dir='ltr'>precibus</span> <span class='ocrx_word' id='word_1_296' title='bbox 718 2512 979 2563; x_wconf 73' lang='lat' dir='ltr'>indigemus,</span> <span class='ocrx_word' id='word_1_297' title='bbox 1006 2512 1154 2562; x_wconf 90' lang='lat' dir='ltr'>Quare</span> <span class='ocrx_word' id='word_1_298' title='bbox 1176 2517 1220 2550; x_wconf 91' lang='lat' dir='ltr'>te</span> <span class='ocrx_word' id='word_1_299' title='bbox 1244 2525 1396 2551; x_wconf 90' lang='lat' dir='ltr'>omnes</span> <span class='ocrx_word' id='word_1_300' title='bbox 1429 2515 1599 2550; x_wconf 90' lang='lat' dir='ltr'>oratum</span> <span class='ocrx_word' id='word_1_301' title='bbox 1622 2511 1744 2548; x_wconf 90' lang='lat' dir='ltr'>volu-</span> 
     </span>
    </p>
   </div>
   <div class='ocr_carea' id='block_1_4' title="bbox 117 2582 1741 2634">
    <p class='ocr_par' dir='ltr' id='par_1_6' title="bbox 117 2582 1741 2634">
     <span class='ocr_line' id='line_1_34' title="bbox 117 2582 1741 2634; baseline -0.002 -12"><span class='ocrx_word' id='word_1_302' title='bbox 117 2597 211 2622; x_wconf 91' lang='lat' dir='ltr'>mus</span> <span class='ocrx_word' id='word_1_303' title='bbox 234 2589 279 2622; x_wconf 90' lang='lat' dir='ltr'>et</span> <span class='ocrx_word' id='word_1_304' title='bbox 300 2585 599 2632; x_wconf 90' lang='lat' dir='ltr'>obsecramus,</span> <span class='ocrx_word' id='word_1_305' title='bbox 618 2589 666 2622; x_wconf 91' lang='lat' dir='ltr'>vt</span> <span class='ocrx_word' id='word_1_306' title='bbox 686 2596 772 2622; x_wconf 91' lang='lat' dir='ltr'>non</span> <span class='ocrx_word' id='word_1_307' title='bbox 791 2582 966 2621; x_wconf 89' lang='lat' dir='ltr'>desinas</span> <span class='ocrx_word' id='word_1_308' title='bbox 987 2587 1077 2621; x_wconf 89' lang='lat' dir='ltr'>turn</span> <span class='ocrx_word' id='word_1_309' title='bbox 1099 2596 1177 2634; x_wconf 89' lang='lat' dir='ltr'>pro</span> <span class='ocrx_word' id='word_1_310' title='bbox 1195 2583 1322 2621; x_wconf 91' lang='lat' dir='ltr'>nobis</span> <span class='ocrx_word' id='word_1_311' title='bbox 1340 2595 1481 2630; x_wconf 90' lang='lat' dir='ltr'>orare,</span> <span class='ocrx_word' id='word_1_312' title='bbox 1501 2588 1591 2620; x_wconf 91' lang='lat' dir='ltr'>turn</span> <span class='ocrx_word' id='word_1_313' title='bbox 1611 2582 1741 2619; x_wconf 90' lang='lat' dir='ltr'>etiarn</span> 
     </span>
    </p>
   </div>
   <div class='ocr_carea' id='block_1_5' title="bbox 128 2741 758 2788">
    <p class='ocr_par' dir='ltr' id='par_1_7' title="bbox 128 2741 758 2788">
     <span class='ocr_line' id='line_1_35' title="bbox 128 2741 758 2788; baseline -0.005 -9"><span class='ocrx_word' id='word_1_314' title='bbox 128 2743 134 2747; x_wconf 82' lang='grc'><em>’</em></span> <span class='ocrx_word' id='word_1_315' title='bbox 163 2741 182 2760; x_wconf 82' lang='lat' dir='ltr'>a</span> <span class='ocrx_word' id='word_1_316' title='bbox 233 2741 324 2788; x_wconf 82' lang='lat' dir='ltr'>Seq.</span> <span class='ocrx_word' id='word_1_317' title='bbox 347 2742 430 2778; x_wconf 83' lang='lat' dir='ltr'>del.</span> <span class='ocrx_word' id='word_1_318' title='bbox 460 2742 758 2788; x_wconf 85' lang='lat' dir='ltr'>praesagirent.</span> 
     </span>
    </p>
   </div>
   <div class='ocr_carea' id='block_1_6' title="bbox 166 2891 635 2929">
    <p class='ocr_par' dir='ltr' id='par_1_8' title="bbox 166 2891 635 2929">
     <span class='ocr_line' id='line_1_36' title="bbox 166 2891 635 2929; baseline -0.002 0"><span class='ocrx_word' id='word_1_319' title='bbox 166 2893 174 2911; x_wconf 89' lang='lat'>¹</span> <span class='ocrx_word' id='word_1_320' title='bbox 229 2891 404 2929; x_wconf 84' lang='lat' dir='ltr'>Carolus</span> <span class='ocrx_word' id='word_1_321' title='bbox 423 2892 472 2928; x_wconf 88' lang='lat' dir='ltr'>de</span> <span class='ocrx_word' id='word_1_322' title='bbox 491 2891 635 2929; x_wconf 84' lang='lat' dir='ltr'>Guisa.</span> 
     </span>
    </p>
   </div>
   <div class='ocr_carea' id='block_1_7' title="bbox 164 2951 914 3059">
    <p class='ocr_par' dir='ltr' id='par_1_9' title="bbox 164 2951 914 3059">
     <span class='ocr_line' id='line_1_37' title="bbox 165 2951 914 2998; baseline 0.001 -11"><span class='ocrx_word' id='word_1_323' title='bbox 165 2951 177 2970; x_wconf 81' lang='lat'><strong>²</strong></span> <span class='ocrx_word' id='word_1_324' title='bbox 228 2951 323 2988; x_wconf 91' lang='lat' dir='ltr'>Vid.</span> <span class='ocrx_word' id='word_1_325' title='bbox 345 2951 483 2998; x_wconf 84' lang='lat' dir='ltr'>Epist.</span> <span class='ocrx_word' id='word_1_326' title='bbox 505 2951 598 2988; x_wconf 89' lang='lat' dir='ltr'>PP.</span> <span class='ocrx_word' id='word_1_327' title='bbox 620 2951 812 2997; x_wconf 77' lang='grc' dir='ltr'>Βνοέί...,</span> <span class='ocrx_word' id='word_1_328' title='bbox 832 2951 914 2989; x_wconf 84' lang='grc'>246.</span> 
     </span>
     <span class='ocr_line' id='line_1_38' title="bbox 164 3010 726 3059; baseline -0.005 -10"><span class='ocrx_word' id='word_1_329' title='bbox 164 3011 180 3031; x_wconf 71' lang='lat'><strong>⁸</strong></span> <span class='ocrx_word' id='word_1_330' title='bbox 229 3010 473 3049; x_wconf 87' lang='lat' dir='ltr'>Eustachius</span> <span class='ocrx_word' id='word_1_331' title='bbox 491 3012 544 3048; x_wconf 94' lang='lat' dir='ltr'>du</span> <span class='ocrx_word' id='word_1_332' title='bbox 563 3011 726 3059; x_wconf 85' lang='lat' dir='ltr'>Bellay.</span> 
     </span>
    </p>
   </div>
  </div>
 </body>
</html>
