1908 3446
271 231 340 268 434
737 231 955 269 LITTERAE
981 232 1335 276 QUADRIMESTRES

224 331 272 370 in
294 333 369 372 Χ.Ο
391 333 445 371 Ρ.
461 341 500 379 r,
526 333 659 383 liquit
682 335 740 371 ad
761 346 812 372 ea
835 346 947 383 quae
967 331 1207 371 scribenda
1227 334 1348 379 sunt,
1370 331 1575 371 animmn
1599 333 1840 384 applicare,

224 403 437 452 quamuis
471 417 522 442 ειι
558 403 781 442 eiusmodi
809 403 914 450 sint,
948 416 1061 453 qnae
1094 401 1140 440 in
1171 404 1437 442 enarrando
1468 404 1645 442 nullam
1674 405 1860 454 possint,

225 472 405 524 afferre
427 473 696 513 molestiam.
724 474 821 513 Iam
843 474 961 513 enim
981 475 999 492 ἃ
1020 474 1135 511 bona
1166 485 1221 511 ex
1249 478 1372 524 parte
1404 475 1496 512 aliis
1526 487 1550 512 a
1580 488 1648 513 me
1680 475 1844 526 scriptis

222 544 358 582 literis
381 544 537 583 tradita
561 551 673 592 sunt,
697 546 717 570 b
739 548 778 584 et
801 546 834 583 si
856 544 957 595 quid
980 551 996 569 ’ἓ
1017 545 1121 582 noui
1142 545 1340 595 proxime
1373 546 1521 596 elapso
1545 546 1845 596 quadrimestri
1896 583 1905 602 s

223 615 396 663 accidit,
428 616 471 654 id
502 621 643 654 totum
675 630 840 654 summa
872 616 1092 653 breuitate
1125 615 1226 655 licet
1258 617 1503 667 explicabo.
1528 617 1625 655 Fuit
1646 618 1731 656 hoc
1751 631 1843 658 nos-

222 693 335 725 trum
353 688 588 739 collegium
608 701 662 725 ex
682 689 809 726 solita
826 689 938 725 aeris
956 687 1251 735 inclementia,
1271 701 1383 738 quae
1405 689 1677 726 lauretanum
1699 702 1843 740 agrum
1884 683 1886 686 ⁵

223 759 337 797 solet
366 759 583 797 interdurn
615 759 794 797 aestiuis
826 759 1097 809 temporibus
1125 758 1349 806 infestare,
1382 759 1569 797 aduersa
1598 760 1844 800 valetudine

223 830 533 879 aliquantulum
570 829 854 881 exagitatum.
893 829 1051 867 Attulit
1087 842 1139 867 ea
1173 842 1242 868 res
1282 843 1369 868 non
1410 831 1549 868 solum
1584 831 1636 879 ijs
1667 831 1739 881 qui
1771 845 1843 882 pro
1894 829 1903 850 '¹

222 901 383 939 Christi
417 913 565 939 amore
589 899 748 950 aliquid
770 901 885 951 passi
907 906 1020 946 sunt,
1046 901 1226 938 multum
1249 901 1462 948 vtilitatis,
1487 901 1566 939 sed
1590 902 1719 939 etiam
1742 903 1843 942 reci·
1899 920 1902 922 ’

221 971 477 1010 netensibus
498 971 679 1022 aliisque
698 972 850 1010 vicinis
867 970 1036 1022 populis
1058 971 1262 1022 ingentes
1285 973 1482 1010 cumulos
1501 972 1731 1024 spiritualis
1749 986 1844 1012 con·
1887 979 1902 1008 .’

221 1042 462 1082 solationis.
488 1044 598 1082 Nam
621 1043 692 1082 diu
716 1049 865 1095 optata
885 1048 1133 1082 nostrorum
1162 1043 1385 1094 presentia
1414 1050 1457 1082 et
1488 1050 1638 1083 sancta
1668 1057 1843 1084 conuer-

222 1115 392 1153 satione
410 1128 462 1153 eo
480 1115 647 1153 facilius
664 1115 746 1153 frui
762 1119 1015 1166 potueruut.
1041 1114 1197 1164 Neque
1214 1116 1388 1153 interim
1410 1116 1452 1153 in
1469 1116 1555 1154 hoc
1576 1116 1842 1155 sanctissimo

1874 606 1879 648 l

1874 655 1878 674 l

1873 679 1879 758 ,Ξ

1872 762 1878 821 l

1869 924 1877 1159 i

222 1187 385 1237 templo
409 1187 638 1237 quicquam
662 1192 728 1224 est
750 1187 1095 1237 pretermissum,
1120 1186 1238 1237 quod
1259 1192 1507 1225 nostrarum
1537 1187 1722 1238 partium
1752 1199 1843 1226 esse
1886 1212 1888 1214 -

221 1257 461 1297 videretur.
499 1258 683 1308 Semper
720 1258 833 1296 enim
868 1258 1030 1309 optima
1064 1271 1163 1308 pars
1199 1258 1479 1296 sacerdotum
1513 1258 1567 1296 ad
1596 1259 1843 1310 peregrino·
1881 1280 1899 1296 ι.

221 1342 314 1367 rum
336 1328 356 1354 d
383 1330 731 1367 consolationem
761 1334 911 1380 presto
947 1329 1042 1367 fuit.
1079 1329 1164 1379 Qui
1199 1335 1345 1368 autem
1382 1330 1579 1368 Recineti
1611 1329 1841 1381 degebant,

219 1400 403 1451 publicis
426 1400 701 1439 contionibus
725 1405 769 1437 et
789 1400 969 1450 priuatis
990 1400 1372 1439 adhortationibus
1393 1400 1574 1452 aliisque
1604 1401 1742 1440 solitis
1762 1402 1843 1452 pie·
1874 1404 1878 1430 ἶ

221 1472 321 1510 tatis
353 1473 574 1510 exercitiis
605 1474 787 1510 multum
817 1473 859 1510 in
891 1473 1078 1510 Domino
1110 1473 1410 1523 profecerunt.
1441 1473 1592 1524 Itaque
1621 1478 1707 1511 tam
1728 1473 1756 1523 ij
1778 1473 1844 1525 qui
1861 1450 1875 1559 ,ι

220 1543 410 1590 Laureti,
429 1555 553 1593 quam
572 1543 642 1593 qui
666 1544 865 1582 Recineti
887 1548 1102 1582 aestatem
1124 1549 1448 1595 transegerunt,
1467 1557 1555 1583 non
1573 1545 1665 1583 sine
1682 1544 1844 1596 ingenti

218 1614 516 1665 proximorum
546 1614 854 1653 aedificatione
884 1615 986 1653 laeti
1024 1621 1067 1654 et
1103 1616 1272 1654 alacres
1308 1615 1494 1654 Domino
1528 1562 1871 1670 deseruierunt.i

220 1685 371 1736 Neque
392 1685 464 1724 his
485 1687 695 1725 contenta
717 1686 927 1725 charitas
949 1686 1002 1724 ad
1024 1687 1168 1725 vicina
1189 1693 1208 1714 e
1231 1688 1390 1739 oppida
1410 1688 1574 1738 aliquot
1606 1700 1660 1726 ex
1690 1686 1844 1726 nostris
1865 1670 1871 1756 ξ

222 1757 420 1795 Patribus
437 1758 507 1807 qui
524 1759 830 1808 prouectiores
852 1758 894 1796 in
917 1758 1055 1796 literis
1074 1764 1118 1797 et
1141 1759 1295 1810 spiritu
1312 1758 1589 1807 videbantur,
1619 1759 1631 1784 f
1650 1759 1713 1797 ire
1735 1771 1843 1798 com-
1866 1757 1869 1764 ”

219 1829 341 1878 pulit.
366 1828 483 1866 Missi
505 1833 605 1866 sunt
626 1828 772 1879 itaque
794 1828 1076 1877 Maceratam,
1100 1829 1173 1880 qui
1195 1830 1360 1868 crebris
1383 1830 1661 1868 contionibus
1685 1833 1728 1868 et
1749 1842 1842 1869 con-

219 1898 483 1937 fessionibus
517 1900 723 1950 populum
759 1900 881 1937 illum
911 1901 1038 1939 nobis
1069 1902 1213 1939 multis
1244 1901 1485 1946 rationibus
1515 1901 1765 1939 deuinctum
1793 1899 1843 1939 ad

218 1969 427 2022 pietatem
457 1970 664 2021 vitaeque
696 1971 1025 2010 sanctimoniam
1057 1973 1314 2011 animarent.
1348 1973 1446 2011 Hoc
1476 1972 1616 2022 ipsum
1648 1972 1776 2010 etiam
1803 1971 1842 2010 in

221 2041 544 2081 Castroficardo
583 2047 627 2079 et
661 2042 703 2079 in
738 2042 888 2080 Monte
924 2043 1085 2082 Sancto
1124 2043 1334 2082 effectum
1373 2048 1439 2082 est
1469 2056 1627 2094 magno
1660 2042 1841 2082 omnium

219 2114 426 2165 applausu
463 2118 506 2151 et
542 2113 862 2161 consolatione,
901 2114 974 2152 vbi
1014 2115 1145 2153 etiam
1187 2114 1580 2154 sanctimonialium
1616 2115 1841 2166 collegium

220 2184 426 2225 coelestis
458 2185 573 2223 vitae
605 2185 780 2223 monitis
812 2191 855 2223 et
887 2187 1124 2225 collatione
1156 2192 1528 2226 sacramentorum
1559 2188 1841 2225 vehementer

218 2257 260 2295 in
279 2257 464 2295 Domino
484 2256 793 2295 confirmarunt
811 2257 1163 2309 exilararuntque
1185 2265 1221 2297 g.
1240 2259 1288 2296 In
1304 2257 1398 2296 aliis
1415 2264 1561 2297 autern
1578 2258 1701 2306 locis,
1719 2270 1840 2309 quan-

219 2333 309 2366 tum
340 2327 548 2378 proximis
577 2328 713 2365 nostri
744 2327 987 2377 profuerint
1018 2329 1136 2367 solus
1166 2330 1291 2369 nouit
1320 2328 1570 2368 altissimus.
1604 2329 1699 2367 Scis
1720 2333 1765 2366 tu
1785 2333 1840 2366 ta-

219 2411 333 2447 men,
358 2400 405 2437 R.
428 2398 471 2436 in
491 2399 566 2436 X.O
588 2399 653 2445 R,
677 2403 885 2449 quantum
907 2400 1076 2450 gratiae
1098 2406 1396 2451 quantumque
1418 2400 1652 2452 spiritualis
1683 2389 1854 2437 fauori&

264 2546 284 2566 a
332 2546 530 2594 quamuis.
586 2548 649 2572 —b
670 2560 775 2594 quae
795 2548 874 2584 iam
894 2549 1107 2586 scribenda
1128 2555 1277 2587 essent.
1342 2570 1364 2574 -=
1390 2556 1408 2575 0
1428 2555 1577 2586 tamen.
1647 2547 1715 2575 —d
1733 2547 1839 2596 spiri·
1861 2573 1866 2579 ·

218 2607 385 2643 tualem.
450 2614 515 2632 -θ
537 2607 672 2643 etiam.
738 2608 797 2632 —f
835 2608 1023 2646 charitas.
1092 2617 1161 2635 -σ
1182 2609 1435 2655 Perfectum
1463 2621 1490 2646 ιι
1518 2609 1613 2646 Pol.
1647 2620 1696 2647 ex
1726 2608 1839 2646 exila-

218 2670 407 2712 runtque.

216 2915 406 2962 scriptam
442 2927 531 2952 esse
561 2920 649 2962 post
681 2915 770 2954 Cal.
801 2916 1069 2964 Septembris*
1088 2917 1193 2955 1559.
1229 2918 1303 2955 Est
1338 2918 1462 2955 etiam
1496 2918 1773 2965 apographum
1801 2906 1851 2953 Μ

216 2976 301 3012 eod.
337 2974 557 3012 coloniensi
591 2974 672 3020 723,
707 2974 754 3020 ΙΙ,
792 2975 816 3012 f.
853 2976 912 3021 65,
948 2978 1054 3024 quod
1084 2978 1126 3015 in
1155 2978 1234 3015 fine
1265 2977 1403 3015 habet:
1437 2977 1632 3014 Calendis
1662 2976 1849 3024 Septem-

216 3034 299 3072 bris
319 3033 423 3072 1559.
