1908 3446
485 222 787 261 297.-O<:AN1A
811 223 835 261 8
860 223 1123 262 SEPTEMssms
1154 225 1241 262 1559
1563 226 1632 262 333

7 326 8 360 ἓ
55 340 133 379 que
153 328 215 366 est
237 325 314 376 qui
335 325 490 376 aliquo
521 327 679 366 morbo
702 329 988 377 torqueat-afr,
1022 327 1173 366 cuncti
1190 329 1338 379 grata
1364 327 1679 380 perfruuntur

53 398 258 438 sanitate.
280 398 389 436 Tres
419 399 578 437 fratres
610 411 766 450 magna
787 398 1013 450 diligentia
1043 400 1368 450 grammaticam
1400 401 1678 451 profitentur3

52 470 280 521 proficiunt
302 469 553 507 scholastici
572 470 590 488 ἰι
612 470 764 507 mirum
787 470 829 507 in
852 470 1044 517 modum,
1069 471 1370 522 maximosque
1392 471 1588 521 quotidie
1613 485 1678 510 ca-

51 543 169 593 piunt
192 553 245 578 ex
276 542 434 579 litteris
455 541 639 588 fructus3
673 555 841 580 summo
875 542 1005 580 etiam
1027 555 1177 581 amore
1199 548 1494 594 prosequntur
1524 545 1678 595 magis-

52 619 156 652 tros:
179 612 371 662 ideoque
394 612 657 650 lectionibus
689 613 917 651 audiendis
938 614 1226 652 libentissime
1249 615 1480 661 intersunt;
1507 628 1560 653 ex
1590 617 1679 667 qui-

52 686 129 723 bus
149 682 321 735 quidam
342 684 425 721 iam
456 683 510 721 ad
531 684 636 722 alias
671 685 877 723 scientias
909 686 1203 736 capessendas
1227 687 1472 734 euolarunt‚
1497 688 1568 738 qui
1598 689 1679 738 pri-

8 759 9 762 ’
51 769 117 795 ma
136 754 351 805 tyrocinia
371 757 679 806 grammatices
702 769 755 795 eo
779 763 979 808 tempore
1000 757 1218 806 fecerunt,
1239 771 1324 808 quo
1353 760 1491 797 nostri
1513 759 1679 810 profes-

51 839 171 866 sores
203 826 350 865 exorsi
382 832 481 864 sunt
511 828 840 879 grammaticam
869 828 1050 877 docere,
1085 843 1183 869 cum
1219 830 1411 869 nondum
1442 832 1679 882 praeterie-

50 898 130 936 rint
152 897 237 936 duo
269 900 383 938 anni.
409 898 540 947 Quod
563 913 660 938 cum
684 903 892 951 apertum
926 906 1164 950 notumque
1192 907 1300 941 esset
1320 902 1340 927 ¹³
1363 901 1531 941 ciuibus
1552 902 1680 951 hujus

51 973 208 1025 oppidi,
240 972 375 1010 multa
395 972 683 1011 admiratione
706 972 821 1023 capti
841 980 872 1020 0,
907 973 1226 1011 eruditissimos
1248 978 1291 1012 et
1322 973 1680 1025 diligentissimos

47 1050 221 1084 nostrae
243 1044 479 1083 Societatis
509 1045 784 1083 institutores
806 1058 892 1083 uno
917 1058 993 1083 ore
1023 1045 1216 1084 fatentur
1246 1049 1289 1083 et
1311 1044 1528 1093 dictitant3
1551 1046 1680 1084 hanc-

49 1129 131 1169 que
153 1129 327 1155 causam
349 1116 411 1166 (vt
441 1115 623 1167 opinor)
654 1115 788 1155 credo
810 1117 1090 1168 praecipuam
1121 1118 1256 1156 fuisse
1278 1130 1363 1169 qua
1385 1117 1578 1156 conmoti
1608 1130 1679 1168 pa-

50 1194 137 1228 tres
158 1188 394 1241 conscripti
414 1188 543 1238 hujus
566 1188 784 1239 municipij
809 1189 1106 1228 decreuerunt
1137 1189 1316 1241 singulis
1338 1188 1460 1228 annis
1482 1189 1679 1228 Societa-

50 1261 79 1298 ti
118 1260 310 1299 tribuere
352 1259 506 1311 viginti
542 1260 673 1299 millia
708 1260 1035 1311 dipondiorum.
1080 1261 1295 1299 Dixerunt
1333 1274 1380 1300 se
1416 1261 1532 1300 velle
1569 1261 1680 1300 hanc

51 1331 348 1381 elemosynam
380 1331 570 1383 collegio
593 1331 756 1379 facere,
794 1344 849 1370 ne
890 1336 1111 1370 tantorum
1133 1333 1466 1380 beneficiorum,
1503 1345 1616 1383 quae
1637 1333 1679 1371 in

49 1401 139 1441 dies
159 1403 448 1454 accipiebant,
482 1403 762 1442 immemores
795 1409 839 1441 et
870 1404 1027 1455 ingrati
1061 1416 1160 1442 esse
1192 1404 1467 1452 viderentur3
1498 1405 1679 1455 pariter-

49 1486 131 1525 que
152 1474 412 1513 addiderunt
444 1486 491 1512 se
525 1487 611 1512 non
644 1486 697 1512 eo
733 1474 878 1513 animo
914 1475 1026 1513 hanc
1049 1475 1252 1527 exiguam
1276 1476 1576 1526 elemosynam
1598 1477 1680 1515 lar-

49 1544 141 1596 giri,
164 1550 224 1589 vt.
256 1558 307 1584 ea
338 1544 512 1583 tributa,
543 1547 582 1584 et
613 1547 810 1596 accepta,
848 1547 1010 1585 nostris
1032 1547 1255 1586 laboribus
1273 1547 1545 1586 satisfactum
1578 1560 1677 1587 esse

49 1618 372 1664 arbitrarentur,
405 1617 561 1667 quibus
598 1617 902 1656 existimarent
936 1631 1086 1668 parem
1121 1619 1306 1669 gratiam
1335 1632 1424 1658 non
1451 1632 1583 1670 posse
1614 1632 1679 1657 re-

47 1688 189 1740 pendi3
212 1687 290 1727 sed
312 1694 358 1726 vt
376 1689 581 1739 expensis
604 1689 780 1740 collegij
805 1689 892 1728 hac
912 1690 1074 1729 saltem
1086 1692 1242 1740 parua
1273 1691 1525 1741 elemosyna
1547 1691 1678 1729 sube-

47 1760 185 1798 nirent
207 1760 242 1807 ἃς
265 1772 449 1811 quorum
470 1764 542 1798 tan
560 1760 747 1798 honesta
770 1760 970 1799 oratione
992 1768 1242 1812 perspecta,
1268 1763 1422 1801 Patres
1444 1763 1636 1800 libenter
1658 1770 1675 1787 θ

50 1837 326 1882 acceperunt.

100 1913 140 1940 2.
205 1903 282 1941 His
305 1903 436 1942 etiam
458 1903 586 1951 adde,
613 1905 742 1942 Pater
764 1904 911 1942 multa
935 1903 1256 1943 obseruatione
1279 1904 1473 1951 colende,
1509 1905 1679 1942 contio-

49 1985 125 2011 nes
154 1974 357 2024 plurimas
386 1974 607 2025 frequenti
638 1980 772 2014 coetu
802 1975 1024 2013 hominum
1047 1988 1134 2013 non
1164 1976 1256 2014 sine
1291 1976 1512 2013 vberrimo
1537 1975 1679 2014 fructu

49 2045 196 2083 haberi
225 2045 248 2090 ἲς
279 2046 402 2084 multi
434 2046 547 2085 enim
582 2046 800 2086 naefanda
830 2047 1000 2085 scelera
1033 2052 1313 2095 execrantur,
1346 2048 1503 2098 quibus
1536 2048 1636 2085 olim
1659 2055 1681 2079 Ξ

51 2118 176 2155 melle
199 2121 320 2155 erant
342 2117 552 2157 dulciora.
579 2119 817 2157 Praeterea
839 2118 1144 2157 confessiones
1175 2124 1242 2157 tot
1270 2118 1516 2157 audiendae
1539 2119 1679 2168 quoti-

52 2186 118 2226 die
152 2201 199 2227 se
222 2189 428 2236 offerunt,
452 2195 558 2240 quot
591 2190 752 2228 vtinam
774 2191 793 2214 ¹¹
818 2191 969 2228 Patres
999 2190 1239 2228 addessent
1269 2190 1341 2240 qui
1373 2202 1452 2228 eas
1482 2189 1633 2229 audire
1665 2191 1672 2214 ί

51 2265 238 2310 possent,
260 2260 338 2299 sed
358 2261 603 2300 incredibili
630 2261 908 2300 multitudine
930 2262 1065 2300 vincit
1089 2265 1133 2299 et
1155 2267 1333 2312 superat
1357 2262 1485 2313 copia
1507 2262 1679 2300 confes-

52 2330 216 2370 sionum
236 2344 479 2370 numerum
499 2331 510 2363 J'
535 2332 830 2371 sacerdotum.
853 2332 969 2382 Quid
991 2333 1146 2371 multa?
1162 2333 1327 2371 Tantus
1347 2338 1412 2371 est
1431 2345 1536 2371 sane
1558 2345 1680 2371 amor

51 2407 252 2453 tantaque
273 2402 455 2442 devotio
478 2416 562 2454 qua
584 2417 681 2442 cum
702 2404 801 2442 laici
823 2404 854 2450 ¹³,
878 2410 968 2442 tum
992 2404 1283 2442 ecclesiastici
1311 2410 1505 2443 nostram
1529 2403 1678 2443 Socie-

51 2477 182 2514 tatem
203 2481 510 2527 prosequntur,
534 2480 580 2513 vt
604 2487 756 2513 omnes
778 2475 1020 2525 (quantum
1042 2477 1166 2526 reor)
1187 2475 1241 2514 ad
1264 2488 1342 2514 sua
1373 2476 1555 2528 negotia
1579 2488 1680 2514 con-

96 2624 114 2644 a
159 2625 211 2662 In
232 2636 310 2663 ms.
333 2626 478 2662 littera
496 2625 521 2662 h
541 2629 601 2663 est
619 2629 756 2672 supra
771 2635 881 2662 vers.
904 2625 970 2650 -b
989 2624 1053 2662 sit.
1080 2632 1140 2651 —c
1172 2625 1288 2662 Verb.
1307 2625 1608 2670 emendatum,
1631 2637 1681 2663 ex

50 2695 129 2731 quo
148 2691 305 2732 anceps
325 2685 530 2723 redditur
545 2686 679 2729 lectio,
701 2695 809 2722 nam
837 2688 979 2731 posset
1009 2685 1143 2722 etiam
1163 2685 1244 2731 legi
1260 2685 1378 2732 rapti.
1433 2685 1500 2711 —d
1522 2685 1678 2722 Emen-

52 2743 138 2782 dat.
171 2756 221 2783 ex
249 2746 486 2784 suvenirent
516 2745 588 2790 (?).
656 2751 719 2770 -e
752 2744 857 2792 quod
887 2743 1127 2781 offerebant.
1201 2745 1252 2770 —f
1280 2745 1432 2782 Praec.
1467 2756 1506 2782 v.
1540 2751 1677 2790 supra

51 2814 156 2842 vers.
208 2813 276 2840 —g
300 2806 482 2844 Emend.
515 2816 566 2843 ex
595 2804 720 2842 ollim.
783 2805 848 2829 *h
875 2804 1024 2841 Praec.
1057 2804 1145 2842 duo
1170 2815 1239 2841 vv.
1272 2806 1320 2841 in
1348 2815 1426 2841 ms.
1461 2815 1488 2841 a
1524 2804 1663 2842 Polcm

53 2873 96 2900 co
113 2865 345 2902 emendata
365 2867 656 2911 reperiuntur.
678 2864 797 2911 Quid
813 2863 938 2910 prius
956 2865 1172 2910 scriptum
1181 2864 1334 2910 fuerit.
1352 2864 1487 2910 legere
1503 2875 1590 2901 non
1610 2869 1680 2910 po-

52 2923 230 2968 tuimus,·
255 2927 374 2972 quia,
407 2928 668 2971 consumpta
697 2925 861 2966 charta,
889 2923 1039 2971 aliqua
1057 2926 1299 2970 perierunt.
1354 2926 1410 2950 —i
1438 2924 1496 2961 eis
1515 2924 1678 2960 audien-

51 2982 108 3020 dis
140 2984 385 3023 satisfacere.
454 2985 506 3017 -J'
536 2985 784 3022 facultatem.
850 2984 915 3008 -k
960 2983 1108 3021 Praec.
1145 2995 1181 3021 v.
1215 2989 1351 3029 supra
1387 2995 1520 3026 vers:
1553 2985 1677 3030 prius

53 3042 162 3088 plebs
181 3044 238 3088 (?)
257 3044 383 3081 delet.
