1908 3446
22 3207 31 3446 QQ-
26 3161 28 3187 .-
25 3080 28 3147 —fi
25 3057 28 3064 .
23 2937 28 3044 ,ᾅᾼ

653 173 933 211 268.-ΡιΝΤιΑ
966 173 977 209 l
1004 172 1115 219 JUN11
1145 171 1234 208 1559
1638 170 1707 207 217

132 286 212 327 est,
236 280 328 317 sine
350 279 543 329 ipsorum
573 276 801 327 dispendio
839 277 974 315 choro
1011 275 1219 313 assident.
1253 276 1348 313 Nec
1382 275 1522 313 solum
1545 273 1586 312 in
1608 279 1755 311 nostra

132 351 318 391 ecclesia
340 354 383 387 et
405 350 500 398 alijs
522 350 715 389 diuinum
738 348 919 387 uerbum
938 346 1259 393 disseminatur,
1283 347 1363 384 sed
1385 347 1515 385 etiam
1538 346 1579 383 in
1596 344 1753 396 duplici

132 433 307 462 carcere
331 421 468 459 semel
489 420 531 459 in
553 421 831 460 hebdomada
867 421 1018 458 Patres
1053 419 1124 469 alij
1148 418 1310 456 docent
1331 431 1443 468 quae
1479 417 1533 455 ad
1563 417 1753 467 ipsorum

131 496 314 533 salutem
337 499 538 546 spectant
567 494 602 539 ἃς
639 493 712 531 ubi
739 506 826 531 non
848 504 1013 543 paucae
1036 496 1135 529 sunt
1158 490 1461 529 confessiones
1483 488 1753 533 vtilissimac,

133 573 176 605 et
196 567 368 617 inopiae
389 566 485 604 fere
509 570 733 603 extremae
756 564 990 602 multorum
1019 563 1289 600 subuenitur.
1314 563 1384 599 Pr.
1419 561 1533 598 enim
1564 561 1755 598 Francis-

131 652 204 678 cus
226 638 294 676 cui
316 638 593 688 imperatoris
615 640 929 674 testamentum
952 647 1082 673 curae
1107 640 1187 681 est,
1212 634 1448 672 multorum
1472 632 1654 671 consilio
1677 633 1758 671 tria

130 709 258 748 millia
278 712 455 747 numum
477 721 710 747 aureorum
732 708 996 759 pauperibus
1017 705 1243 757 impendit.

180 793 218 831 4.
280 782 520 819 Puerorum
561 792 736 830 quoque
777 779 1036 817 exercitium
1074 791 1162 816 non
1178 789 1328 828 parum
1360 775 1551 814 omnium
1591 777 1758 814 animos

129 852 290 899 allexit,
314 857 445 902 atque
467 851 509 889 in
531 863 611 889 nos
641 863 886 902 propensos
914 848 1103 888 reddidit
1125 850 1160 896 1);
1183 862 1281 887 nam
1304 847 1459 886 diebus
1480 848 1604 887 festis
1625 848 1759 886 frater

128 923 299 976 quidam
322 924 414 961 eius
436 923 498 961 rei
520 923 701 973 peritus,
727 924 902 960 Patrem
924 934 1021 960 cum
1053 922 1253 972 cymbalo
1286 924 1537 962 comittatur
1558 934 1636 972 per
1667 921 1759 959 uias

129 996 335 1047 publicas,
355 1007 604 1045 magnoque
620 994 900 1045 paruulorum
917 1006 1055 1045 grege
1075 999 1247 1042 coacto,
1268 994 1444 1033 domum
1460 997 1758 1038 reuertuntur3

129 1067 334 1116 finitaque
357 1066 581 1114 contione,
605 1065 778 1116 quando
811 1070 879 1103 est
908 1066 951 1103 in
985 1071 1136 1104 nostra
1166 1065 1369 1114 ecclesia,
1407 1065 1607 1104 doctrina
1629 1064 1760 1102 chris-

127 1138 242 1176 tiana
262 1138 315 1176 ab
335 1135 418 1175 illis
440 1136 811 1188 respondentibus
833 1140 1048 1183 cantatur3
1080 1136 1153 1175 ubi
1183 1141 1332 1175 autem
1354 1150 1462 1187 opus
1486 1141 1567 1183 est,
1592 1135 1759 1174 contio·

128 1215 281 1249 natore
315 1210 408 1260 ipso
443 1209 880 1259 interpraetationem
911 1209 1094 1246 breuem
1126 1213 1170 1246 et
1198 1209 1591 1260 interrogationem
1626 1207 1759 1245 admi-

129 1286 296 1328 scente3
318 1279 436 1332 quod
458 1293 561 1319 sane
582 1280 741 1318 adultis
764 1280 895 1319 etiam
917 1280 1124 1320 conducit
1145 1293 1233 1318 non
1252 1293 1419 1331 parum.
1439 1279 1639 1331 Denique
1663 1292 1760 1317 can-

128 1353 261 1391 tilena
282 1351 467 1402 quadam
489 1351 690 1390 rithmica
709 1351 752 1389 in
772 1351 947 1390 laudem
978 1352 1167 1403 Virginis
1197 1352 1270 1390 vel
1300 1352 1461 1390 Christi
1483 1352 1583 1390 Iesu
1603 1364 1761 1403 propo-

131 1424 224 1471 sita,
247 1436 331 1475 qua
351 1436 588 1474 puerorum
610 1422 743 1461 animi
779 1428 823 1461 et
857 1422 1104 1462 alliciuntur
1141 1428 1184 1461 et
1205 1424 1259 1462 ab
1283 1423 1518 1463 obscoenis
1539 1428 1759 1471 arcentur,

132 1495 312 1535 candida
332 1495 404 1533 illa
424 1507 477 1534 ac
496 1493 761 1533 laetabunda
782 1495 930 1534 contio
953 1494 1197 1534 dimittitur.

182 1576 218 1616 5.
277 1565 367 1606 Sed
394 1566 574 1605 iniurius
594 1565 772 1605 viderer
801 1566 1004 1616 profecto
1041 1566 1332 1605 confessionis
1354 1571 1629 1606 sacramento
1651 1567 1762 1605 fruc-

131 1644 198 1677 tus
233 1638 326 1676 eius
362 1643 609 1676 memoratu
640 1637 935 1689 dignissimos,
973 1637 1043 1688 qui
1075 1636 1189 1688 apud
1224 1650 1303 1676 nos
1324 1637 1447 1685 fiunt,
1470 1638 1759 1688 praeteriens.

131 1709 339 1761 Imprimis
374 1709 502 1757 scias,
539 1710 685 1757 Pater,
722 1709 931 1760 plurimos
970 1709 1056 1747 huc
1090 1721 1138 1747 se
1179 1708 1381 1747 conferre
1420 1708 1633 1760 quotidie,
1675 1722 1763 1748 non

133 1785 419 1833 expectantes
440 1781 581 1819 festos
603 1780 697 1819 dies
725 1787 756 1828 0,
780 1785 843 1828 vt,
867 1780 1108 1819 sceleribus
1130 1780 1354 1827 reuelatis,
1388 1779 1562 1818 diuinae
1584 1793 1762 1819 mensae

132 1852 360 1900 accedant3
382 1865 567 1903 quorum
602 1864 832 1891 numerum
866 1851 1035 1890 scilicet
1070 1852 1170 1890 hinc
1205 1852 1445 1890 coniectari
1474 1852 1593 1900 licet,
1617 1852 1761 1891 triduo

134 1923 423 1974 quatriduoue
462 1925 558 1975 plus
597 1924 865 1976 quingentae
904 1923 1119 1962 formulae
1153 1924 1219 1974 (vt
1254 1924 1348 1962 eius
1378 1922 1398 1949 ‘¹
1424 1924 1601 1962 nomine
1650 1926 1764 1975 vtar)

133 1997 386 2047 absumptae
409 2001 524 2035 sunt.
549 1996 673 2034 Multi
695 1995 826 2034 etiam
848 1996 922 2047 qui
941 2008 1020 2047 per
1041 1995 1199 2034 decem
1222 2001 1266 2033 et
1288 1995 1536 2046 complures
1558 2008 1694 2035 annos
1716 2009 1764 2035 se

134 2067 410 2106 confessione
430 2067 728 2118 priuauerant,
765 2068 852 2106 huc
886 2080 1066 2107 uenere.
1104 2066 1312 2105 Nonnulli
1347 2067 1478 2105 etiam
1499 2066 1761 2117 matrimonij

133 2137 233 2190 iugo
256 2138 447 2190 copulati
466 2139 741 2178 internecino
779 2139 881 2178 odio
917 2139 1197 2187 dissidentes,
1235 2139 1297 2178 sic
1331 2140 1373 2177 in
1395 2140 1676 2178 concordiam
1699 2152 1764 2178 re-

134 2209 245 2249 dacti
266 2216 365 2249 sunt
384 2223 463 2262 per
484 2210 702 2262 quendam
732 2211 972 2250 Societatis
1002 2213 1192 2259 Patrem,
1225 2217 1273 2250 vt
1303 2212 1558 2263 saepissime
1594 2212 1764 2251 confes-

135 2281 301 2320 sionem
337 2286 380 2320 et
416 2281 771 2321 communionem
805 2282 968 2321 iterare
1003 2283 1128 2321 simul
1168 2281 1506 2333 conspiciantur.
1540 2284 1650 2322 Sunt
1693 2284 1763 2334 alij

137 2352 234 2391 odio
266 2353 361 2403 plus
395 2366 523 2404 quam
558 2353 780 2392 vatiniano
816 2366 865 2392 se
900 2354 1090 2393 inuicem
1123 2360 1461 2405 persequentes,
1493 2355 1566 2406 qui
1587 2355 1764 2393 tandem

135 2423 357 2474 resipuere
393 2431 411 2450 e
447 2429 698 2463 nostrorum
736 2426 955 2476 precibus.
997 2424 1276 2476 [Sequmztnr
1318 2425 1439 2465 aliae
1472 2429 1765 2477 peccatorum

141 2495 487 2545 conversiones]
512 2495 610 2534 Nec
630 2496 767 2534 semel
789 2496 921 2535 etiam
943 2501 1017 2534 aut
1038 2496 1118 2544 bis,
1152 2496 1239 2534 duo
1275 2496 1415 2535 triaue
1437 2498 1569 2536 millia
1588 2501 1765 2537 numum

136 2578 365 2606 aureorum
388 2573 541 2607 contra
561 2567 627 2606 ius
649 2567 831 2606 detenta
865 2567 1038 2606 restitui
1067 2568 1185 2606 iussa
1216 2572 1330 2617 sunt,
1354 2581 1410 2607 ne
1431 2569 1546 2608 auris
1568 2582 1691 2608 sacra
1706 2570 1765 2608 fa-

137 2650 228 2676 mes
247 2637 408 2677 Christi
429 2651 605 2677 seruum
626 2640 668 2678 in
690 2643 853 2678 tartara
872 2639 1170 2690 protruderet.

186 2709 225 2747 6.
283 2710 594 2749 Hereticorum
619 2711 750 2750 etiam
771 2710 940 2749 iudices
960 2710 1216 2759 venerandi,
1235 2711 1391 2762 quibus
1412 2725 1499 2750 non
1520 2724 1671 2764 parum
1692 2697 1765 2751 ne-

181 2935 201 2955 a
253 2936 386 2974 Prius
405 2942 635 2985 expectant.
688 2938 754 2963 —b
774 2937 921 2975 redidit
940 2947 1020 2974 ms.
1075 2945 1138 2964 —0
1159 2938 1297 2976 Prius
1313 2938 1526 2976 solemnia.
1590 2939 1657 2964 -d
1679 2940 1765 2978 eius

137 2999 271 3041 supra
289 3006 402 3034 vers.
428 2995 564 3034 deleto
584 2996 716 3035 editus
731 3001 811 3043 pro
831 2996 996 3034 aeditui.
1052 3004 1117 3023 ——e
1138 2997 1326 3036 Emend.
1346 3008 1396 3036 ex
1414 2997 1609 3045 resipere.
