1908 3446
187 236 252 273 ⁴156
652 236 873 273 LITTERAE
901 236 1260 282 QUADRIMESTRES

144 338 249 387 dralj
275 339 561 377 concionatus
585 344 668 386 est,
691 339 876 377 Ioannes
897 340 915 357 ’ἀ
937 340 1221 386 Cuuillonius,
1248 340 1298 377 D.
1324 340 1530 378 Nicolaus
1548 340 1770 390 Lanoyus,

138 410 210 460 qui
234 414 276 447 et
301 409 478 448 latinum
502 422 750 448 sermonem
772 411 814 448 in
837 423 976 449 coena
1006 410 1181 448 Domini
1211 410 1265 448 ad
1296 411 1458 448 clerum
1490 411 1653 449 habuit.
1692 411 1769 450 His

137 482 282 532 itaque
315 481 505 519 confessi
538 487 636 520 sunt
667 495 817 520 comes
848 495 872 519 a
904 484 1036 528 Luna,
1071 482 1373 532 Hispaniarum
1404 482 1423 506 b
1451 483 1639 532 legatus,
1662 483 1766 521 item

740 554 744 571 ¹
781 565 877 590 cum
901 566 977 590 sua
998 553 1172 599 familia,
1198 558 1241 590 et
1264 553 1388 590 simul
1410 552 1569 590 familia
1589 553 1767 591 alterius

137 554 308 603 legatus
344 553 461 603 regis
492 553 704 603 gallorum

138 623 334 662 eiusdem
357 623 505 674 legati,
529 624 849 673 archiepiscopi
871 624 1039 661 scilicet
1071 622 1336 669 viennensis,
1369 623 1441 673 qui
1473 629 1516 661 et
1546 625 1639 674 ipse
1671 637 1767 662 cum

140 709 217 733 suo
251 696 424 746 collega
452 699 645 732 sanctam
676 695 1028 732 communionem
1057 694 1111 731 de
1134 696 1329 732 manibus
1352 701 1601 733 nostrorum
1624 708 1768 734 susce-

138 768 214 817 pit.
252 766 456 805 Confessi
489 771 587 803 sunt
620 770 662 803 et
693 764 849 814 ijsdem
880 765 1016 815 legati
1037 764 1196 803 ducum
1223 766 1488 813 Florentiae,
1526 767 1766 814 Ferrariae,

140 839 358 885 Mantuae,
393 837 580 875 ciuitatis
617 835 868 887 genuensis,
903 848 1052 873 comes
1083 836 1256 885 quidam
1287 837 1585 884 bononiensis,
1621 850 1769 876 comes

139 909 244 947 item
274 910 326 947 ab
356 907 613 947 Arenburch
635 907 662 954 2,
689 920 741 944 ex
764 907 958 945 inferiori
980 907 1229 955 Germania,
1254 907 1409 946 missus
1430 921 1454 946 a
1476 922 1554 947 suo
1576 908 1768 960 principe

142 995 248 1032 rege
280 978 600 1031 Hispaniarum:
632 991 741 1029 quos
769 986 784 1003 C
808 977 1087 1028 posteriores
1118 991 1214 1017 cum
1245 978 1436 1029 ipsorum
1467 979 1684 1018 nobilibus
1720 993 1770 1019 ac

140 1052 357 1099 ministris,
392 1052 502 1090 sicut
534 1055 576 1088 et
608 1050 700 1088 fere
737 1055 943 1088 coeteros
965 1062 1112 1089 omnes
1133 1050 1151 1075 <¹
1175 1051 1563 1090 communicarunt.
1589 1054 1769 1091 Praeter

140 1125 304 1162 uarium
326 1123 529 1168 fructum,
554 1121 633 1171 qui
652 1121 751 1159 hinc
772 1120 976 1171 prouenit
998 1129 1029 1168 e,
1054 1121 1241 1160 accessit
1263 1122 1380 1172 quod
1410 1122 1607 1174 plerique
1638 1122 1769 1162 admi-

140 1200 353 1242 rarentur,
376 1198 418 1233 et
436 1192 700 1232 admirantes
719 1193 1042 1240 edificarentur,
1062 1193 1179 1244 quod
1196 1195 1332 1243 nostrj
1351 1208 1428 1246 pro
1446 1196 1577 1233 tantis
1593 1200 1769 1248 tamque

139 1268 352 1307 diuturnis
374 1266 596 1305 laboribus
618 1265 720 1303 nihil
741 1277 920 1316 prorsus
947 1265 1214 1316 acciperent.
1244 1267 1290 1304 In
1320 1267 1608 1318 hospitalibus
1640 1274 1683 1306 et
1715 1268 1770 1306 ci—

138 1340 284 1377 uitatis
302 1344 346 1377 et
363 1339 612 1377 suburbano
630 1337 787 1375 fratres
804 1337 942 1386 nostrj
962 1337 1232 1375 consolando
1251 1350 1302 1376 ac
1319 1338 1593 1377 exhortando
1612 1352 1769 1390 aegros

141 1423 354 1450 exercere
385 1410 530 1448 solent
562 1422 696 1460 opera
727 1409 965 1456 charitatis3
997 1409 1114 1459 quod
1147 1422 1200 1448 eo
1232 1410 1416 1449 alacrius
1446 1411 1624 1459 faciunt,
1653 1412 1770 1462 quod

143 1484 273 1522 etiam
296 1496 320 1521 a
342 1484 472 1521 Patre
493 1480 750 1532 prouinciali
773 1494 824 1519 ea
845 1494 915 1519 res
937 1482 991 1519 sit
1012 1482 1261 1532 specialiter
1291 1483 1418 1521 nobis
1447 1484 1766 1523 commendata.

193 1567 231 1604 4.
293 1556 358 1593 De
381 1558 496 1592 statu
519 1553 766 1591 scholarum
788 1552 1129 1591 domesticarum
1150 1552 1254 1591 nihil
1275 1553 1318 1591 in
1345 1556 1689 1604 praesentiarum
1710 1555 1769 1593 di-

140 1639 249 1672 cam,
274 1624 493 1676 (liconiam
513 1623 661 1662 satius
681 1623 866 1662 uidetur
887 1623 935 1662 in
957 1623 1088 1662 aliud
1110 1626 1281 1675 tempus
1298 1624 1345 1663 id
1368 1624 1568 1675 rezjcere,
1589 1628 1769 1676 quando

138 1697 341 1737 scilicetf
368 1695 581 1734 industria
603 1700 647 1733 et
677 1695 911 1733 sedulitate
947 1695 1130 1733 istorum
1165 1707 1380 1734 nouorum
1415 1701 1767 1748 praeceptorum,

141 1770 195 1807 M.
216 1767 432 1817 Dominicj
452 1767 627 1818 Mengin
647 1772 691 1804 et
707 1766 891 1817 Georgij
910 1766 1065 1817 Crispij
1090 1767 1336 1818 diligentia,
1361 1767 1734 1819 excultafnerz‘nt
1749 1776 1771 1801 g

138 1841 179 1878 in
203 1839 385 1878 scientia
408 1845 452 1877 et
474 1839 636 1876 sanctis
658 1838 852 1876 moribus
873 1837 1048 1888 ingenia
1069 1844 1319 1877 nostrorum
1345 1851 1583 1889 puerorum
1606 1841 1640 1878 ¹¹.
1666 1842 1770 1880 Cer-

138 1918 183 1949 te
205 1913 318 1950 haec
348 1911 452 1949 satis
482 1910 706 1961 auspicata
740 1909 860 1948 initia
894 1911 1020 1948 nobis
1052 1911 1167 1948 clare
1197 1910 1456 1960 promittunt
1489 1924 1770 1962 progressum

140 1984 383 2023 meliorem.

195 2065 230 2104 5.
292 2054 547 2105 Priusquam
568 2054 699 2091 finem
721 2053 941 2091 scribendi
962 2053 1116 2092 faciam
1140 2055 1282 2092 obiter
1303 2055 1510 2093 narrabo
1534 2054 1643 2105 quid
1663 2068 1770 2094 non-

143 2128 258 2178 nullj
294 2140 345 2165 ex
379 2124 692 2164 sacerdotibus
726 2124 899 2163 nostris
929 2137 1031 2163 cum
1063 2124 1340 2175 imperai‘ore
1370 2139 1489 2165 nouo
1522 2125 1772 2165 Ferdz'nan-

140 2201 195 2237 do
218 2199 227 2223 i
255 2201 399 2249 nuper
420 2195 744 2236 tractauerint.
770 2195 813 2233 Is
835 2193 966 2234 ωιτη]
997 2195 1224 2235 statuisset
1245 2202 1392 2235 ternas
1414 2197 1641 2235 celebrare
1669 2209 1770 2235 exe-

140 2269 260 2321 quias
289 2275 489 2320 tempore
519 2267 796 2306 comitiorum
827 2270 1185 2317 augustanorum,
1218 2268 1377 2318 primas
1407 2267 1583 2319 quidem
1613 2268 1770 2307 Carolo

185 2425 204 2444 a
254 2425 291 2460 d.
321 2424 505 2460 Ioannes.
560 2423 625 2447 —b
659 2421 789 2468 Regis
817 2421 1122 2467 Hispaniarum.
1177 2429 1241 2447 —0
1277 2421 1434 2468 quibus.
1502 2423 1569 2447 -d
1602 2404 1785 2459 coeteris*

139 2485 323 2522 omnibus
359 2482 400 2519 S.
435 2481 720 2519 Eucharistiae
755 2486 1070 2523 sacramentum,
1136 2488 1201 2506 —e
1235 2482 1556 2527 prouenientem.
1615 2483 1674 2507 —f
1698 2483 1773 2519 nisi

138 2545 261 2592 quod.
325 2551 387 2576 —g
407 2542 720 2588 diligentissime
741 2541 964 2578 excolenda
989 2552 1092 2578 esse.
1147 2540 1212 2567 —1'1
1239 2553 1462 2588 speramus.
1518 2542 1573 2567 ——i
1606 2554 1772 2581 caesare

136 2609 272 2651 supra
292 2613 418 2644 vers..
440 2604 704 2648 priusquam
724 2605 864 2638 totum
879 2601 1109 2638 deleretur.
1164 2601 1219 2633 --J'
1248 2601 1377 2637 dicam
1393 2601 1497 2648 quod
1512 2614 1602 2638 cum
1617 2613 1770 2640 caesar.

187 2750 195 2768 ¹
251 2746 400 2794 Legati
427 2746 597 2782 Henrici
624 2745 673 2788 II,
703 2744 869 2782 Galliae
900 2744 1030 2790 regis,
1064 2745 1103 2780 in
1133 2744 1306 2781 comitiis
1337 2744 1577 2791 augustanis
1609 2744 1772 2782 fuerunt

138 2807 291 2845 Imbert
309 2806 359 2842 de
378 2806 418 2842 la
438 2804 632 2845 Platiere,
653 2804 838 2841 dominus
857 2804 905 2840 de
934 2803 1186 2847 Bourdi110n‚
1215 2808 1255 2840 et
1283 2802 1460 2841 Carolus
1486 2803 1535 2840 de
1567 2803 1769 2844 Marinae.

137 2866 466 2913 archiepiscopus
493 2864 728 2901 viennensis
755 2864 795 2900 in
822 2863 976 2908 Gallia,
1005 2868 1048 2899 ut
1074 2868 1244 2910 apparet
1272 2876 1321 2899 ex
1349 2863 1613 2900 instructione
1639 2863 1720 2900 illis
1750 2876 1772 2899 a

138 2939 237 2973 rege
252 2926 359 2963 data.
381 2937 501 2972 quam
517 2923 641 2960 edidit
658 2924 995 2966 R1131ER,Lettres
1010 2926 1049 2959 et
1065 2922 1292 2959 Memoires
1303 2922 1519 2967 d‘estat...,
1536 2922 1585 2966 ΙΙ,
1600 2922 1672 2960 785
1684 2935 1769 2970 sqq.

186 2986 199 3005 ²
246 2984 425 3031 Joannes
452 2983 501 3020 de
532 2982 682 3029 Ligne,
715 2994 851 3018 comes
881 2981 930 3018 de
963 2981 1197 3028 Arenberg.
1233 2980 1296 3019 Cf.
1327 2981 1597 3028 Biographie
1625 2982 1770 3019 Natio-

142 3045 288 3082 παῖε...
312 3043 367 3081 de
386 3042 608 3089 Belgisque.
628 3040 659 3084 Ι,
679 3040 750 3079 368
766 3053 852 3088 sqq.
