1908 3446
199 305 269 343 548
687 307 906 346 LITTERAE
932 308 1288 354 QUADRIMESTRES

154 412 317 445 metum
340 409 618 455 constitutus,
642 409 821 457 hortari,
855 424 1004 449 amore
1026 413 1163 463 magis
1195 425 1422 460 accensus,
1455 427 1582 465 quam
1604 428 1772 466 repres-

154 491 225 516 sus
248 485 381 526 metu,
407 493 492 517 non
515 492 614 517 esse
635 481 863 532 quicquam
885 483 1169 521 metuendum
1192 484 1246 522 de
1268 485 1436 523 ratione
1458 485 1640 533 itineris,
1663 487 1773 537 peri-

154 550 365 597 culorum,
398 558 416 575 a
437 551 561 588 famis
584 553 663 588 ant
684 564 827 590 rerum
848 555 1210 602 necessariarum,
1235 556 1377 593 omnia
1399 569 1445 594 se
1473 557 1598 594 nobis
1621 571 1774 608 suppe-

152 620 404 668 ditaturum3
427 623 612 661 hominis
636 635 733 661 esse
762 623 899 674 ignari
931 630 975 663 et
1006 626 1180 664 minime
1212 628 1388 666 Chrum.
1413 629 1595 666 amantis
1616 629 1669 666 ab
1699 629 1774 668 ho-

153 692 337 730 minibus
370 694 524 731 timere
563 694 766 732 deuorari
800 695 947 746 potius
981 709 1108 746 quam
1144 710 1168 735 a
1201 699 1392 748 piscibus
1426 705 1500 737 aut
1534 700 1771 748 vermibus,

153 764 269 802 Chri.
293 765 551 814 praesertim
582 778 747 813 amore3
773 766 1034 805 effecturum
1065 781 1111 806 se
1142 769 1255 819 apud
1286 782 1437 820 regem
1466 771 1698 820 pollicetur
1727 776 1775 809 vt

151 835 322 873 abunde
347 841 618 874 commeatus
640 837 846 874 librorum
879 843 922 875 et
944 839 1121 876 aliarum
1144 852 1288 878 rernm
1309 842 1654 880 necessariarum
1678 855 1774 893 sup-

150 908 436 957 peditaretur,
469 912 599 959 atque
631 909 830 947 daturum
863 923 1055 961 operam,
1079 916 1126 948 vt
1157 918 1314 963 rogatu
1342 913 1464 964 regio
1487 919 1561 951 aut
1584 912 1774 952 cardina-

150 979 200 1016 lis
221 978 333 1017 ill.mi
357 992 381 1017 a
399 980 607 1031 pontifice
630 994 796 1019 summo
821 981 1053 1020 duodecim
1073 996 1095 1021 e
1112 984 1288 1031 nostris,
1312 990 1386 1022 aut
1407 990 1622 1036 quotquot
1643 986 1774 1024 habe-

150 1050 184 1087 ri
205 1056 401 1100 possent,
431 1055 703 1101 peterentur:
737 1066 848 1103 quae
879 1065 949 1091 res
981 1055 1014 1092 si
1046 1060 1254 1094 euentum
1285 1057 1507 1104 sortiatur,
1533 1062 1577 1095 et
1597 1058 1774 1095 nomine

149 1121 272 1171 regio
295 1122 565 1169 conficiatur,
599 1136 798 1174 magnam
821 1125 873 1162 ad
896 1126 1131 1176 collegium
1164 1126 1421 1177 erigendum
1443 1128 1557 1166 viam
1579 1134 1773 1179 apertam

150 1204 247 1229 esse
287 1198 503 1242 putamus3
545 1194 609 1231 sin
649 1195 773 1232 aliter
814 1197 1004 1243 eueniat,
1043 1197 1322 1236 increbescet
1361 1204 1508 1237 tamen
1547 1200 1684 1250 magis
1723 1213 1775 1239 ac

150 1264 287 1314 magis
309 1264 545 1302 Societatis
566 1265 692 1304 fama.
728 1267 825 1305 Hoc
856 1268 1032 1306 nomine
1063 1268 1105 1305 in
1136 1269 1277 1307 aulam
1307 1271 1450 1317 rediit,
1483 1271 1537 1309 ad
1566 1284 1646 1309 nos
1672 1276 1773 1309 ante

147 1335 366 1385 paschatis
394 1336 509 1374 diem
540 1349 814 1376 reuersurus.
847 1339 1023 1377 Interea
1053 1340 1265 1379 adhortor
1295 1342 1531 1389 hominem,
1565 1348 1611 1380 vt
1639 1356 1774 1394 nego-

147 1407 253 1444 tium
273 1407 493 1445 foeliciter
515 1408 724 1446 succedat
742 1410 1040 1448 confitendum
1065 1423 1163 1449 esse
1196 1418 1241 1450 et
1272 1414 1696 1461 communicandum,
1720 1413 1774 1451 ad

147 1477 265 1528 quod
287 1491 333 1516 se
357 1479 418 1516 sic
438 1484 685 1529 promptum
709 1481 921 1529 exhibuit,
947 1488 993 1519 vt
1023 1483 1107 1520 iam
1139 1484 1277 1521 semel
1305 1496 1402 1521 cum
1433 1498 1519 1522 vno
1553 1497 1607 1522 ex
1639 1485 1772 1523 Patri-

146 1548 226 1585 bus
248 1549 409 1587 nostris
431 1550 485 1587 sit
508 1550 751 1598 confessus,
778 1556 821 1589 et
852 1564 949 1590 cum
979 1553 1184 1591 fratribus
1220 1554 1333 1605 apud
1364 1561 1561 1593 sanctum
1593 1556 1774 1594 Germa-

146 1632 247 1657 num
271 1620 615 1659 communicarit.
640 1622 686 1659 In
723 1622 956 1661 Amoerica
978 1624 1122 1662 locum
1149 1625 1284 1663 habet
1312 1625 1599 1664 ducentarum
1630 1627 1773 1665 leuca-

146 1702 239 1728 rum
261 1691 463 1742 amplum‚
489 1694 648 1731 multos
670 1693 869 1733 infideles
892 1695 1035 1734 adhuc
1065 1697 1146 1734 sibi
1169 1697 1427 1748 subiugatos
1449 1704 1493 1736 et
1524 1698 1771 1737 deuinctos.

147 1761 470 1802 Adolescentes
492 1763 732 1814 gallicanos
754 1766 838 1804 iam
859 1767 1051 1817 linguam
1073 1768 1187 1806 illam
1219 1769 1433 1807 callentes
1454 1770 1679 1820 plurimos,
1703 1772 1775 1821 qui

145 1833 187 1870 in
210 1834 529 1873 catechisandis
564 1835 743 1874 rudibus
779 1838 998 1887 commodj
1035 1839 1301 1890 interpretes
1337 1853 1437 1879 esse
1470 1846 1694 1892 poterunt,
1727 1848 1774 1880 vt

146 1905 421 1954 experientia
450 1906 590 1953 vnius,
623 1921 753 1957 quem
784 1921 933 1947 secum
964 1910 1153 1957 reduxit,
1189 1910 1434 1950 didicimus.
1472 1911 1620 1951 Naues
1649 1912 1773 1951 ador-

144 1981 299 2013 nantur
329 1977 371 2014 in
400 1983 529 2027 portu
551 1978 664 2028 apud
692 1978 941 2017 Normanos
969 1980 1087 2019 dicto
1120 1982 1159 2019 le
1184 1983 1326 2020 Hable
1349 1982 1404 2021 de
1429 1996 1575 2034 grace.
1601 1985 1774 2022 Nomen

143 2048 328 2086 hominis
366 2054 432 2086 est
467 2049 675 2087 Nicolaus
710 2051 1048 2101 Villeguagnon‚
1085 2052 1243 2091 nobilis
1278 2057 1321 2091 et
1357 2066 1494 2104 eques
1529 2054 1709 2093 rhodius
1745 2061 1770 2094 ¹.

145 2117 280 2157 Orate
302 2119 534 2158 Dominum
556 2120 725 2167 messis,
750 2126 797 2158 vt
818 2122 959 2160 mittat
984 2123 1208 2173 operarios
1234 2129 1260 2162 2.

198 2198 234 2237 5.
293 2190 362 2228 Ad
383 2190 641 2229 Lutetianos
662 2191 815 2239 redeo,
839 2206 1024 2243 quorum
1044 2194 1232 2244 plurimj,
1254 2207 1352 2233 cum
1375 2200 1661 2244 mercatores,
1681 2202 1772 2235 tum

189 2357 208 2376 a
259 2361 341 2394 aut.

191 2521 200 2540 ¹
253 2519 377 2556 Anno
405 2519 508 2564 1556,
536 2520 652 2566 galli.
686 2520 787 2557 duce
818 2520 988 2558 Nicolao
1018 2521 1067 2558 de
1095 2521 1391 2568 Villegagnon,
1425 2524 1538 2560 illam
1570 2523 1771 2563 Brasiliae

141 2585 313 2627 partem.
334 2593 438 2626 quae
459 2579 635 2616 Flumen
646 2579 833 2626 Januarii
852 2580 945 2625 (Rio
965 2581 1014 2618 de
1029 2581 1210 2628 janeiro)
1231 2582 1478 2629 circumstat,
1507 2591 1770 2631 occuparunt,

142 2639 248 2676 unde
267 2652 289 2675 a
309 2638 495 2676 lusitanis
513 2639 679 2676 ineunte
698 2652 804 2676 anno
822 2639 912 2676 1560
926 2640 1084 2687 expulsi
1101 2646 1206 2678 sunt.
1230 2641 1319 2678 Non
1338 2641 1499 2679 videtur
1518 2643 1615 2680 illuc
1634 2644 1773 2681 rediis-

142 2711 186 2736 se
206 2698 502 2745 Villegagnon3
522 2699 571 2735 de
590 2711 681 2746 quo.
704 2699 826 2736 etiam
846 2704 1060 2745 nostrates,
1094 2700 1164 2737 alii
1195 2701 1317 2738 aliter
1347 2708 1575 2748 senserunt;
1608 2704 1772 2750 quidam

142 2759 257 2795 illum
287 2758 489 2795 hominem
522 2759 772 2796 haereticum
804 2759 1096 2804 existimantes,
1130 2761 1200 2798 alii
1235 2761 1492 2799 catholicum.
1522 2761 1586 2800 Cf.
1620 2763 1775 2801 Laz'nz‘z'

145 2819 353 2858 Monam..
375 2818 425 2863 V,
441 2818 523 2864 3973
545 2818 887 2860 VASCONCELLOS.
913 2820 1122 2857 Chronica
1148 2820 1207 2857 da
1228 2822 1501 2867 Companhia
1520 2822 1573 2859 de
1595 2822 1697 2868 [esu
1716 2823 1771 2860 do

142 2878 307 2915 Estaclo
322 2878 377 2914 do
390 2878 553 2921 Βναείί,
570 2877 636 2915 lib.
655 2877 703 2922 ΙΙ,
721 2891 758 2915 n.
775 2878 821 2915 66
835 2879 942 2922 (ann.
965 2880 1080 2925 1559).
1096 2879 1204 2917 Vide
1219 2881 1341 2917 etiam
1358 2880 1772 2930 MORERI-MIRAVEL‚

144 2937 262 2975 Gran
294 2937 575 2975 Diccionario
609 2938 830 2982 historica·
862 2939 1074 2984 RICHARD,
1107 2939 1414 2978 Dict1‘onnaire
1447 2942 1668 2979 um'versel
1696 2943 1773 2980 des

141 2998 328 3034 sciences
346 2998 708 3044 eccldsz'astz'quex
724 2998 936 3036 Nouvelle
951 2998 1221 3046 Bz’ographz'e
1233 3000 1497 3046 generula...
1518 3001 1680 3048 publiee
1700 3002 1776 3049 par'

142 3055 247 3092 MM.
267 3057 423 3094 Firmin
441 3077 448 3082 -
467 3056 605 3094 Didot.

188 3116 201 3136 ²
253 3115 316 3154 Cf.
337 3116 526 3162 MATTH.‚
546 3116 620 3162 IX,
639 3116 698 3154 38.
