1908 3446
214 220 260 257 38
682 221 901 259 Ll'rraRAE
929 221 1286 266 QUADRIMESTRES

168 317 331 367 ngenio
359 325 375 342 ἢ
400 319 526 366 hujus
552 317 848 356 vniversitatis
886 318 1094 355 collocari
1129 317 1212 355 sint
1249 318 1381 368 digni.
1421 321 1551 369 Spem
1587 321 1798 358 habemus

169 400 319 426 eorum
339 388 379 426 in
402 389 672 427 Societatem
691 389 905 439 ingresus.
926 387 1142 426 Illulninet
1164 389 1335 427 illorum
1355 390 1488 427 corda
1505 391 1730 437 Dominus,
1753 398 1795 429 vt

169 459 414 510 intelligant
432 460 549 511 quod
567 462 680 498 bene
704 459 908 511 placitum
929 466 994 497 est
1014 460 1067 497 ei.
1092 461 1208 498 Intra
1225 466 1409 510 quatuor
1428 462 1508 499 lios
1530 474 1704 500 menses
1726 463 1796 500 ad-

168 529 287 568 missi
303 536 401 568 sunt
419 532 625 581 quinque,
640 544 823 581 quorum
842 531 928 568 duo
947 531 1095 568 laurea
1112 532 1473 570 bachalaureatus
1490 532 1682 584 insigniti
1701 540 1797 572 sunt

167 601 207 639 in
231 601 456 652 pontificio
477 602 592 651 jure;
617 608 661 640 et
696 604 849 641 horum
872 616 982 641 vnus
1004 604 1022 628 ¹³
1043 603 1273 654 presbiter,
1304 605 1376 654 qui
1406 617 1493 643 non
1528 605 1795 645 mediocrem

159 670 375 721 fructum
397 679 414 697 0
435 671 538 710 fecit
573 673 615 710 in
649 673 786 711 literis
820 673 978 720 latinisf,
1016 674 1284 723 caeterijuri
1320 675 1435 713 ciuili
1470 676 1794 723 incumbebant,

170 744 292 781 artes
313 749 415 781 ante
438 756 536 782 cnm
561 744 817 782 didicissent
840 745 873 783 d.
898 746 984 783 Det
1011 745 1093 783 illis
1115 746 1234 784 Deus
1252 746 1305 784 de
1329 746 1480 797 spiritu
1503 761 1597 795 suo,
1622 761 1676 786 ne
1700 762 1795 787 cum

167 827 339 853 manum
361 815 415 853 ad
437 821 626 854 aratrum
643 816 880 866 posuerint
901 825 934 864 e,
967 822 1085 855 retro
1118 816 1352 868 respiciant
1386 818 1408 855 ¹.
1446 819 1676 865 {Precibus
1711 822 1797 860 col-

167 885 520 937 legiztmjtivari
534 886 675 937 petii]

247 958 557 1006 Salmanticae,
582 960 715 998 tertio
746 959 846 998 Idus⁴
862 961 1067 1010 Januarii,
1092 973 1204 998 anno
1232 970 1331 1010 1559
1356 962 1379 999 f.
1405 962 1613 1012 Indignus
1634 964 1745 1002 filius

1386 1046 1578 1084 ΧΙΜΕΝΕΖ
1607 1048 1634 1085 ².

248 1124 354 1163 Alia
379 1138 567 1164 mmm...
594 1126 848 1165 Emendata.
874 1127 1059 1177 Copiata
1080 1140 1156 1177 per
1180 1132 1292 1166 tutte
1314 1129 1355 1166 le
1377 1129 1501 1179 parti.

927 1269 1040 1319 230

485 1385 542 1432 P.
596 1387 1124 1435 ALPHONSUS
1178 1389 1481 1438 ROMAN

567 1505 926 1532 CAESARAUGUSTA
959 1496 1001 1533 13
1026 1506 1222 1543 JANUARH
1253 1498 1342 1535 1559
1366 1500 1392 1536 ³.

164 1590 199 1628 l.
245 1588 490 1629 Sociorum,
529 1604 760 1635 numerus,
799 1594 1023 1639 valetudo,
1068 1594 1336 1634 domesticae
1375 1598 1734 1640 exercitationes.
1749 1625 1797 1628 ——

244 1654 329 1694 2-3.
357 1655 618 1696 Minz'steria
639 1670 756 1709 erga
778 1658 1030 1708 proximos.
1059 1659 1271 1699 Carceris
1298 1661 1516 1701 visitatio.
1548 1665 1687 1705 Faces
1716 1666 1797 1705 ini-

246 1724 330 1761 tae.
360 1722 714 1762 Contiones.—4.
743 1724 921 1763 Civizmi
944 1724 1136 1776 affectio
1159 1739 1275 1777 erga
1297 1726 1581 1769 Societatem„

222 1847 254 1874 1.
316 1838 343 1886 ἢ·
378 1837 458 1885 llis.
485 1838 585 1887 Muy
618 1837 725 1876 Rdo.
765 1839 835 1876 P.e
857 1851 951 1877 nro.
992 1851 1044 1877 en
1080 1839 1212 1879 Chro.
1237 1841 1390 1881 Gratia
1413 1848 1456 1881 et
1485 1857 1569 1895 pax
1592 1845 1709 1885 Chri.
1729 1848 1797 1898 Je-

164 1920 212 1945 su
237 1912 321 1946 etc.
346 1908 461 1947 Dare
485 1921 539 1947 en
562 1915 657 1948 esta
677 1922 701 1948 a
722 1910 771 1948 V.
800 1910 893 1948 Βᾶθι
909 1909 1030 1950 auiso
1054 1911 1124 1950 del
1146 1912 1278 1952 modo
1302 1913 1357 1952 de
1378 1916 1596 1966 proceder
1617 1923 1796 1957 nuestro

223 2061 288 2079 ..a
317 2053 542 2090 illustriora
561 2053 740 2100 ingenia.
806 2055 872 2080 —b
895 2060 956 2092 est
975 2064 1039 2082 -0
1071 2068 1346 2103 progressum.
1413 2060 1479 2085 —d
1506 2072 1596 2097 cum
1624 2061 1798 2108 philoso-

162 2112 300 2159 phiam
339 2118 435 2150 ante
462 2113 709 2150 didicissent.
762 2122 826 2140 „e
879 2115 1098 2152 misserint.
1153 2117 1210 2141 —f
1255 2115 1676 2158 Salmanticae—l559
1705 2123 1797 2159 alia

164 2183 305 2209 manu
324 2167 486 2211 addita
504 2177 620 2211 sunt.

213 2309 218 2327 ¹
274 2305 337 2344 Cf.
359 2306 478 2347 LUc..
500 2305 573 2352 IX,
592 2306 650 2344 62.

209 2366 221 2386 ²
273 2365 484 2413 Epistolae
503 2371 645 2403 auctor
662 2365 787 2404 fuisse
806 2369 967 2405 videtur
984 2368 1133 2406 Petrus
1158 2368 1359 2407 Ximenez
1385 2372 1504 2416 (alias
1530 2372 1721 2420 Ximeno)
1749 2389 1797 2412 ex

162 2427 262 2464 urbe
294 2426 472 2470 Naxera,
501 2426 710 2473 ingressus
736 2427 986 2465 Societatem
1005 2428 1299 2475 Salmanticae,
1320 2443 1460 2468 mense
1478 2431 1672 2479 Augusto
1692 2435 1795 2478 1554,

160 2492 205 2524 ut
231 2486 405 2523 habetur
432 2486 471 2523 iu
498 2487 585 2524 cod.
615 2485 930 2525 Salmanticen.
957 2490 992 2531 1,
1021 2488 1072 2525 ad
1097 2501 1192 2527 ann.
1224 2490 1327 2528 1554.
1353 2490 1398 2528 In
1423 2492 1612 2540 catalogo
1630 2495 1797 2543 collegii

161 2546 436 2584 vallisoletani
451 2546 633 2584 ineuntis
643 2546 829 2593 januarii
847 2547 938 2584 1565
954 2548 1057 2592 (cod.
1076 2549 1187 2586 Cast.
1202 2549 1268 2594 13,
1285 2562 1323 2587 n.
1341 2550 1413 2594 XI,
1431 2550 1457 2588 f.
1473 2551 1532 2598 34,
1546 2552 1682 2590 deleto
1700 2555 1794 2599 171).

160 2607 262 2644 haec
280 2606 471 2652 legimus:
494 2605 668 2643 «Lector
685 2607 734 2644 de
754 2606 1018 2645 Artes-Re
1037 2607 1169 2646 Pedro
1188 2607 1401 2648 Gimenez.
1422 2610 1489 2648 Ha
1508 2624 1586 2658 que
1604 2619 1720 2651 entro
1746 2628 1796 2651 en

161 2668 201 2702 la
217 2665 384 2713 Comp.a
405 2665 449 2702 10
466 2670 565 2702 afios
583 2679 607 2713 y
626 2665 649 2702 6
667 2679 800 2704 meses
820 2667 897 2712 [ita
921 2670 1018 2713 post
1045 2669 1368 2715 correctionem]
1399 2684 1425 2717 y
1455 2670 1479 2707 8
1506 2685 1532 2718 y
1558 2673 1691 2710 medio
1717 2687 1795 2721 que

173 2725 261 2762 hizo
279 2730 407 2763 uotos.
428 2724 485 2762 Es
503 2724 553 2763 de
572 2723 754 2772 Nagera,
775 2726 967 2774 obispado
985 2727 1034 2764 de
1055 2725 1274 2766 Calahora.
1295 2728 1431 2767 Antes
1448 2730 1498 2767 de
1517 2736 1657 2769 entrar
1676 2746 1726 2770 en
1756 2735 1796 2771 la

162 2785 330 2832 Comp.a
348 2797 419 2822 era
446 2785 676 2831 sumulista,
704 2799 730 2833 y
750 2785 924 2833 despues
951 2786 1000 2824 de
1027 2787 1196 2825 entrado
1223 2793 1300 2836 oyo
1327 2789 1367 2826 el
1393 2801 1510 2827 curso
1536 2790 1585 2827 de
1612 2790 1741 2830 Artes
1770 2808 1795 2842 y

159 2845 400 2892 Theologi'a.
422 2844 511 2882 Ase
529 2844 634 2882 dado
652 2846 692 2882 al
709 2845 855 2892 griego
874 2859 899 2893 y
917 2845 1083 2892 hebreo,
1103 2861 1128 2894 y
1147 2846 1245 2885 hase
1261 2848 1468 2886 ,ordenado
1482 2849 1532 2886 de
1550 2850 1664 2888 todas
1683 2853 1796 2891 orde-

159 2917 245 2950 nes,
266 2918 291 2952 y
309 2904 362 2941 ha
381 2904 488 2942 leido
507 2917 560 2942 vn
574 2917 692 2943 curso
710 2905 760 2942 de
780 2905 921 2948 Artes,
942 2919 967 2953 y
985 2905 1150 2953 predica
1168 2907 1342 2953 algunos
1368 2918 1591 2955 sermones;
1623 2924 1649 2957 y
1676 2923 1719 2949 es
1746 2913 1794 2950 de

159 2963 207 3001 27
223 2968 323 3001 aiios
341 2976 366 3010 y
385 2963 457 3001 dos
475 2976 646 3002 meses.»

207 3024 220 3044 ⁸
270 3022 333 3061 Ex
353 3024 607 3072 autographo
626 3025 664 3062 in
685 3025 771 3073 cod.
793 3025 921 3073 Hisp.
945 3025 1011 3071 96,
1032 3025 1054 3062 2
1071 3025 1129 3072 ff.,
1150 3039 1214 3064 nn.
1237 3026 1318 3072 271,
1338 3027 1419 3072 272,
1441 3027 1552 3075 prius
1569 3027 1651 3074 361⁴.
