1908 3446
405 172 909 211 330.—CAESARAUGUSTA
938 169 1186 218 3JANUAR11
1217 169 1306 207 1560
1562 166 1630 207 467

8 293 9 298 ’
57 290 164 330 quae
199 289 372 315 causam
400 276 581 327 negotio
614 275 815 321 dederat,
852 276 985 313 homo
1016 275 1087 312 ille
1120 278 1162 312 et
1198 272 1394 323 corporis
1432 278 1474 310 et
1512 272 1679 310 animae

8 375 10 380 ν
56 351 113 401 (in
142 361 226 400 quo
259 348 369 398 erat)
400 348 639 398 periculum
673 346 900 385 euaderet.
926 347 1045 384 Alius
1068 345 1256 396 quidam,
1281 345 1353 396 qui
1376 344 1429 382 de
1453 344 1678 382 Societate

11 435 17 463 ἐ
56 425 201 459 nostra
235 423 277 457 et
313 418 368 457 de
390 419 515 457 nobis
550 417 813 456 immodeste
848 417 1081 455 admodum
1118 417 1393 468 loquebatur,
1432 415 1680 467 intelligens

14 1624 18 1770 —„-„-,—<
14 1581 18 1618 Α.-
14 1558 17 1572 -
9 1449 18 1536 ,πμ-,ᾳ
10 1353 17 1438 .-..-‚-
10 1258 17 1345 -.—.-
14 1227 16 1242 Ἀ

15 529 16 532 ,
57 503 162 543 quae
187 492 303 529 Deus
333 490 521 541 optimus
544 491 756 528 maximus
792 495 1043 528 nostrorum
1066 489 1308 527 ministerio
1333 493 1538 539 operatur
1569 487 1680 537 apud

57 562 192 609 indos,
215 562 423 613 perlectis
444 575 468 599 a
490 574 537 599 se
561 562 774 612 epistolis,
799 575 911 612 quae
934 561 988 599 de
1011 562 1063 611 ijs
1092 561 1222 599 rebus
1244 566 1348 610 typo
1372 560 1681 598 circumferun-

57 639 122 672 tur
161 633 363 684 scriptae,
404 632 464 671 ita
504 638 652 671 mente
694 639 983 684 compunctus
1020 633 1208 671 animum
1244 631 1505 679 immutanit,
1542 637 1589 669 vt
1628 631 1682 669 ad

58 719 184 745 vnum
207 717 260 742 ex
280 705 478 742 Patribus
496 703 753 751 accesserit,
777 711 1049 755 peccataque
1069 704 1313 750 confessus,
1335 702 1489 742 crebro
1507 703 1589 740 iam
1610 716 1682 740 ve-

57 777 140 815 niat
178 781 450 814 sacramenta
489 775 787 826 frequentare3
828 789 912 814 nec
951 776 1126 814 minima
1166 774 1327 813 deinde
1369 787 1466 812 cum
1505 774 1682 812 homine

58 848 200 899 coepit
222 848 390 898 operari
413 848 547 885 Deus.
572 847 693 885 Alius
716 848 849 886 etiam
874 859 977 885 casu
999 848 1254 885 vulneratus
1277 845 1367 897 (qui
1388 846 1586 896 turpibus
1608 845 1682 883 de-

57 919 166 959 ditus
196 918 325 957 lucris
355 919 466 957 male
497 919 539 956 in
573 920 736 969 populo
767 918 992 967 audiebat)
1023 916 1239 969 quendam
1272 930 1326 955 ex
1358 918 1520 956 nostris
1550 916 1604 955 ad
1635 929 1682 955 se

58 991 158 1030 fecit
192 990 411 1036 accersiri,
451 990 655 1040 Patrique
692 989 942 1028 confessum
978 994 1176 1040 peccata,
1214 989 1354 1039 ipsum
1390 988 1602 1026 Dominus
1641 988 1682 1025 in

59 1063 193 1101 virum
216 1063 400 1100 alterum
421 1061 687 1111 jmmutauit3
711 1061 862 1099 statuit
885 1060 999 1099 enim
1022 1061 1179 1099 crebro
1212 1059 1429 1106 confiteri,
1455 1059 1490 1097 si
1520 1059 1683 1097 incolu-

59 1135 134 1173 mis
156 1132 380 1180 euaderet,
416 1139 460 1171 et
481 1133 593 1171 male
616 1134 812 1184 quaesita
845 1132 1017 1171 restitui
1041 1131 1274 1179 ordinauit3
1297 1136 1429 1182 atque
1451 1131 1486 1169 is
1507 1129 1682 1169 demum

59 1205 170 1245 Patri
202 1206 261 1244 illi
295 1205 483 1244 maximo
520 1205 708 1244 affectus
747 1217 913 1251 amore,
957 1204 1130 1242 diuinae
1175 1203 1389 1243 voluntati
1429 1203 1680 1250 conformis,

59 1277 219 1329 quieuit
239 1276 281 1315 in
301 1289 426 1329 pace.

107 1359 143 1396 3.
203 1350 357 1387 Patres
379 1362 511 1400 saepe
534 1349 690 1388 diebus
711 1349 776 1387 his
798 1349 852 1387 ad
872 1349 1071 1397 jnfirmos
1104 1353 1334 1395 vocantur,
1368 1353 1413 1385 vt
1436 1348 1507 1386 vel
1530 1359 1681 1385 eorum

58 1420 227 1459 audiant
249 1421 570 1468 confessiones,
595 1421 667 1459 vel
690 1427 736 1459 vt
758 1421 1042 1460 consolentur
1071 1420 1348 1471 languenteS‚
1372 1420 1444 1457 vel
1466 1425 1512 1457 vt
1535 1420 1682 1470 agoni-

59 1494 249 1532 zantibus
271 1493 430 1541 adsint3
454 1499 498 1532 et
518 1494 644 1540 haec,
669 1505 754 1544 qua
774 1505 1006 1543 possumus
1028 1490 1268 1542 diligentia,
1300 1496 1563 1541 prestamus3
1599 1503 1684 1528 nec

59 1565 146 1603 sine
168 1564 375 1615 spirituali
396 1564 540 1602 fructu
561 1565 646 1603 hec
669 1563 812 1602 omnia
832 1567 1116 1614 peraguntur.
1154 1562 1363 1600 Nonnulli
1385 1568 1429 1600 et
1450 1561 1504 1599 ad
1526 1563 1679 1600 Patres

59 1641 335 1675 accesserunt
369 1649 446 1687 per
476 1636 623 1687 plures
657 1648 794 1674 annos
829 1638 1014 1685 peccata
1035 1647 1122 1673 non
1154 1634 1361 1681 confessi,
1394 1633 1466 1683 qui
1499 1634 1679 1682 juuante

61 1707 256 1755 Domino,
281 1707 334 1745 ad
355 1708 527 1759 frugem
559 1707 752 1746 melioris
786 1707 901 1745 vitae
934 1706 1123 1744 rediere.
1150 1706 1202 1743 Et
1233 1706 1319 1744 hoc
1349 1705 1422 1744 dat
1449 1706 1576 1743 nobis
1608 1718 1684 1743 sua

57 1778 262 1828 jneffabili
284 1779 481 1817 bonitate
501 1781 635 1826 Deus,
655 1784 702 1817 vt
719 1780 992 1828 frequenter,
1012 1778 1084 1828 qui
1106 1777 1160 1815 ad
1182 1790 1262 1815 nos
1283 1776 1516 1824 accedunt,
1541 1775 1683 1815 diuer-

62 1851 114 1890 sis
144 1852 348 1890 sathanae
384 1852 549 1890 retibus
584 1850 820 1902 illaqueati,
858 1851 983 1888 breui
1020 1855 1222 1900 tempore
1250 1862 1338 1887 non
1373 1850 1513 1888 solum
1550 1850 1683 1887 vitam

61 1935 288 1974 moresque
306 1923 556 1972 jmmutent,
581 1923 659 1961 sed
681 1923 977 1961 aedificationi
1000 1923 1085 1960 sint
1106 1922 1374 1970 videntibus,
1399 1927 1443 1960 et
1466 1922 1683 1972 exemplo.

62 1993 121 2031 Sit
142 1994 279 2045 gloria
298 1993 358 2032 illi
379 2007 403 2032 a
423 2007 508 2044 quo
532 1994 647 2032 bona
670 1999 827 2032 cuncta
847 1993 1108 2044 procedunt.

110 2076 147 2114 4.
207 2066 356 2104 Placet
377 2073 395 2090 a
416 2066 596 2103 multum
627 2069 758 2116 atque
791 2064 985 2103 delectat
1016 2066 1080 2114 (vt
1111 2065 1257 2115 plures
1288 2064 1503 2114 referunt)
1533 2070 1685 2102 noster

65 2136 241 2174 canendi
264 2136 419 2175 modus
441 2137 483 2175 in
514 2135 671 2175 diuinis
705 2136 980 2175 celebrandis
1001 2135 1157 2174 diebus
1179 2136 1365 2184 restitns,
1390 2148 1444 2174 ex
1466 2149 1551 2186 quo
1587 2149 1685 2174 nos-

63 2211 166 2245 tram
188 2206 419 2246 ecclesiam
456 2208 650 2246 nonnulli
672 2208 919 2246 affectuose
942 2208 1238 2258 frequentant.
1264 2206 1342 2245 His
1363 2207 1517 2245 natalis
1540 2208 1685 2245 Domi-

18 2281 19 2286 ’
63 2278 102 2315 ni
121 2278 445 2327 festiuitatibus,
470 2284 516 2318 et
537 2279 702 2330 aliquot
724 2286 826 2318 ante
850 2280 1019 2327 diebus,
1043 2279 1251 2330 frequens
1272 2279 1507 2318 admodum
1537 2280 1617 2317 fuit
1644 2280 1684 2318 in

65 2350 246 2389 ecclesia
279 2357 429 2389 nostra
451 2351 780 2403 confessionum
801 2363 1025 2397 numerus3
1058 2351 1136 2389 sed
1158 2351 1213 2389 ad
1235 2351 1494 2389 matutinum
1519 2354 1561 2389 et
1589 2351 1686 2388 mis-

19 2469 20 2472 *
65 2432 129 2458 sas
150 2422 447 2460 sanctissimae
469 2422 611 2461 noctis
633 2423 794 2461 multus
817 2423 1002 2474 populus
1024 2422 1228 2469 accessit,
1262 2428 1306 2460 et
1328 2423 1369 2460 in
1400 2423 1531 2461 missa
1551 2423 1688 2473 prima

18 2505 21 2530 ι
63 2503 146 2529 non
179 2493 269 2531 sine
300 2506 457 2545 magna
486 2494 794 2533 aedificatione
825 2493 1094 2532 audientium
1127 2499 1170 2531 et
1201 2495 1505 2533 consolatione
1537 2495 1685 2533 contio

65 2561 205 2602 habita
227 2571 307 2612 est,
332 2566 431 2616 quia
452 2579 577 2604 sacro
602 2571 754 2605 sancto
777 2566 904 2604 huius
934 2566 1078 2606 noctis
1100 2566 1297 2604 misterio
1321 2567 1512 2605 ecclesia
1537 2572 1688 2605 nostra

65 2632 203 2673 dicata
232 2642 312 2683 est,
344 2649 443 2675 cum
471 2638 702 2676 Bethleem
738 2650 899 2676 nomen
922 2638 976 2676 sit
1000 2639 1039 2676 ei
1061 2638 1224 2677 datum.
1248 2638 1331 2676 Die
1353 2643 1500 2677 autem
1522 2638 1687 2677 circun-

67 2705 257 2745 cissionis
280 2713 324 2746 et
349 2708 536 2747 nominis
563 2711 667 2760 Jesu
689 2709 878 2748 maxima
899 2710 1131 2748 multitudo
1155 2711 1380 2754 conuenit,
1415 2715 1459 2748 et
1481 2723 1535 2748 ex
1566 2710 1687 2748 nobi-

20 2808 21 2815 ,
66 2774 231 2816 lissimis
253 2780 513 2830 complures,
537 2780 650 2819 inter
680 2794 789 2832 quos
813 2794 966 2820 omnes
985 2781 1271 2832 jnquisitores
1292 2794 1474 2829 venere,
1504 2782 1577 2832 qui
1597 2787 1688 2820 tres·

113 2986 131 3004 ὃ
182 2979 312 3018 Prius
330 2981 566 3028 applaudet.
