<?xml version="1.0" encoding="UTF-8"?>
<!DOCTYPE html PUBLIC "-//W3C//DTD XHTML 1.0 Transitional//EN"
    "http://www.w3.org/TR/xhtml1/DTD/xhtml1-transitional.dtd">
<html xmlns="http://www.w3.org/1999/xhtml" xml:lang="en" lang="en">
 <head>
  <title>
</title>
<meta http-equiv="Content-Type" content="text/html;charset=utf-8" />
  <meta name='ocr-system' content='tesseract 3.04.00' />
  <meta name='ocr-capabilities' content='ocr_page ocr_carea ocr_par ocr_line ocrx_word'/>
</head>
<body>
  <div class='ocr_page' id='page_1' title='image "./litteraequadrime1806lain_0265.png"; bbox 0 0 1908 3446; ppageno 0'>
   <div class='ocr_carea' id='block_1_1' title="bbox 544 177 1635 227">
    <p class='ocr_par' dir='ltr' id='par_1_1' title="bbox 544 177 1635 227">
     <span class='ocr_line' id='line_1_1' title="bbox 544 177 1635 227; baseline -0.01 -5"><span class='ocrx_word' id='word_1_1' title='bbox 544 183 867 222; x_wconf 69' lang='lat' dir='ltr'>278.-C0L0N1A</span> <span class='ocrx_word' id='word_1_2' title='bbox 898 180 1074 227; x_wconf 71' lang='lat' dir='ltr'><em>29J1m1</em></span> <span class='ocrx_word' id='word_1_3' title='bbox 1107 180 1196 217; x_wconf 76' lang='grc'><em>1559</em></span> <span class='ocrx_word' id='word_1_4' title='bbox 1565 177 1635 213; x_wconf 65' lang='lat'><em>‘243</em></span> 
     </span>
    </p>
   </div>
   <div class='ocr_carea' id='block_1_2' title="bbox 811 441 918 492">
    <p class='ocr_par' dir='ltr' id='par_1_2' title="bbox 811 441 918 492">
     <span class='ocr_line' id='line_1_2' title="bbox 811 441 918 492; baseline 0 0"><span class='ocrx_word' id='word_1_5' title='bbox 811 441 918 492; x_wconf 77' lang='lat'><em>278</em></span> 
     </span>
    </p>
   </div>
   <div class='ocr_carea' id='block_1_3' title="bbox 499 585 1239 676">
    <p class='ocr_par' dir='ltr' id='par_1_3' title="bbox 499 585 1239 676">
     <span class='ocr_line' id='line_1_3' title="bbox 499 585 1239 676; baseline -0.008 -12"><span class='ocrx_word' id='word_1_6' title='bbox 499 585 552 663; x_wconf 72' lang='grc' dir='ltr'><em>Ρ.</em></span> <span class='ocrx_word' id='word_1_7' title='bbox 589 615 903 676; x_wconf 82' lang='lat' dir='ltr'>JOANNES</span> <span class='ocrx_word' id='word_1_8' title='bbox 938 613 1239 660; x_wconf 77' lang='lat' dir='ltr'><em>RETfflus</em></span> 
     </span>
    </p>
   </div>
   <div class='ocr_carea' id='block_1_4' title="bbox 591 758 1143 806">
    <p class='ocr_par' dir='ltr' id='par_1_4' title="bbox 591 758 1143 806">
     <span class='ocr_line' id='line_1_4' title="bbox 591 758 1143 806; baseline -0.007 -8"><span class='ocrx_word' id='word_1_9' title='bbox 591 770 771 798; x_wconf 77' lang='lat' dir='ltr'>COLONIA</span> <span class='ocrx_word' id='word_1_10' title='bbox 797 759 842 797; x_wconf 80' lang='grc'><em>29</em></span> <span class='ocrx_word' id='word_1_11' title='bbox 868 770 971 806; x_wconf 67' lang='lat' dir='ltr'><em>Jan</em></span> <span class='ocrx_word' id='word_1_12' title='bbox 1004 758 1092 795; x_wconf 74' lang='lat'>1559</span> <span class='ocrx_word' id='word_1_13' title='bbox 1121 759 1143 794; x_wconf 84' lang='lat'><em>¹.</em></span> 
     </span>
    </p>
   </div>
   <div class='ocr_carea' id='block_1_5' title="bbox 60 887 1686 1201">
    <p class='ocr_par' dir='ltr' id='par_1_5' title="bbox 60 887 1686 1201">
     <span class='ocr_line' id='line_1_5' title="bbox 60 887 1682 937; baseline -0.007 0"><span class='ocrx_word' id='word_1_14' title='bbox 60 899 87 937; x_wconf 88' lang='lat'><em>1.</em></span> <span class='ocrx_word' id='word_1_15' title='bbox 113 896 351 936; x_wconf 68' lang='lat' dir='ltr'><em>Sociorum</em></span> <span class='ocrx_word' id='word_1_16' title='bbox 373 895 599 934; x_wconf 74' lang='lat' dir='ltr'><em>valetudo.</em></span> <span class='ocrx_word' id='word_1_17' title='bbox 625 892 761 931; x_wconf 69' lang='lat' dir='ltr'><em>Multi</em></span> <span class='ocrx_word' id='word_1_18' title='bbox 781 890 1001 931; x_wconf 75' lang='lat' dir='ltr'><em>Societati</em></span> <span class='ocrx_word' id='word_1_19' title='bbox 1023 889 1175 929; x_wconf 68' lang='lat' dir='ltr'><em>dediti.</em></span> <span class='ocrx_word' id='word_1_20' title='bbox 1196 914 1219 916; x_wconf 79' lang='lat'><em>-</em></span> <span class='ocrx_word' id='word_1_21' title='bbox 1236 888 1336 927; x_wconf 81' lang='grc'>2-9.</span> <span class='ocrx_word' id='word_1_22' title='bbox 1362 889 1543 926; x_wconf 71' lang='lat' dir='ltr'><em>Horum</em></span> <span class='ocrx_word' id='word_1_23' title='bbox 1565 887 1682 925; x_wconf 77' lang='lat' dir='ltr'><em>laus.</em></span> 
     </span>
     <span class='ocr_line' id='line_1_6' title="bbox 136 954 1686 1009; baseline -0.008 -7"><span class='ocrx_word' id='word_1_24' title='bbox 136 963 274 1002; x_wconf 87' lang='lat'>10-11.</span> <span class='ocrx_word' id='word_1_25' title='bbox 308 962 396 1000; x_wconf 84' lang='lat' dir='ltr'><em>PP.</em></span> <span class='ocrx_word' id='word_1_26' title='bbox 431 959 623 1001; x_wconf 80' lang='lat' dir='ltr'><em>Henrici</em></span> <span class='ocrx_word' id='word_1_27' title='bbox 654 957 864 1009; x_wconf 73' lang='lat' dir='ltr'><em>Dionysii</em></span> <span class='ocrx_word' id='word_1_28' title='bbox 893 959 932 996; x_wconf 76' lang='lat' dir='ltr'><em>et</em></span> <span class='ocrx_word' id='word_1_29' title='bbox 955 955 1143 995; x_wconf 79' lang='lat' dir='ltr'><em>Kesselii</em></span> <span class='ocrx_word' id='word_1_30' title='bbox 1177 955 1370 994; x_wconf 75' lang='lat' dir='ltr'><em>labores.</em></span> <span class='ocrx_word' id='word_1_31' title='bbox 1406 954 1580 992; x_wconf 79' lang='lat' dir='ltr'><em>Domus</em></span> <span class='ocrx_word' id='word_1_32' title='bbox 1615 966 1686 991; x_wconf 79' lang='lat' dir='ltr'><em>cu·</em></span> 
     </span>
     <span class='ocr_line' id='line_1_7' title="bbox 137 1018 1684 1068; baseline -0.008 0"><span class='ocrx_word' id='word_1_33' title='bbox 137 1027 295 1068; x_wconf 75' lang='lat' dir='ltr'><em>bien-lis</em></span> <span class='ocrx_word' id='word_1_34' title='bbox 325 1030 364 1067; x_wconf 74' lang='lat' dir='ltr'><em>ei</em></span> <span class='ocrx_word' id='word_1_35' title='bbox 393 1027 559 1066; x_wconf 74' lang='lat' dir='ltr'><em>sacello</em></span> <span class='ocrx_word' id='word_1_36' title='bbox 592 1022 939 1065; x_wconf 50' lang='lat' dir='ltr'><em>anetem—1243.</em></span> <span class='ocrx_word' id='word_1_37' title='bbox 965 1021 1210 1061; x_wconf 74' lang='lat' dir='ltr'><em>Sociorum</em></span> <span class='ocrx_word' id='word_1_38' title='bbox 1238 1019 1467 1059; x_wconf 70' lang='lat' dir='ltr'><em>auxilia-m</em></span> <span class='ocrx_word' id='word_1_39' title='bbox 1488 1018 1684 1068; x_wconf 71' lang='lat' dir='ltr'><em>exquiri-</em></span> 
     </span>
     <span class='ocr_line' id='line_1_8' title="bbox 137 1083 1686 1144; baseline -0.007 -11"><span class='ocrx_word' id='word_1_40' title='bbox 137 1093 357 1134; x_wconf 74' lang='lat' dir='ltr'><em>tur.—l4.</em></span> <span class='ocrx_word' id='word_1_41' title='bbox 395 1092 678 1144; x_wconf 72' lang='lat' dir='ltr'><strong><em>Pauperibus</em></strong></span> <span class='ocrx_word' id='word_1_42' title='bbox 713 1088 949 1141; x_wconf 75' lang='lat' dir='ltr'><em>discipulis</em></span> <span class='ocrx_word' id='word_1_43' title='bbox 990 1088 1045 1127; x_wconf 76' lang='lat' dir='ltr'><em>ab</em></span> <span class='ocrx_word' id='word_1_44' title='bbox 1081 1087 1312 1137; x_wconf 59' lang='lat' dir='ltr'><em>aliquibus</em></span> <span class='ocrx_word' id='word_1_45' title='bbox 1349 1083 1686 1124; x_wconf 68' lang='lat' dir='ltr'><em>subvenitur.—</em></span> 
     </span>
     <span class='ocr_line' id='line_1_9' title="bbox 136 1151 1516 1201; baseline -0.009 0"><span class='ocrx_word' id='word_1_46' title='bbox 136 1160 186 1201; x_wconf 86' lang='lat'><em>15.</em></span> <span class='ocrx_word' id='word_1_47' title='bbox 211 1159 406 1200; x_wconf 76' lang='lat' dir='ltr'><em>Senatus</em></span> <span class='ocrx_word' id='word_1_48' title='bbox 428 1159 684 1198; x_wconf 71' lang='lat' dir='ltr'><em>consultum</em></span> <span class='ocrx_word' id='word_1_49' title='bbox 706 1157 755 1197; x_wconf 78' lang='lat' dir='ltr'><em>in</em></span> <span class='ocrx_word' id='word_1_50' title='bbox 776 1152 1162 1196; x_wconf 71' lang='lat' dir='ltr'><em>lzaereticos.—16.</em></span> <span class='ocrx_word' id='word_1_51' title='bbox 1188 1151 1516 1192; x_wconf 67' lang='lat' dir='ltr'><em>salutationes.</em></span> 
     </span>
    </p>
   </div>
   <div class='ocr_carea' id='block_1_6' title="bbox 2 477 11 1072">
    <p class='ocr_par' dir='ltr' id='par_1_6' title="bbox 2 477 11 1072">
     <span class='ocr_line' id='line_1_10' title="bbox 2 477 11 1072; baseline 0 0"><span class='ocrx_word' id='word_1_52' title='bbox 2 477 11 1072; x_wconf 95' lang='lat' dir='ltr'><em> </em></span> 
     </span>
    </p>
   </div>
   <div class='ocr_carea' id='block_1_7' title="bbox 0 1293 1688 2420">
    <p class='ocr_par' dir='ltr' id='par_1_7' title="bbox 0 1293 1688 2356">
     <span class='ocr_line' id='line_1_11' title="bbox 115 1293 1686 1348; baseline -0.004 -11"><span class='ocrx_word' id='word_1_53' title='bbox 115 1309 147 1337; x_wconf 90' lang='lat'><em>1.</em></span> <span class='ocrx_word' id='word_1_54' title='bbox 206 1301 234 1348; x_wconf 84' lang='lat'>†</span> <span class='ocrx_word' id='word_1_55' title='bbox 264 1298 371 1335; x_wconf 87' lang='lat' dir='ltr'><strong>IHS.</strong></span> <span class='ocrx_word' id='word_1_56' title='bbox 398 1298 487 1334; x_wconf 85' lang='lat' dir='ltr'><em>Pax</em></span> <span class='ocrx_word' id='word_1_57' title='bbox 505 1295 682 1342; x_wconf 77' lang='lat' dir='ltr'>Christi,</span> <span class='ocrx_word' id='word_1_58' title='bbox 708 1300 793 1333; x_wconf 88' lang='lat' dir='ltr'><em>etc.</em></span> <span class='ocrx_word' id='word_1_59' title='bbox 822 1294 906 1343; x_wconf 82' lang='lat' dir='ltr'><em>[Ex</em></span> <span class='ocrx_word' id='word_1_60' title='bbox 928 1293 1210 1333; x_wconf 73' lang='lat' dir='ltr'><em>oboedientia</em></span> <span class='ocrx_word' id='word_1_61' title='bbox 1231 1293 1422 1343; x_wconf 52' lang='lat' dir='ltr'><em>scribit]</em></span> <span class='ocrx_word' id='word_1_62' title='bbox 1449 1294 1496 1331; x_wconf 82' lang='lat' dir='ltr'><em>R.</em></span> <span class='ocrx_word' id='word_1_63' title='bbox 1522 1294 1568 1331; x_wconf 84' lang='lat' dir='ltr'><em>P.</em></span> <span class='ocrx_word' id='word_1_64' title='bbox 1589 1305 1686 1331; x_wconf 88' lang='lat' dir='ltr'><em>nos-</em></span> 
     </span>
     <span class='ocr_line' id='line_1_12' title="bbox 0 1355 1687 1436; baseline -0.003 -30"><span class='ocrx_word' id='word_1_65' title='bbox 0 1355 5 1436; x_wconf 62' lang='lat'><strong>⁴</strong></span> <span class='ocrx_word' id='word_1_66' title='bbox 59 1373 123 1407; x_wconf 91' lang='lat' dir='ltr'><em>ter</em></span> <span class='ocrx_word' id='word_1_67' title='bbox 145 1371 194 1408; x_wconf 93' lang='lat' dir='ltr'><em>D.</em></span> <span class='ocrx_word' id='word_1_68' title='bbox 220 1367 472 1407; x_wconf 88' lang='lat' dir='ltr'><em>Leonardus</em></span> <span class='ocrx_word' id='word_1_69' title='bbox 494 1366 506 1386; x_wconf 79' lang='lat'><strong>²</strong></span> <span class='ocrx_word' id='word_1_70' title='bbox 527 1366 690 1405; x_wconf 89' lang='lat' dir='ltr'><em>rectius</em></span> <span class='ocrx_word' id='word_1_71' title='bbox 712 1366 841 1404; x_wconf 83' lang='lat' dir='ltr'><em>solito</em></span> <span class='ocrx_word' id='word_1_72' title='bbox 864 1364 947 1403; x_wconf 87' lang='lat' dir='ltr'><em>iam</em></span> <span class='ocrx_word' id='word_1_73' title='bbox 970 1366 1103 1403; x_wconf 84' lang='lat' dir='ltr'><em>ualet.</em></span> <span class='ocrx_word' id='word_1_74' title='bbox 1130 1366 1281 1403; x_wconf 82' lang='lat' dir='ltr'><em>Patres</em></span> <span class='ocrx_word' id='word_1_75' title='bbox 1305 1363 1435 1403; x_wconf 89' lang='lat' dir='ltr'><em>etiam</em></span> <span class='ocrx_word' id='word_1_76' title='bbox 1458 1376 1509 1402; x_wconf 93' lang='lat' dir='ltr'><em>ac</em></span> <span class='ocrx_word' id='word_1_77' title='bbox 1529 1364 1687 1402; x_wconf 87' lang='lat' dir='ltr'><em>fratres</em></span> 
     </span>
     <span class='ocr_line' id='line_1_13' title="bbox 27 1427 1686 1492; baseline -0.004 -13"><span class='ocrx_word' id='word_1_78' title='bbox 27 1427 30 1431; x_wconf 39' lang='lat'><strong><em>¹</em></strong></span> <span class='ocrx_word' id='word_1_79' title='bbox 59 1439 208 1492; x_wconf 79' lang='lat' dir='ltr'><em>reliqui</em></span> <span class='ocrx_word' id='word_1_80' title='bbox 242 1451 454 1490; x_wconf 83' lang='lat' dir='ltr'><em>prospera</em></span> <span class='ocrx_word' id='word_1_81' title='bbox 484 1439 587 1476; x_wconf 87' lang='lat' dir='ltr'><em>satis</em></span> <span class='ocrx_word' id='word_1_82' title='bbox 622 1442 802 1476; x_wconf 86' lang='lat' dir='ltr'><em>utuntur</em></span> <span class='ocrx_word' id='word_1_83' title='bbox 835 1449 987 1475; x_wconf 90' lang='lat' dir='ltr'><em>omnes</em></span> <span class='ocrx_word' id='word_1_84' title='bbox 1018 1435 1287 1474; x_wconf 88' lang='lat' dir='ltr'><em>ualetudine.</em></span> <span class='ocrx_word' id='word_1_85' title='bbox 1321 1436 1517 1473; x_wconf 80' lang='lat' dir='ltr'><strong>Fratrum</strong></span> <span class='ocrx_word' id='word_1_86' title='bbox 1540 1440 1686 1473; x_wconf 87' lang='lat' dir='ltr'><em>autem</em></span> 
     </span>
     <span class='ocr_line' id='line_1_14' title="bbox 60 1507 1687 1562; baseline -0.004 -12"><span class='ocrx_word' id='word_1_87' title='bbox 60 1525 169 1550; x_wconf 88' lang='lat' dir='ltr'><em>nunc</em></span> <span class='ocrx_word' id='word_1_88' title='bbox 198 1524 379 1562; x_wconf 80' lang='lat' dir='ltr'><em>magnus</em></span> <span class='ocrx_word' id='word_1_89' title='bbox 411 1515 478 1548; x_wconf 88' lang='lat' dir='ltr'><em>est</em></span> <span class='ocrx_word' id='word_1_90' title='bbox 507 1521 729 1555; x_wconf 87' lang='lat' dir='ltr'><em>numerus,</em></span> <span class='ocrx_word' id='word_1_91' title='bbox 762 1513 999 1558; x_wconf 86' lang='lat' dir='ltr'><em>propterea</em></span> <span class='ocrx_word' id='word_1_92' title='bbox 1028 1507 1146 1558; x_wconf 89' lang='lat' dir='ltr'><em>quod</em></span> <span class='ocrx_word' id='word_1_93' title='bbox 1176 1508 1288 1545; x_wconf 89' lang='lat' dir='ltr'><em>intra</em></span> <span class='ocrx_word' id='word_1_94' title='bbox 1317 1519 1493 1545; x_wconf 90' lang='lat' dir='ltr'><em>menses</em></span> <span class='ocrx_word' id='word_1_95' title='bbox 1523 1519 1687 1557; x_wconf 88' lang='lat' dir='ltr'><em>paucos</em></span> 
     </span>
     <span class='ocr_line' id='line_1_15' title="bbox 60 1577 1687 1632; baseline -0.004 -11"><span class='ocrx_word' id='word_1_96' title='bbox 60 1583 176 1621; x_wconf 88' lang='lat' dir='ltr'><em>multi</em></span> <span class='ocrx_word' id='word_1_97' title='bbox 208 1595 232 1621; x_wconf 92' lang='lat' dir='ltr'><em>e</em></span> <span class='ocrx_word' id='word_1_98' title='bbox 258 1581 419 1620; x_wconf 84' lang='lat' dir='ltr'><em>nostris</em></span> <span class='ocrx_word' id='word_1_99' title='bbox 441 1580 662 1632; x_wconf 80' lang='lat' dir='ltr'><em>discipulis</em></span> <span class='ocrx_word' id='word_1_100' title='bbox 692 1581 809 1618; x_wconf 88' lang='lat' dir='ltr'><em>bona</em></span> <span class='ocrx_word' id='word_1_101' title='bbox 836 1584 1174 1630; x_wconf 84' lang='lat' dir='ltr'><em>praeceptorum</em></span> <span class='ocrx_word' id='word_1_102' title='bbox 1198 1579 1301 1626; x_wconf 82' lang='lat' dir='ltr'><em>uita,</em></span> <span class='ocrx_word' id='word_1_103' title='bbox 1327 1578 1575 1617; x_wconf 80' lang='lat' dir='ltr'><em>eruditione</em></span> <span class='ocrx_word' id='word_1_104' title='bbox 1597 1577 1687 1616; x_wconf 90' lang='lat' dir='ltr'><em>dili-</em></span> 
     </span>
     <span class='ocr_line' id='line_1_16' title="bbox 61 1648 1687 1706; baseline -0.002 -14"><span class='ocrx_word' id='word_1_105' title='bbox 61 1653 290 1706; x_wconf 80' lang='lat' dir='ltr'><em>gentiaque</em></span> <span class='ocrx_word' id='word_1_106' title='bbox 326 1653 550 1700; x_wconf 89' lang='lat' dir='ltr'><em>commoti,</em></span> <span class='ocrx_word' id='word_1_107' title='bbox 584 1651 798 1691; x_wconf 78' lang='lat' dir='ltr'><em>Societati</em></span> <span class='ocrx_word' id='word_1_108' title='bbox 828 1663 928 1689; x_wconf 89' lang='lat' dir='ltr'><em>sese</em></span> <span class='ocrx_word' id='word_1_109' title='bbox 959 1650 1103 1700; x_wconf 85' lang='lat' dir='ltr'><em>(nobis</em></span> <span class='ocrx_word' id='word_1_110' title='bbox 1136 1650 1266 1688; x_wconf 86' lang='lat' dir='ltr'><em>etiam</em></span> <span class='ocrx_word' id='word_1_111' title='bbox 1296 1649 1463 1700; x_wconf 82' lang='lat' dir='ltr'><em>inscijs)</em></span> <span class='ocrx_word' id='word_1_112' title='bbox 1493 1648 1687 1688; x_wconf 87' lang='lat' dir='ltr'><em>deuoue-</em></span> 
     </span>
     <span class='ocr_line' id='line_1_17' title="bbox 60 1721 1686 1776; baseline -0.003 -11"><span class='ocrx_word' id='word_1_113' title='bbox 60 1732 168 1765; x_wconf 88' lang='lat' dir='ltr'><em>runt.</em></span> <span class='ocrx_word' id='word_1_114' title='bbox 193 1724 326 1764; x_wconf 85' lang='lat' dir='ltr'><em>Bonis</em></span> <span class='ocrx_word' id='word_1_115' title='bbox 346 1724 600 1776; x_wconf 88' lang='lat' dir='ltr'><em>parentibus</em></span> <span class='ocrx_word' id='word_1_116' title='bbox 622 1728 721 1762; x_wconf 89' lang='lat' dir='ltr'><em>sunt</em></span> <span class='ocrx_word' id='word_1_117' title='bbox 742 1724 961 1775; x_wconf 81' lang='lat' dir='ltr'><em>prognati,</em></span> <span class='ocrx_word' id='word_1_118' title='bbox 991 1723 1123 1760; x_wconf 87' lang='lat' dir='ltr'><em>rectis</em></span> <span class='ocrx_word' id='word_1_119' title='bbox 1154 1722 1347 1760; x_wconf 87' lang='lat' dir='ltr'><em>moribus</em></span> <span class='ocrx_word' id='word_1_120' title='bbox 1377 1721 1579 1773; x_wconf 88' lang='lat' dir='ltr'><em>praediti,</em></span> <span class='ocrx_word' id='word_1_121' title='bbox 1612 1722 1686 1760; x_wconf 88' lang='lat' dir='ltr'><em>bo-</em></span> 
     </span>
     <span class='ocr_line' id='line_1_18' title="bbox 59 1793 1687 1848; baseline -0.004 -11"><span class='ocrx_word' id='word_1_122' title='bbox 59 1811 204 1836; x_wconf 85' lang='lat' dir='ltr'><em>narum</em></span> <span class='ocrx_word' id='word_1_123' title='bbox 233 1797 389 1836; x_wconf 86' lang='lat' dir='ltr'><em>artium</em></span> <span class='ocrx_word' id='word_1_124' title='bbox 416 1796 679 1848; x_wconf 81' lang='lat' dir='ltr'><em>pietatisque</em></span> <span class='ocrx_word' id='word_1_125' title='bbox 707 1800 920 1842; x_wconf 88' lang='lat' dir='ltr'><em>amantes,</em></span> <span class='ocrx_word' id='word_1_126' title='bbox 945 1794 1107 1846; x_wconf 85' lang='lat' dir='ltr'><em>ingenij</em></span> <span class='ocrx_word' id='word_1_127' title='bbox 1132 1794 1278 1833; x_wconf 88' lang='lat' dir='ltr'><em>multis</em></span> <span class='ocrx_word' id='word_1_128' title='bbox 1300 1793 1477 1832; x_wconf 88' lang='lat' dir='ltr'><em>dotibus</em></span> <span class='ocrx_word' id='word_1_129' title='bbox 1500 1794 1618 1840; x_wconf 84' lang='lat' dir='ltr'><em>clari,</em></span> <span class='ocrx_word' id='word_1_130' title='bbox 1644 1799 1687 1831; x_wconf 71' lang='lat' dir='ltr'><em>et</em></span> 
     </span>
     <span class='ocr_line' id='line_1_19' title="bbox 61 1866 1686 1921; baseline -0.003 -13"><span class='ocrx_word' id='word_1_131' title='bbox 61 1869 375 1921; x_wconf 82' lang='lat' dir='ltr'><em>expectationis</em></span> <span class='ocrx_word' id='word_1_132' title='bbox 413 1881 501 1907; x_wconf 90' lang='lat' dir='ltr'><em>non</em></span> <span class='ocrx_word' id='word_1_133' title='bbox 540 1867 745 1919; x_wconf 81' lang='lat' dir='ltr'><em>uulgaris.</em></span> <span class='ocrx_word' id='word_1_134' title='bbox 785 1868 869 1917; x_wconf 75' lang='lat' dir='ltr'><em>Qui</em></span> <span class='ocrx_word' id='word_1_135' title='bbox 911 1867 1209 1918; x_wconf 87' lang='lat' dir='ltr'><em>superioribus</em></span> <span class='ocrx_word' id='word_1_136' title='bbox 1245 1866 1468 1905; x_wconf 86' lang='lat' dir='ltr'><em>mensibus</em></span> <span class='ocrx_word' id='word_1_137' title='bbox 1507 1866 1686 1904; x_wconf 75' lang='lat' dir='ltr'><em>fratrum</em></span> 
     </span>
     <span class='ocr_line' id='line_1_20' title="bbox 61 1938 1686 1993; baseline -0.002 -13"><span class='ocrx_word' id='word_1_138' title='bbox 61 1940 252 1993; x_wconf 79' lang='lat' dir='ltr'><em>asscripti</em></span> <span class='ocrx_word' id='word_1_139' title='bbox 286 1946 384 1979; x_wconf 89' lang='lat' dir='ltr'><em>sunt</em></span> <span class='ocrx_word' id='word_1_140' title='bbox 421 1940 627 1991; x_wconf 79' lang='lat' dir='ltr'><em>collegio,</em></span> <span class='ocrx_word' id='word_1_141' title='bbox 667 1951 744 1978; x_wconf 90' lang='lat' dir='ltr'><em>eos</em></span> <span class='ocrx_word' id='word_1_142' title='bbox 776 1939 931 1977; x_wconf 75' lang='lat' dir='ltr'><em>missos</em></span> <span class='ocrx_word' id='word_1_143' title='bbox 963 1939 1094 1977; x_wconf 91' lang='lat' dir='ltr'><em>modo</em></span> <span class='ocrx_word' id='word_1_144' title='bbox 1126 1939 1302 1990; x_wconf 88' lang='lat' dir='ltr'><em>quidem</em></span> <span class='ocrx_word' id='word_1_145' title='bbox 1332 1938 1462 1985; x_wconf 87' lang='lat' dir='ltr'><em>facio,</em></span> <span class='ocrx_word' id='word_1_146' title='bbox 1497 1943 1686 1988; x_wconf 86' lang='lat' dir='ltr'><em>excepto</em></span> 
     </span>
     <span class='ocr_line' id='line_1_21' title="bbox 62 2009 1686 2059; baseline -0.002 -8"><span class='ocrx_word' id='word_1_147' title='bbox 62 2013 250 2051; x_wconf 86' lang='lat' dir='ltr'><em>Roberto</em></span> <span class='ocrx_word' id='word_1_148' title='bbox 274 2012 540 2059; x_wconf 86' lang='lat' dir='ltr'><em>Geraulae0‚</em></span> <span class='ocrx_word' id='word_1_149' title='bbox 563 2011 764 2050; x_wconf 86' lang='lat' dir='ltr'><em>Gerardo</em></span> <span class='ocrx_word' id='word_1_150' title='bbox 787 2010 1032 2049; x_wconf 84' lang='lat' dir='ltr'><em>Gerardino</em></span> <span class='ocrx_word' id='word_1_151' title='bbox 1058 2017 1101 2048; x_wconf 90' lang='lat' dir='ltr'><em>et</em></span> <span class='ocrx_word' id='word_1_152' title='bbox 1124 2012 1256 2049; x_wconf 87' lang='lat' dir='ltr'><em>Petro</em></span> <span class='ocrx_word' id='word_1_153' title='bbox 1281 2009 1511 2056; x_wconf 76' lang='lat' dir='ltr'><em>Michaele3</em></span> <span class='ocrx_word' id='word_1_154' title='bbox 1534 2022 1686 2047; x_wconf 87' lang='lat' dir='ltr'><em>uerum</em></span> 
     </span>
     <span class='ocr_line' id='line_1_22' title="bbox 60 2081 1688 2135; baseline -0.003 -12"><span class='ocrx_word' id='word_1_155' title='bbox 60 2085 275 2135; x_wconf 86' lang='lat' dir='ltr'><em>praesenti</em></span> <span class='ocrx_word' id='word_1_156' title='bbox 295 2085 379 2123; x_wconf 89' lang='lat' dir='ltr'><em>isto</em></span> <span class='ocrx_word' id='word_1_157' title='bbox 403 2084 541 2131; x_wconf 88' lang='lat' dir='ltr'><em>Iunio,</em></span> <span class='ocrx_word' id='word_1_158' title='bbox 565 2083 637 2134; x_wconf 88' lang='lat' dir='ltr'><em>qui</em></span> <span class='ocrx_word' id='word_1_159' title='bbox 665 2082 877 2121; x_wconf 84' lang='lat' dir='ltr'><em>Societati</em></span> <span class='ocrx_word' id='word_1_160' title='bbox 905 2096 952 2121; x_wconf 90' lang='lat' dir='ltr'><em>se</em></span> <span class='ocrx_word' id='word_1_161' title='bbox 984 2083 1277 2121; x_wconf 87' lang='lat' dir='ltr'><em>adiunxerunt</em></span> <span class='ocrx_word' id='word_1_162' title='bbox 1308 2088 1505 2132; x_wconf 86' lang='lat' dir='ltr'><em>uotoque</em></span> <span class='ocrx_word' id='word_1_163' title='bbox 1537 2081 1688 2120; x_wconf 89' lang='lat' dir='ltr'><em>astrin-</em></span> 
     </span>
     <span class='ocr_line' id='line_1_23' title="bbox 62 2154 1688 2207; baseline -0.002 -13"><span class='ocrx_word' id='word_1_164' title='bbox 62 2161 213 2194; x_wconf 86' lang='lat' dir='ltr'><em>xerunt</em></span> <span class='ocrx_word' id='word_1_165' title='bbox 242 2161 411 2207; x_wconf 88' lang='lat' dir='ltr'><em>septem</em></span> <span class='ocrx_word' id='word_1_166' title='bbox 445 2161 683 2206; x_wconf 88' lang='lat' dir='ltr'><em>sequentes</em></span> <span class='ocrx_word' id='word_1_167' title='bbox 715 2167 814 2193; x_wconf 87' lang='lat' dir='ltr'><em>esse</em></span> <span class='ocrx_word' id='word_1_168' title='bbox 844 2155 1059 2206; x_wconf 83' lang='lat' dir='ltr'><em>intelligo:</em></span> <span class='ocrx_word' id='word_1_169' title='bbox 1084 2155 1331 2193; x_wconf 80' lang='lat' dir='ltr'><em>Gerardum</em></span> <span class='ocrx_word' id='word_1_170' title='bbox 1353 2155 1520 2201; x_wconf 78' lang='lat' dir='ltr'><em>lseren,</em></span> <span class='ocrx_word' id='word_1_171' title='bbox 1544 2154 1688 2191; x_wconf 90' lang='lat' dir='ltr'><em>Theo-</em></span> 
     </span>
     <span class='ocr_line' id='line_1_24' title="bbox 62 2216 1688 2278; baseline -0.001 -14"><span class='ocrx_word' id='word_1_172' title='bbox 62 2225 252 2267; x_wconf 82' lang='lat' dir='ltr'><em>doricum</em></span> <span class='ocrx_word' id='word_1_173' title='bbox 284 2228 518 2274; x_wconf 76' lang='lat' dir='ltr'><em>Canisium,</em></span> <span class='ocrx_word' id='word_1_174' title='bbox 551 2227 815 2266; x_wconf 88' lang='lat' dir='ltr'><em>Vilhelmum</em></span> <span class='ocrx_word' id='word_1_175' title='bbox 846 2228 1070 2278; x_wconf 87' lang='lat' dir='ltr'><em>Hepsiam‚</em></span> <span class='ocrx_word' id='word_1_176' title='bbox 1108 2227 1315 2265; x_wconf 83' lang='lat' dir='ltr'><em>Iacobum</em></span> <span class='ocrx_word' id='word_1_177' title='bbox 1347 2227 1495 2273; x_wconf 79' lang='lat' dir='ltr'><em>Velm,</em></span> <span class='ocrx_word' id='word_1_178' title='bbox 1534 2216 1688 2263; x_wconf 81' lang='lat' dir='ltr'><em>Reine-</em></span> 
     </span>
     <span class='ocr_line' id='line_1_25' title="bbox 62 2297 1685 2356; baseline -0.001 -20"><span class='ocrx_word' id='word_1_179' title='bbox 62 2311 152 2337; x_wconf 90' lang='lat' dir='ltr'><em>rum</em></span> <span class='ocrx_word' id='word_1_180' title='bbox 172 2300 372 2346; x_wconf 83' lang='lat' dir='ltr'><em>Fabrum,</em></span> <span class='ocrx_word' id='word_1_181' title='bbox 398 2300 617 2356; x_wconf 71' lang='lat' dir='ltr'><em>Tusanum</em></span> <span class='ocrx_word' id='word_1_182' title='bbox 640 2297 911 2337; x_wconf 86' lang='lat' dir='ltr'><em>Gadicaeum</em></span> <span class='ocrx_word' id='word_1_183' title='bbox 936 2304 980 2336; x_wconf 91' lang='lat' dir='ltr'><em>et</em></span> <span class='ocrx_word' id='word_1_184' title='bbox 1008 2299 1396 2336; x_wconf 83' lang='lat' dir='ltr'><em>Bartholomaeum</em></span> <span class='ocrx_word' id='word_1_185' title='bbox 1428 2299 1685 2336; x_wconf 86' lang='lat' dir='ltr'><em>Textorem.</em></span> 
     </span>
    </p>

    <p class='ocr_par' dir='ltr' id='par_1_8' title="bbox 114 2368 1688 2420">
     <span class='ocr_line' id='line_1_26' title="bbox 114 2368 1688 2420; baseline -0.002 -11"><span class='ocrx_word' id='word_1_186' title='bbox 114 2381 150 2409; x_wconf 91' lang='lat'><em>2.</em></span> <span class='ocrx_word' id='word_1_187' title='bbox 208 2371 324 2409; x_wconf 88' lang='lat' dir='ltr'><em>Inter</em></span> <span class='ocrx_word' id='word_1_188' title='bbox 354 2370 434 2408; x_wconf 88' lang='lat' dir='ltr'><em>hos</em></span> <span class='ocrx_word' id='word_1_189' title='bbox 466 2371 622 2408; x_wconf 82' lang='lat' dir='ltr'><em>Petrus</em></span> <span class='ocrx_word' id='word_1_190' title='bbox 650 2370 836 2408; x_wconf 88' lang='lat' dir='ltr'><em>Michael</em></span> <span class='ocrx_word' id='word_1_191' title='bbox 867 2368 1132 2408; x_wconf 87' lang='lat' dir='ltr'><em>coloniensis</em></span> <span class='ocrx_word' id='word_1_192' title='bbox 1165 2375 1245 2417; x_wconf 81' lang='lat' dir='ltr'><em>est,</em></span> <span class='ocrx_word' id='word_1_193' title='bbox 1279 2369 1406 2408; x_wconf 85' lang='lat' dir='ltr'><em>bonis</em></span> <span class='ocrx_word' id='word_1_194' title='bbox 1436 2369 1688 2420; x_wconf 84' lang='lat' dir='ltr'><em>parentibus</em></span> 
     </span>
    </p>
   </div>
   <div class='ocr_carea' id='block_1_8' title="bbox 0 1929 3 2461">
    <p class='ocr_par' dir='ltr' id='par_1_9' title="bbox 0 1929 3 2461">
     <span class='ocr_line' id='line_1_27' title="bbox 0 1929 3 2461; baseline 0 0"><span class='ocrx_word' id='word_1_195' title='bbox 0 1929 3 2461; x_wconf 95' lang='lat' dir='ltr'><em> </em></span> 
     </span>
    </p>
   </div>
   <div class='ocr_carea' id='block_1_9' title="bbox 62 2440 1689 2708">
    <p class='ocr_par' dir='ltr' id='par_1_10' title="bbox 62 2440 1689 2708">
     <span class='ocr_line' id='line_1_28' title="bbox 62 2440 1689 2493; baseline -0.001 -13"><span class='ocrx_word' id='word_1_196' title='bbox 62 2446 198 2490; x_wconf 86' lang='lat' dir='ltr'><em>natus,</em></span> <span class='ocrx_word' id='word_1_197' title='bbox 223 2443 480 2481; x_wconf 80' lang='lat' dir='ltr'><em>dialecticae</em></span> <span class='ocrx_word' id='word_1_198' title='bbox 502 2442 634 2481; x_wconf 88' lang='lat' dir='ltr'><em>modo</em></span> <span class='ocrx_word' id='word_1_199' title='bbox 659 2442 920 2493; x_wconf 89' lang='lat' dir='ltr'><em>ethicaeque</em></span> <span class='ocrx_word' id='word_1_200' title='bbox 943 2440 1180 2490; x_wconf 84' lang='lat' dir='ltr'><em>studiosus,</em></span> <span class='ocrx_word' id='word_1_201' title='bbox 1213 2442 1256 2480; x_wconf 86' lang='lat' dir='ltr'><em>in</em></span> <span class='ocrx_word' id='word_1_202' title='bbox 1290 2441 1438 2492; x_wconf 84' lang='lat' dir='ltr'><em>lingua</em></span> <span class='ocrx_word' id='word_1_203' title='bbox 1471 2441 1604 2479; x_wconf 86' lang='lat' dir='ltr'><em>latina</em></span> <span class='ocrx_word' id='word_1_204' title='bbox 1638 2452 1689 2478; x_wconf 83' lang='lat' dir='ltr'><em>ac</em></span> 
     </span>
     <span class='ocr_line' id='line_1_29' title="bbox 63 2511 1688 2564; baseline 0 -14"><span class='ocrx_word' id='word_1_205' title='bbox 63 2513 278 2553; x_wconf 88' lang='lat' dir='ltr'><em>rhetorica</em></span> <span class='ocrx_word' id='word_1_206' title='bbox 302 2514 418 2551; x_wconf 87' lang='lat' dir='ltr'><em>bene</em></span> <span class='ocrx_word' id='word_1_207' title='bbox 442 2514 726 2561; x_wconf 82' lang='lat' dir='ltr'><em>exercitatus,</em></span> <span class='ocrx_word' id='word_1_208' title='bbox 750 2526 961 2551; x_wconf 87' lang='lat' dir='ltr'><em>annorum</em></span> <span class='ocrx_word' id='word_1_209' title='bbox 984 2512 1302 2564; x_wconf 86' lang='lat' dir='ltr'><em>septendecim.</em></span> <span class='ocrx_word' id='word_1_210' title='bbox 1328 2513 1411 2551; x_wconf 92' lang='lat' dir='ltr'><em>Hic</em></span> <span class='ocrx_word' id='word_1_211' title='bbox 1428 2512 1561 2551; x_wconf 88' lang='lat' dir='ltr'><em>certis</em></span> <span class='ocrx_word' id='word_1_212' title='bbox 1581 2511 1688 2550; x_wconf 87' lang='lat' dir='ltr'><em>indi-</em></span> 
     </span>
     <span class='ocr_line' id='line_1_30' title="bbox 63 2584 1685 2636; baseline 0.001 -15"><span class='ocrx_word' id='word_1_213' title='bbox 63 2584 132 2633; x_wconf 84' lang='lat' dir='ltr'><em>tijs</em></span> <span class='ocrx_word' id='word_1_214' title='bbox 151 2585 253 2624; x_wconf 87' lang='lat' dir='ltr'><em>satis</em></span> <span class='ocrx_word' id='word_1_215' title='bbox 274 2597 492 2636; x_wconf 88' lang='lat' dir='ltr'><em>superque</em></span> <span class='ocrx_word' id='word_1_216' title='bbox 517 2584 711 2623; x_wconf 87' lang='lat' dir='ltr'><em>ostendit</em></span> <span class='ocrx_word' id='word_1_217' title='bbox 732 2584 849 2635; x_wconf 90' lang='lat' dir='ltr'><em>quod</em></span> <span class='ocrx_word' id='word_1_218' title='bbox 870 2585 1050 2635; x_wconf 79' lang='lat' dir='ltr'><em>insignis</em></span> <span class='ocrx_word' id='word_1_219' title='bbox 1072 2585 1113 2623; x_wconf 87' lang='lat' dir='ltr'><em>in</em></span> <span class='ocrx_word' id='word_1_220' title='bbox 1137 2585 1217 2623; x_wconf 89' lang='lat' dir='ltr'><em>Dei</em></span> <span class='ocrx_word' id='word_1_221' title='bbox 1248 2584 1437 2623; x_wconf 88' lang='lat' dir='ltr'><em>ecclesia</em></span> <span class='ocrx_word' id='word_1_222' title='bbox 1467 2584 1685 2635; x_wconf 81' lang='lat' dir='ltr'><em>euangelij</em></span> 
     </span>
     <span class='ocr_line' id='line_1_31' title="bbox 63 2654 1686 2708; baseline -0.001 -14"><span class='ocrx_word' id='word_1_223' title='bbox 63 2667 218 2706; x_wconf 88' lang='lat' dir='ltr'><em>praeco</em></span> <span class='ocrx_word' id='word_1_224' title='bbox 240 2655 503 2707; x_wconf 87' lang='lat' dir='ltr'><em>quandoque</em></span> <span class='ocrx_word' id='word_1_225' title='bbox 525 2657 578 2695; x_wconf 89' lang='lat' dir='ltr'><em>sit</em></span> <span class='ocrx_word' id='word_1_226' title='bbox 600 2656 786 2695; x_wconf 88' lang='lat' dir='ltr'><em>futurus.</em></span> <span class='ocrx_word' id='word_1_227' title='bbox 810 2655 1040 2708; x_wconf 84' lang='lat' dir='ltr'><em>Singulare</em></span> <span class='ocrx_word' id='word_1_228' title='bbox 1064 2657 1177 2695; x_wconf 86' lang='lat' dir='ltr'><em>enim</em></span> <span class='ocrx_word' id='word_1_229' title='bbox 1200 2654 1362 2695; x_wconf 87' lang='lat' dir='ltr'><em>donum</em></span> <span class='ocrx_word' id='word_1_230' title='bbox 1384 2656 1508 2695; x_wconf 88' lang='lat' dir='ltr'><em>uerbi</em></span> <span class='ocrx_word' id='word_1_231' title='bbox 1538 2656 1686 2703; x_wconf 90' lang='lat' dir='ltr'><em>habet,</em></span> 
     </span>
    </p>
   </div>
   <div class='ocr_carea' id='block_1_10' title="bbox 66 2870 1691 3029">
    <p class='ocr_par' dir='ltr' id='par_1_11' title="bbox 66 2870 1691 3029">
     <span class='ocr_line' id='line_1_32' title="bbox 111 2870 1691 2919; baseline -0.001 -10"><span class='ocrx_word' id='word_1_232' title='bbox 111 2872 118 2891; x_wconf 88' lang='lat'>¹</span> <span class='ocrx_word' id='word_1_233' title='bbox 169 2871 230 2909; x_wconf 83' lang='lat' dir='ltr'><em>Ex</em></span> <span class='ocrx_word' id='word_1_234' title='bbox 249 2878 407 2919; x_wconf 79' lang='lat' dir='ltr'><em>autogr.</em></span> <span class='ocrx_word' id='word_1_235' title='bbox 435 2873 475 2909; x_wconf 88' lang='lat' dir='ltr'><em>in</em></span> <span class='ocrx_word' id='word_1_236' title='bbox 503 2873 588 2909; x_wconf 87' lang='lat' dir='ltr'><em>cod.</em></span> <span class='ocrx_word' id='word_1_237' title='bbox 621 2872 762 2909; x_wconf 84' lang='lat' dir='ltr'><em>Germ.</em></span> <span class='ocrx_word' id='word_1_238' title='bbox 793 2871 887 2917; x_wconf 76' lang='lat'><em>187,</em></span> <span class='ocrx_word' id='word_1_239' title='bbox 916 2872 939 2908; x_wconf 85' lang='lat'><strong>2</strong></span> <span class='ocrx_word' id='word_1_240' title='bbox 966 2871 1024 2914; x_wconf 54' lang='lat' dir='ltr'><em>ss„</em></span> <span class='ocrx_word' id='word_1_241' title='bbox 1057 2872 1234 2914; x_wconf 56' lang='lat' dir='ltr'><em>nrm-132.</em></span> <span class='ocrx_word' id='word_1_242' title='bbox 1267 2870 1347 2915; x_wconf 59' lang='lat'><em>13&amp;</em></span> <span class='ocrx_word' id='word_1_243' title='bbox 1376 2871 1487 2919; x_wconf 88' lang='lat' dir='ltr'><em>prius</em></span> <span class='ocrx_word' id='word_1_244' title='bbox 1518 2870 1691 2908; x_wconf 69' lang='lat'>714-718</span> 
     </span>
     <span class='ocr_line' id='line_1_33' title="bbox 66 2930 1615 2977; baseline 0.006 -11"><span class='ocrx_word' id='word_1_245' title='bbox 66 2930 221 2973; x_wconf 87' lang='lat' dir='ltr'><em>(deletis</em></span> <span class='ocrx_word' id='word_1_246' title='bbox 239 2931 324 2968; x_wconf 77' lang='lat'>614-</span> <span class='ocrx_word' id='word_1_247' title='bbox 336 2931 440 2977; x_wconf 74' lang='lat'>616).</span> <span class='ocrx_word' id='word_1_248' title='bbox 1611 2932 1615 2937; x_wconf 71' lang='grc'>’</span> 
     </span>
     <span class='ocr_line' id='line_1_34' title="bbox 109 2990 593 3029; baseline 0.002 -1"><span class='ocrx_word' id='word_1_249' title='bbox 109 2990 123 3010; x_wconf 79' lang='lat'>²</span> <span class='ocrx_word' id='word_1_250' title='bbox 171 2990 410 3029; x_wconf 87' lang='lat' dir='ltr'><em>Leonardus</em></span> <span class='ocrx_word' id='word_1_251' title='bbox 429 2990 593 3029; x_wconf 85' lang='lat' dir='ltr'><em>Kessel.</em></span> 
     </span>
    </p>
   </div>
  </div>
 </body>
</html>
