2095 3623
611 522 634 546 A
643 521 814 547 DDENDA
843 521 893 547 ET
919 521 1192 548 CORRIGENDA

158 678 258 725 Pag.
278 679 334 719 25,
356 679 422 716 lin.
441 679 612 726 penult.,
637 680 707 723 «Β»,
730 680 820 725 lege
840 680 862 715 ¹.

199 760 211 774 »
471 747 544 782 ult.
700 775 707 789 ‚
835 745 860 782 ¹¹.

157 809 258 856 Pag.
278 811 336 853 27,
356 811 425 847 lin.
446 811 468 847 4
487 813 523 856 (a
544 810 652 856 fine),
678 811 749 854 «²»,
772 811 862 855 lege
881 811 904 847 ¹.

162 878 263 924 Pag.
287 868 365 921 139,
385 883 521 914 annot.
545 878 575 920 1,
607 877 869 914 «auctoritate
891 876 950 912 Pii
971 875 1067 921 IV»,
1097 876 1189 922 lege
1216 877 1463 915 auctoritate
1499 877 1616 914 Pauli
1646 878 1726 915 IV.

157 945 257 991 Pag.
282 944 360 988 141,
381 949 518 980 annot.
542 943 572 980 1.
594 943 733 980 Adde:
759 943 849 989 Ipse
879 942 919 979 P.
942 942 1089 979 Petrus
1110 942 1213 979 Diaz
1231 943 1327 980 dicit
1355 955 1398 979 se
1428 955 1518 980 esse
1546 955 1597 980 ex
1623 944 1728 980 urbe

85 1011 294 1057 Olisipone
314 1009 393 1054 (Cf.
413 1009 550 1055 Epist.
572 1009 621 1046 P.
643 1009 807 1051 Nadal,
826 1008 875 1048 ΙΙ,
896 1008 994 1052 576),
1024 1008 1224 1055 siquidem
1251 1008 1301 1045 de
1329 1009 1529 1056 epistolae
1557 1014 1728 1046 auctore

84 1077 236 1122 agitur.

157 1140 257 1187 Pag.
283 1140 360 1184 155,
381 1139 449 1176 lin.
471 1140 559 1183 ult.‚
584 1139 654 1181 «⁹»,
678 1140 778 1185 lege,
801 1140 827 1175 ³.

156 1205 257 1252 Pag.
281 1205 360 1249 177,
380 1205 431 1241 ad
449 1210 587 1241 annot.
610 1205 640 1242 1.
664 1204 841 1241 Videtur
860 1205 991 1251 potius
1010 1205 1077 1251 agi
1097 1205 1146 1241 de
1168 1204 1321 1250 Ioanne
1341 1204 1480 1247 Basta,
1502 1203 1559 1242 O.
1584 1205 1627 1242 S.
1659 1204 1726 1248 Bt,

84 1272 152 1319 qui
173 1270 416 1318 Castinegio
435 1270 642 1313 successit,
663 1283 757 1307 nam
776 1270 840 1307 hic
858 1271 939 1319 jam
966 1271 1015 1307 ad
1042 1270 1261 1307 dioecesim
1287 1269 1558 1307 calaritanam
1589 1276 1726 1307 trans-

87 1336 194 1373 latus
212 1342 312 1373 erat.
335 1336 399 1373 Cf.
422 1335 584 1379 EussEL,
605 1336 675 1379 ΙΙΙ,
700 1335 778 1372 161.

158 1401 258 1449 Pag.
280 1402 359 1447 193,
382 1403 449 1438 lin.
472 1403 560 1443 ult„
585 1408 646 1438 «et
666 1401 878 1446 Polanco»,
900 1403 989 1448 lege
1006 1415 1029 1438 a
1049 1401 1246 1439 Polanco.

154 1467 255 1514 Pag.
276 1468 357 1512 231,
379 1467 449 1504 lin.
469 1467 492 1504 6
509 1468 550 1512 (a
569 1466 677 1511 fine),
701 1467 931 1514 «epistola»,
954 1466 1045 1513 lege
1063 1468 1278 1514 epistolae.

157 1532 258 1579 Pag.
279 1532 360 1577 241,
382 1533 448 1570 lin.
468 1532 502 1577 2,
528 1537 805 1576 «mostramo»,
827 1533 917 1578 lege
930 1538 1149 1570 mostrano.

156 1599 258 1645 Pag„
278 1597 360 1643 302,
381 1603 518 1635 annot.
544 1599 573 1640 1,
598 1597 832 1640 «Carolus»,
855 1599 945 1643 lege
963 1597 1260 1636 Ferdinandus.

156 1664 257 1710 Pag.
278 1664 359 1707 304,
381 1668 516 1700 annot.
537 1663 571 1703 3,
596 1663 780 1709 «collegii
801 1663 1063 1709 germanici»,
1086 1664 1176 1709 lege
1193 1663 1359 1710 collegii
1380 1664 1557 1701 romani.

156 1729 257 1776 Pag.
278 1729 359 1771 327,
382 1729 447 1765 lin.
472 1730 559 1772 ult.v
584 1735 630 1758 «0
646 1743 676 1772 »‚
699 1728 789 1773 lege
810 1743 824 1758 «
840 1736 857 1754 e
881 1743 913 1762 ».

158 1794 259 1841 Pag.
278 1794 361 1839 362,
384 1794 454 1831 lin,
475 1794 497 1829 4
515 1794 556 1836 (a
574 1793 683 1837 fine),
709 1799 843 1838 ‹est.>›,
866 1794 956 1839 lege
974 1798 1075 1831 esta.

156 1859 254 1906 Pag.
274 1860 354 1902 389,
378 1861 448 1897 lin.
473 1859 527 1902 19,
552 1860 721 1907 «Joanns
740 1859 906 1905 Gross»,
929 1860 1020 1905 lege
1032 1861 1213 1908 Joannes
1232 1860 1381 1898 Gross.

157 1926 259 1973 Pag.
279 1926 362 1971 594,
384 1927 453 1964 lin.
468 1928 503 1969 3,
529 1928 799 1975 «adpinum»,
821 1927 912 1973 lege
929 1927 1183 1974 accipitrum.

158 1991 259 2038 pag,
279 1992 363 2036 655,
383 2005 474 2032 ann.
492 1992 529 2037 2,
552 1993 815 2040 «Qadratus»,
838 1994 928 2039 lege
944 1992 1197 2038 Quadratus.

157 2055 259 2103 Pag.
279 2057 361 2100 689,
380 2058 450 2094 lin.
473 2058 528 2101 12,
549 2059 616 2096 «P.
637 2058 817 2101 Festum,
836 2059 926 2104 lege
943 2058 987 2095 P.
1011 2058 1171 2095 Petrus.

155 2121 256 2168 Pag.
278 2122 360 2167 742,
382 2123 443 2160 ad
462 2127 609 2161 annot.
628 2134 669 2161 a:
688 2124 868 2161 Dubium
888 2124 1046 2161 tollitur
1065 2137 1114 2160 ex
1134 2124 1323 2171 exemplo
1342 2124 1483 2167 latino,
1505 2124 1546 2161 in
1565 2136 1646 2172 quo
1666 2125 1728 2161 di—

85 2186 190 2224 eitur
211 2187 412 2234 «theologi
430 2188 631 2233 undecim,
653 2189 820 2226 Artium
839 2195 1056 2237 quatuor».

157 2252 259 2299 Pag.
278 2253 361 2290 986.
385 2254 492 2291 Post
516 2254 710 2301 Capitula
736 2257 854 2302 regni
886 2254 1066 2300 Siciliae,
1096 2260 1188 2300 etc„
1219 2254 1335 2292 addi
1369 2254 1507 2292 dehet:
1537 2254 1727 2297 CASTRo.

87 2318 478 2384 Christophorus,lS.
495 2320 768 2367 J.—Historia
787 2321 853 2358 del
880 2319 1071 2367 Collegio
1089 2321 1139 2357 de
1161 2321 1312 2358 Alcalit
1335 2320 1646 2367 [complutense]
1676 2322 1729 2357 de

87 2383 127 2419 la
147 2382 371 2431 Compafn‘a
389 2385 438 2421 de
452 2384 574 2431 Jestis
595 2385 720 2430 (Ms.).
