1908 3446
523 194 774 233 258.-F0120
802 194 911 232 L1V11
937 196 958 232 3
986 195 1094 241 MAJI
1126 195 1214 231 1539
1567 195 1622 230 181

111 306 147 335 2.
207 294 335 345 Quod
356 295 410 334 ad
432 296 607 335 domum
629 297 786 334 attinet
808 295 933 333 nobis
955 296 1007 334 ad
1030 296 1312 334 habitandum
1333 297 1611 347 assignatam,
1634 303 1675 334 et

23 377 25 397 ὲ
59 367 308 407 domesticis
331 367 493 415 usibus,
513 368 615 405 satis
639 368 708 405 illa
724 366 899 417 quidem
921 368 1012 417 ipsa
1029 380 1105 418 per
1124 382 1170 406 se
1190 368 1422 406 commoda
1440 373 1521 414 est,
1546 367 1677 405 inaxi-

17 447 22 475 3
58 451 127 478 me
153 451 258 477 uero
289 438 526 477 Societatis
546 439 761 485 instituto,
788 452 884 477 cum
906 439 999 489 ipso
1022 440 1187 490 templo
1211 444 1475 490 opportuno,
1500 444 1546 476 ut
1567 452 1676 488 quae

57 511 99 549 in
119 510 211 560 ipso
234 509 421 547 ciuitatis
439 510 643 548 umbilico
667 510 719 548 sit
743 511 995 557 constituta,
1021 523 1189 548 summo
1210 511 1375 560 templo
1397 510 1610 561 proxima,
1636 516 1678 546 et

57 582 99 620 in
119 581 252 620 nobili
272 581 546 632 honestaque
568 581 801 619 admodum
822 582 1062 620 uicinitate.

109 662 146 699 3.
206 652 260 690 Vt
276 651 459 701 primum
478 663 631 690 omnes
651 652 952 700 conuenimus,
974 653 1120 703 coepit
1139 653 1205 691 cui
1224 651 1407 703 quisque
1425 651 1679 702 designatus

60 734 150 761 erat
167 722 332 759 muneri
352 723 385 769 a,
410 723 451 760 in
472 722 515 760 id
537 722 772 773 diligenter
788 723 1059 770 incumbere,
1080 736 1131 761 ac
1146 723 1331 773 primum
1348 722 1523 773 quidem
1541 722 1679 772 auspi-

58 794 168 832 cium
185 793 427 831 studiorum
444 794 524 832 fuit
543 794 683 832 oratio
701 793 848 832 habita
877 795 920 832 in
950 808 1118 833 summo
1136 794 1301 844 templo
1321 806 1467 832 coram
1486 794 1582 832 Κ.ᾱο
1610 805 1679 831 co-

57 864 269 911 adiutore,
307 864 495 902 ciuitatis
525 865 752 915 praefecto
790 871 833 903 et
870 865 1271 904 conseruatoribus.
1306 867 1496 904 Secutae
1519 865 1679 903 suntin

57 939 206 974 nostro
228 936 392 985 templo
415 935 495 983 (sic
517 937 655 973 uisum
679 942 746 974 est
781 941 960 987 propter
983 937 1230 975 scholarum
1252 936 1494 987 angustias)
1514 936 1680 987 praefa-

57 1007 198 1045 tiones
218 1006 389 1045 duobus
411 1005 567 1045 diebus
587 1006 629 1045 in
652 1013 831 1045 autores
850 1020 927 1045 eos
950 1021 1058 1058 quos
1094 1007 1382 1059 exponendos
1417 1007 1681 1058 suscipieba-

58 1091 163 1125 ωας,
195 1084 428 1128 praesente
462 1090 636 1129 semper
666 1079 761 1118 Β).ᾰο
789 1080 1063 1127 coadiutore,
1089 1080 1324 1127 canonicis,
1349 1079 1533 1130 alijsque
1554 1091 1681 1128 quam

56 1149 259 1200 plurimis,
293 1148 364 1198 qui
395 1162 442 1187 se
473 1149 634 1199 aliquid
664 1151 914 1202 intelligere
940 1151 981 1189 in
1004 1151 1069 1189 his
1092 1151 1248 1200 studijs
1268 1151 1547 1202 profitentur3
1570 1162 1682 1201 quae

58 1231 159 1258 sane
196 1220 339 1257 omnia
373 1225 579 1270 quantum
610 1220 860 1272 intelligere
890 1222 1127 1272 potuimus,
1160 1235 1247 1260 non
1276 1222 1358 1260 nisi
1389 1235 1486 1260 cum
1516 1234 1683 1259 summa

60 1289 245 1329 omnium
272 1292 413 1342 gratia
439 1293 639 1342 perfecta
660 1298 774 1331 sunt.
801 1294 853 1331 Et
874 1306 1119 1344 quanquam
1140 1296 1278 1344 primo
1301 1293 1416 1331 haud
1439 1306 1544 1331 sane
1566 1306 1682 1345 mag-

17 1379 20 1382 *
57 1376 135 1401 nus
156 1361 465 1413 discipulorum
487 1377 695 1402 numerus
717 1364 772 1402 ad
793 1370 966 1403 nostras
988 1366 1160 1403 scholas
1188 1365 1448 1415 accedebam
1482 1370 1602 1403 tanta
1622 1370 1683 1402 ta-

22 1426 24 1436 ³
59 1446 155 1473 men
175 1432 347 1480 deinde,
370 1435 495 1472 breui
516 1435 752 1474 interiecto
776 1437 986 1486 temporis
1010 1436 1166 1487 spatio,
1191 1436 1423 1475 multitudo
1456 1436 1681 1483 confluxit,

59 1509 104 1543 ut
132 1502 185 1543 ad
213 1502 324 1542 duos
356 1517 433 1543 eos
464 1506 698 1556 magistros
729 1507 801 1558 qui
832 1507 1036 1557 destinatj
1066 1510 1254 1555 fuerant,
1277 1508 1434 1546 tertius
1455 1507 1684 1545 addendus

58 1575 304 1614 necessario
330 1576 476 1624 fuerit3
501 1581 544 1614 et
566 1591 680 1615 nunc
701 1577 742 1615 in
765 1578 933 1617 duabus
956 1579 1118 1617 scholis
1139 1584 1240 1617 sunt
1270 1578 1324 1617 ad
1354 1587 1403 1627 25
1434 1592 1564 1629 supra
1585 1591 1684 1617 cen-

58 1654 161 1696 tum,
186 1660 284 1687 cum
304 1648 474 1699 plurimi
499 1650 631 1687 etiam
658 1651 876 1701 repulsam
907 1651 1086 1689 tulerint
1116 1656 1297 1701 propter
1326 1650 1413 1689 loci
1443 1651 1682 1701 angustias,

58 1719 100 1757 in
128 1719 280 1770 quibus
316 1732 363 1757 se
399 1720 458 1758 ita
488 1726 639 1759 mutuo
673 1722 977 1772 comprimunt,
1014 1729 1061 1760 ut
1089 1723 1174 1761 iam
1205 1723 1399 1761 recusari
1428 1735 1516 1760 non
1545 1723 1685 1774 possit

59 1790 157 1841 quin
185 1790 323 1841 primo
353 1805 529 1842 quoque
559 1796 761 1843 tempore
792 1794 916 1832 locus
947 1794 1086 1833 laxior
1116 1799 1310 1844 paretur3
1343 1794 1461 1845 quod
1484 1807 1581 1832 cum
1602 1795 1684 1845 pri—

60 1875 172 1900 mum
200 1862 362 1901 factum
392 1862 538 1911 fuerit,
570 1864 828 1903 cateruatim
858 1866 911 1903 ad
947 1879 1028 1904 nos
1058 1879 1352 1904 concursuros
1384 1865 1681 1904 existimarim.

57 1933 145 1987 ‘Iam
167 1933 280 1971 enim
299 1934 498 1985 plerique
519 1936 788 1986 perspiciunt
809 1938 959 1987 quanti
980 1938 1034 1976 sit
1055 1950 1217 1988 pueros
1240 1939 1319 1976 sub
1342 1938 1579 1976 Societatis
1601 1938 1684 1976 dis-

10 2008 11 2017 *
61 2003 212 2055 ciplina
231 2005 412 2053 institui,
437 2019 534 2044 cum
556 2007 792 2058 plerosque
815 2007 995 2047 uideant
1015 2014 1107 2047 tum
1129 2010 1171 2047 in
1192 2010 1346 2057 literis,
1370 2015 1462 2048 tum
1488 2011 1531 2048 in
1553 2010 1685 2048 chris-

60 2076 211 2115 tianab
244 2077 425 2128 pietate,
456 2078 717 2117 breuissimo
748 2081 962 2130 temporis
983 2081 1141 2132 spatio,
1175 2080 1308 2120 miros
1342 2094 1603 2133 progressus
1625 2082 1685 2119 fe-

62 2147 186 2195 cisse,
211 2153 255 2186 et
276 2161 300 2186 a
325 2149 580 2199 petulantia,
614 2151 724 2198 alea,
755 2151 956 2202 ludisque
981 2153 1193 2204 turpibus,
1218 2153 1374 2204 quibus
1396 2157 1527 2192 antea
1547 2153 1683 2202 deditj

62 2218 245 2267 fuerant,
273 2219 329 2258 ad
349 2220 611 2259 modestiam
632 2223 881 2274 bonamque
903 2223 1073 2275 frugem
1096 2237 1144 2262 se
1180 2225 1434 2264 contulisse.
1469 2226 1568 2275 Quo
1600 2225 1686 2263 fac—

61 2294 151 2328 tum
173 2295 254 2338 est,
273 2296 321 2329 ut
342 2304 439 2330 cum
461 2292 526 2330 his
548 2292 704 2332 diebus
726 2293 781 2332 de
803 2294 1027 2333 tradendis
1056 2295 1183 2334 nobis
1215 2296 1538 2334 communitatis
1560 2297 1686 2334 scho-

61 2361 112 2400 lis
131 2361 357 2400 decretum
378 2363 719 2412 intercessisset,
744 2370 788 2403 et
811 2365 1037 2404 uideretur
1058 2366 1263 2417 quiddam
1287 2368 1479 2413 obstare,
1504 2380 1589 2418 quo
1612 2368 1686 2405 mi-

62 2446 139 2471 nus
166 2446 243 2484 per
269 2440 441 2473 nostras
463 2425 802 2475 constitutiones
825 2438 1143 2488 reciperentur,
1168 2438 1356 2477 maxima
1378 2439 1575 2476 extiterit
1596 2439 1686 2489 plu-

63 2503 263 2543 rimorum
295 2517 535 2557 eorumque
565 2507 795 2558 primatum
832 2510 1074 2556 contentio,
1111 2523 1166 2548 ne
1201 2514 1367 2549 tantam
1404 2510 1685 2548 occasionem

63 2579 147 2614 tam
179 2574 375 2626 perditae
408 2576 663 2626 iuuentutis,
701 2585 748 2617 ut
782 2580 863 2631 ipsi
897 2581 1116 2629 dicebant,
1155 2581 1462 2633 corrigendae,
1498 2587 1542 2619 et
1572 2582 1686 2619 bene

63 2652 270 2698 recteque
299 2648 342 2686 in
372 2648 605 2688 christiana
633 2651 800 2701 pietate
827 2652 1138 2701 instituendae,
1163 2652 1370 2692 diuinitus
1391 2653 1447 2691 ad
1467 2666 1548 2692 nos
1570 2653 1687 2691 dela-

62 2722 162 2766 tam,
187 2731 210 2757 e
231 2719 426 2758 manibus
444 2721 557 2759 elabi
574 2722 833 2761 sineremus:
852 2736 990 2775 penes
1010 2738 1092 2763 nos
1113 2737 1238 2772 unos,
1257 2729 1357 2776 post
1379 2725 1537 2772 Deum,
1561 2724 1687 2762 sitam

65 2801 160 2829 esse
192 2794 474 2841 potestatem,
507 2798 554 2831 ut
587 2794 698 2832 haec
727 2792 933 2834 iuuentus
968 2795 1198 2846 aliquando
1236 2796 1465 2835 meliorem
1506 2795 1684 2845 uiuendj

109 3009 129 3030 ἢ
176 3009 334 3047 numeri
354 3020 431 3046 ms.
486 3013 552 3038 —b
574 3010 760 3049 Emend.
781 3022 832 3049 ex
848 3023 967 3049 xana.
