1908 3446
175 303 246 340 602
645 305 802 343 LITTER
811 318 832 342 Α
841 318 863 342 ¹⁴:
891 306 955 351 QU
962 318 984 342 A
991 317 1193 344 DmMESTR
1200 319 1246 344 Es

129 406 410 444 homicidium
451 407 704 456 aliquando,
748 414 820 446 aut
860 408 1132 446 inhumanius
1178 410 1395 460 quidpiam
1439 411 1752 451 intercederet.

128 477 250 515 Alius
285 478 338 515 ab
374 492 511 516 uxore
547 485 725 529 propter
756 479 1017 518 adulterium
1053 481 1324 519 abalienatus
1359 482 1582 521 cuiusdam
1618 485 1756 522 Patris

128 549 264 586 nostri
289 550 481 598 consilijs
504 564 549 587 se
572 555 711 588 totum
734 551 925 597 tradidit,
945 558 1119 602 paratus
1141 553 1195 590 ad
1213 554 1370 600 omnia,
1396 567 1492 592 cum
1514 556 1630 605 prius
1651 555 1755 593 nihil

128 620 243 658 aliud
264 633 390 671 quam
413 621 647 659 diuortium
671 635 767 660 cum
790 622 1013 661 dedecore
1035 636 1087 661 ac
1107 625 1275 662 animae
1296 625 1491 675 periculo
1524 626 1754 664 meditare-

127 697 210 729 tur.
250 691 365 740 Quid
400 693 565 730 multis?
600 693 899 743 quamplurimi
934 700 1185 732 nostrorum
1220 695 1590 734 admonitionibus
1620 697 1755 735 adiuti

127 763 306 813 singulis
356 763 509 800 saltem
545 763 768 801 mensibus
805 763 1103 803 Eucharistiae
1140 772 1183 803 et
1229 767 1248 785 a
1280 767 1578 816 poenitentiae
1616 781 1754 807 sacra-

127 838 274 871 menta
294 833 574 883 frequentare
599 839 859 880 statuerunt,
897 848 1080 885 quorum
1117 838 1319 887 exemplo
1354 838 1500 887 plures
1536 839 1665 876 etiarn
1701 839 1754 877 ad

126 906 336 956 pietatem
359 918 465 944 uere
488 906 765 944 christianam
787 907 897 944 allici
920 920 1050 957 posse
1074 921 1311 958 speramus
1337 911 1615 959 Compertam
1650 923 1754 948 sane

126 977 336 1014 habemus
372 977 521 1014 miram
553 976 593 1014 in
625 977 881 1027 quibusdam
903 983 993 1015 tum
1017 979 1133 1025 uiris,
1158 985 1248 1016 tum
1271 981 1523 1018 mulieribus
1543 982 1753 1031 pietatem

126 1053 256 1098 atque
278 1060 471 1085 amorem
495 1048 757 1085 christianae
780 1048 1018 1099 religionis,
1042 1049 1159 1098 quod
1191 1062 1287 1088 cum
1322 1052 1467 1089 multis
1502 1052 1596 1100 alijs
1631 1065 1753 1103 argu-

126 1119 299 1166 mentis,
333 1124 421 1156 tum
445 1119 514 1157 uel
537 1119 622 1157 hoc
644 1132 729 1157 uno
752 1119 925 1157 abunde
948 1119 1161 1158 declarari
1181 1126 1344 1171 potest,
1369 1122 1486 1173 quod
1509 1136 1605 1161 cum
1630 1136 1752 1175 egre-

118 1190 239 1242 giam
261 1188 446 1240 aliquam
470 1191 731 1228 sententiam
754 1191 796 1228 in
817 1191 989 1241 publica
1011 1192 1226 1230 concione
1249 1193 1480 1241 audierint,
1513 1207 1600 1232 non
1629 1208 1754 1234 uere-

125 1260 368 1299 cundentur
405 1273 499 1299 eam
534 1261 814 1312 postmodum
849 1263 902 1300 ab
937 1263 1031 1313 ipso
1068 1264 1382 1302 concionatore
1405 1266 1607 1316 scriptam
1629 1279 1753 1317 repe-

126 1337 236 1379 tere,
256 1338 388 1383 atque
406 1332 527 1371 hisce
549 1333 681 1370 rebus
702 1334 893 1384 parietes
915 1347 1018 1372 suos
1035 1333 1150 1372 domi
1177 1347 1346 1372 ornare.
1367 1335 1490 1374 Vnde
1513 1336 1753 1375 laudandus

126 1408 192 1441 est
207 1403 342 1450 Deus,
362 1403 433 1454 qui
452 1415 550 1441 suas
568 1416 676 1441 oues
693 1405 835 1454 perire
853 1417 940 1442 non
957 1405 1064 1452 uult,
1085 1405 1162 1443 sed
1179 1405 1292 1443 inter
1308 1411 1395 1444 tam
1410 1407 1544 1445 multa
1559 1408 1753 1458 pericula

124 1487 175 1513 ac
195 1487 341 1512 rerum
362 1474 456 1512 fere
479 1473 668 1512 omnium
691 1475 939 1514 discrimina
960 1477 1104 1514 lumen
1126 1489 1258 1515 uerae
1280 1476 1382 1515 fidei
1408 1477 1451 1515 in
1473 1479 1751 1518 Germaniam

123 1545 308 1584 reducit.
334 1546 399 1583 De
421 1545 520 1595 filijs
543 1546 808 1584 serenissimi
831 1546 948 1597 regis
970 1547 1248 1586 Maximiliani
1264 1548 1478 1599 quaedam
1497 1563 1552 1588 ex
1572 1563 1751 1600 praece-

123 1617 327 1655 dentibus
348 1617 485 1655 literis
508 1618 555 1655 R.
581 1618 627 1655 P.
652 1618 700 1655 T.
727 1618 951 1668 cognouit,
986 1623 1029 1656 et
1059 1631 1185 1669 quam
1220 1619 1394 1658 solliciti
1430 1621 1581 1659 Patres
1614 1623 1751 1660 nostri

124 1700 296 1739 semper
327 1688 382 1726 de
412 1688 482 1739 pia
518 1688 774 1726 eorumdem
811 1689 1073 1728 educatione
1109 1690 1284 1737 fuerint,
1309 1701 1515 1741 quantum
1538 1694 1749 1743 suspicor,

121 1759 338 1798 intellexit
363 1763 387 1797 ¹.
412 1760 511 1798 Hoc
531 1765 677 1798 autem
701 1759 1097 1812 quad[r]agesimali
1120 1767 1321 1812 tempore
1353 1762 1522 1801 cuidam
1546 1777 1569 1801 e
1591 1765 1752 1803 nostris

123 1832 324 1869 Patribus
347 1831 540 1870 confessi
561 1835 675 1878 sunt,
698 1830 829 1882 idque
865 1845 1021 1883 magna
1042 1844 1138 1870 cum
1159 1838 1410 1871 nostrorum
1434 1834 1621 1872 omnium
1646 1848 1746 1874 con-

122 1902 357 1947 solatione,
380 1901 497 1952 quod
515 1914 672 1952 magna
691 1903 711 1926 b
733 1901 954 1940 christiani
974 1904 1089 1940 orbis
1106 1916 1204 1953 pars
1221 1904 1274 1941 ab
1291 1903 1343 1953 ijs
1360 1904 1555 1954 pendere
1573 1908 1748 1945 omnino

121 1972 336 2011 uideatur.
362 1973 565 2012 Confessi
589 1978 687 2010 sunt
709 1977 954 2023 praeterea,
979 1978 1025 2010 ut
1047 1973 1100 2011 de
1123 1986 1247 2012 more
1277 1974 1455 2021 habent,
1489 1977 1626 2014 nostri
1662 1982 1747 2014 stu-

121 2044 247 2091 diosi,
280 2057 464 2095 quorum
494 2045 696 2095 permulti
718 2043 760 2082 id
783 2045 1037 2095 saepissime
1058 2045 1206 2084 facere
1228 2058 1386 2097 magno
1410 2059 1506 2085 cum
1529 2048 1657 2086 animi
1680 2061 1747 2087 so-

121 2115 223 2154 latio
248 2120 589 2154 consueuerunt.
614 2116 724 2154 Sunt
747 2129 799 2154 ex
823 2116 905 2154 illis
928 2117 1128 2155 omnibus
1149 2117 1232 2155 iam
1254 2118 1447 2156 nonnulli
1470 2117 1556 2168 qui,
1580 2124 1628 2156 ut
1648 2132 1748 2169 pec-

122 2192 319 2225 catorum
340 2199 517 2225 suorum
540 2187 752 2224 sarcinam
774 2187 962 2225 libenter
984 2187 1037 2224 ad
1060 2188 1313 2237 confessarij
1345 2187 1483 2238 pedes
1505 2188 1746 2240 deponunt,

119 2259 179 2297 ita
200 2271 224 2296 a
244 2257 454 2309 generali,
479 2264 526 2296 ut
547 2264 722 2305 uocant,
747 2258 1025 2297 confessione
1048 2271 1126 2297 seu
1148 2260 1283 2298 totius
1313 2260 1430 2298 uitae
1464 2264 1746 2310 peccatorum

123 2329 429 2380 exomologesi
460 2341 547 2367 non
577 2329 831 2375 abhorrent,
856 2329 1052 2380 quamuis
1073 2330 1160 2368 hoc
1179 2343 1319 2381 genus
1341 2331 1578 2370 confitendi
1598 2345 1747 2382 parum

118 2400 252 2439 fuerit
272 2404 422 2438 nostra
445 2405 593 2438 aetate
614 2400 655 2438 in
676 2400 911 2438 Germania
932 2407 1099 2448 notum,
1122 2400 1283 2439 nedum
1305 2402 1525 2441 usitatum.
1553 2402 1683 2453 Quod
1713 2404 1747 2441 si

121 2476 368 2522 quaeratur,
406 2470 523 2508 vnde
558 2471 671 2509 haec
705 2477 791 2509 tam
823 2473 964 2522 ampla
985 2473 1140 2510 messis
1161 2473 1203 2510 in
1225 2478 1312 2511 tam
1333 2472 1470 2512 sterili
1492 2474 1666 2512 Domini
1687 2474 1747 2512 ui-

120 2542 224 2580 nea?
246 2542 405 2579 Parant
428 2553 523 2579 eam
546 2541 672 2579 nobis
695 2549 816 2580 certe
839 2543 879 2580 in
897 2542 991 2580 dies
1026 2544 1276 2583 uberiorem
1299 2546 1513 2595 exempla,
1551 2545 1747 2595 spiritua—

121 2613 262 2663 liaque
287 2612 507 2661 colloquia
535 2625 623 2650 non
645 2613 776 2651 modo
798 2620 1064 2661 nostrorum,
1103 2614 1181 2652 sed
1201 2615 1367 2665 piarum
1391 2616 1520 2654 etiam
1541 2628 1747 2666 persona-

119 2698 228 2731 rum,
252 2696 380 2734 quae,
404 2688 451 2721 ut
474 2685 731 2734 euangelica
750 2685 822 2723 illa
842 2686 996 2723 mulier
1018 2685 1282 2733 drachmam,
1319 2699 1446 2737 quam
1476 2687 1742 2738 perdiderat,

121 2768 170 2794 se
191 2755 413 2794 inuenisse
434 2755 695 2805 gaudentes,
719 2756 901 2804 uicinos,
922 2757 993 2808 qui
1014 2757 1099 2795 hoc
1117 2757 1247 2795 etiam
1269 2757 1463 2808 gaudere
1480 2759 1596 2797 bono
1615 2764 1744 2810 atque

164 2942 183 2961 a
233 2953 255 2978 e
276 2952 356 2978 ms.
411 2943 481 2967 ——b
503 2941 688 2978 Emend.
711 2953 762 2979 ex
783 2942 969 2979 maxima.

156 3079 177 3128 ⁵¹
232 3107 338 3147 Vide
357 3119 491 3154 supra,
513 3119 548 3153 p.
569 3105 638 3143 454
655 3119 741 3154 sqq.
