<?xml version="1.0" encoding="UTF-8"?>
<!DOCTYPE html PUBLIC "-//W3C//DTD XHTML 1.0 Transitional//EN"
    "http://www.w3.org/TR/xhtml1/DTD/xhtml1-transitional.dtd">
<html xmlns="http://www.w3.org/1999/xhtml" xml:lang="en" lang="en">
 <head>
  <title>
</title>
<meta http-equiv="Content-Type" content="text/html;charset=utf-8" />
  <meta name='ocr-system' content='tesseract 3.04.00' />
  <meta name='ocr-capabilities' content='ocr_page ocr_carea ocr_par ocr_line ocrx_word'/>
</head>
<body>
  <div class='ocr_page' id='page_1' title='image "./litteraequadrime1806lain_0362.png"; bbox 0 0 1908 3446; ppageno 0'>
   <div class='ocr_carea' id='block_1_1' title="bbox 309 230 1391 276">
    <p class='ocr_par' dir='ltr' id='par_1_1' title="bbox 309 230 1391 276">
     <span class='ocr_line' id='line_1_1' title="bbox 309 230 1391 276; baseline 0.003 -11"><span class='ocrx_word' id='word_1_1' title='bbox 309 230 378 265; x_wconf 70' lang='lat'>342</span> <span class='ocrx_word' id='word_1_2' title='bbox 791 230 1007 268; x_wconf 68' lang='lat' dir='ltr'>Lln&#39;rERAE</span> <span class='ocrx_word' id='word_1_3' title='bbox 1035 231 1391 276; x_wconf 74' lang='lat' dir='ltr'>QUADfflMEsTREs</span> 
     </span>
    </p>
   </div>
   <div class='ocr_carea' id='block_1_2' title="bbox 264 332 1895 1515">
    <p class='ocr_par' dir='ltr' id='par_1_2' title="bbox 264 332 1895 1449">
     <span class='ocr_line' id='line_1_2' title="bbox 265 332 1870 383; baseline 0.006 -16"><span class='ocrx_word' id='word_1_4' title='bbox 265 335 441 369; x_wconf 82' lang='lat' dir='ltr'>senatus</span> <span class='ocrx_word' id='word_1_5' title='bbox 476 337 625 369; x_wconf 84' lang='lat' dir='ltr'>noster</span> <span class='ocrx_word' id='word_1_6' title='bbox 666 335 844 370; x_wconf 87' lang='lat' dir='ltr'>strenue</span> <span class='ocrx_word' id='word_1_7' title='bbox 877 332 1168 370; x_wconf 77' lang='lat' dir='ltr'>orthodoxam</span> <span class='ocrx_word' id='word_1_8' title='bbox 1204 333 1462 383; x_wconf 79' lang='lat' dir='ltr'>religionem</span> <span class='ocrx_word' id='word_1_9' title='bbox 1499 339 1659 372; x_wconf 89' lang='lat' dir='ltr'>tuetur.</span> <span class='ocrx_word' id='word_1_10' title='bbox 1697 335 1870 376; x_wconf 80' lang='lat' dir='ltr'>Senatus</span> 
     </span>
     <span class='ocr_line' id='line_1_3' title="bbox 265 402 1891 454; baseline 0.004 -14"><span class='ocrx_word' id='word_1_11' title='bbox 265 403 509 440; x_wconf 84' lang='lat' dir='ltr'>consultum</span> <span class='ocrx_word' id='word_1_12' title='bbox 533 407 686 441; x_wconf 89' lang='lat' dir='ltr'>contra</span> <span class='ocrx_word' id='word_1_13' title='bbox 706 402 956 442; x_wconf 90' lang='lat' dir='ltr'>haereticos</span> <span class='ocrx_word' id='word_1_14' title='bbox 977 404 1138 442; x_wconf 87' lang='lat' dir='ltr'>factum</span> <span class='ocrx_word' id='word_1_15' title='bbox 1161 408 1243 451; x_wconf 86' lang='lat' dir='ltr'>est,</span> <span class='ocrx_word' id='word_1_16' title='bbox 1262 404 1379 454; x_wconf 85' lang='lat' dir='ltr'>quod</span> <span class='ocrx_word' id='word_1_17' title='bbox 1401 410 1652 443; x_wconf 86' lang='lat' dir='ltr'>senatorum</span> <span class='ocrx_word' id='word_1_18' title='bbox 1674 406 1788 445; x_wconf 88' lang='lat' dir='ltr'>iussu</span> <span class='ocrx_word' id='word_1_19' title='bbox 1809 407 1870 448; x_wconf 87' lang='lat' dir='ltr'>die</span> <span class='ocrx_word' id='word_1_20' title='bbox 1889 419 1891 429; x_wconf 56' lang='lat'>‘</span> 
     </span>
     <span class='ocr_line' id='line_1_4' title="bbox 265 471 1870 525; baseline 0.006 -15"><span class='ocrx_word' id='word_1_21' title='bbox 265 471 436 511; x_wconf 87' lang='lat' dir='ltr'>decimo</span> <span class='ocrx_word' id='word_1_22' title='bbox 473 474 743 524; x_wconf 80' lang='lat' dir='ltr'>Septembris</span> <span class='ocrx_word' id='word_1_23' title='bbox 781 476 835 513; x_wconf 90' lang='lat' dir='ltr'>M.</span> <span class='ocrx_word' id='word_1_24' title='bbox 874 475 1090 513; x_wconf 84' lang='lat' dir='ltr'>Henricus</span> <span class='ocrx_word' id='word_1_25' title='bbox 1125 476 1278 514; x_wconf 77' lang='lat' dir='ltr'>noster</span> <span class='ocrx_word' id='word_1_26' title='bbox 1312 474 1546 525; x_wconf 84' lang='lat' dir='ltr'>Dionysius</span> <span class='ocrx_word' id='word_1_27' title='bbox 1581 484 1599 501; x_wconf 69' lang='lat' dir='ltr'>a</span> <span class='ocrx_word' id='word_1_28' title='bbox 1636 476 1677 514; x_wconf 91' lang='lat' dir='ltr'>in</span> <span class='ocrx_word' id='word_1_29' title='bbox 1716 490 1870 519; x_wconf 88' lang='lat' dir='ltr'>summo</span> 
     </span>
     <span class='ocr_line' id='line_1_5' title="bbox 264 538 1891 596; baseline 0.004 -14"><span class='ocrx_word' id='word_1_30' title='bbox 264 545 427 595; x_wconf 86' lang='lat' dir='ltr'>templo</span> <span class='ocrx_word' id='word_1_31' title='bbox 450 544 470 569; x_wconf 77' lang='lat' dir='ltr'>b</span> <span class='ocrx_word' id='word_1_32' title='bbox 492 557 515 582; x_wconf 92' lang='lat' dir='ltr'>e</span> <span class='ocrx_word' id='word_1_33' title='bbox 537 550 751 596; x_wconf 82' lang='lat' dir='ltr'>suggestu</span> <span class='ocrx_word' id='word_1_34' title='bbox 782 544 1033 596; x_wconf 87' lang='lat' dir='ltr'>publicauit.</span> <span class='ocrx_word' id='word_1_35' title='bbox 1058 545 1204 584; x_wconf 81' lang='lat' dir='ltr'>Faciat</span> <span class='ocrx_word' id='word_1_36' title='bbox 1236 547 1370 593; x_wconf 90' lang='lat' dir='ltr'>Deus,</span> <span class='ocrx_word' id='word_1_37' title='bbox 1404 552 1448 584; x_wconf 92' lang='lat' dir='ltr'>ut</span> <span class='ocrx_word' id='word_1_38' title='bbox 1479 547 1579 585; x_wconf 86' lang='lat' dir='ltr'>huic</span> <span class='ocrx_word' id='word_1_39' title='bbox 1601 546 1782 587; x_wconf 87' lang='lat' dir='ltr'>decreto</span> <span class='ocrx_word' id='word_1_40' title='bbox 1811 538 1891 590; x_wconf 64' lang='lat' dir='ltr'>ze-&gt;</span> 
     </span>
     <span class='ocr_line' id='line_1_6' title="bbox 264 615 1871 669; baseline 0.004 -16"><span class='ocrx_word' id='word_1_41' title='bbox 264 615 383 653; x_wconf 87' lang='lat' dir='ltr'>losus</span> <span class='ocrx_word' id='word_1_42' title='bbox 405 615 680 665; x_wconf 83' lang='lat' dir='ltr'>praeficiatur</span> <span class='ocrx_word' id='word_1_43' title='bbox 703 622 935 655; x_wconf 82' lang='lat' dir='ltr'>executor.</span> <span class='ocrx_word' id='word_1_44' title='bbox 960 616 1003 655; x_wconf 89' lang='lat' dir='ltr'>S.</span> <span class='ocrx_word' id='word_1_45' title='bbox 1028 616 1077 655; x_wconf 90' lang='lat' dir='ltr'>C.</span> <span class='ocrx_word' id='word_1_46' title='bbox 1102 622 1119 641; x_wconf 84' lang='lat' dir='ltr'>c</span> <span class='ocrx_word' id='word_1_47' title='bbox 1140 617 1272 655; x_wconf 90' lang='lat' dir='ltr'>latine</span> <span class='ocrx_word' id='word_1_48' title='bbox 1303 623 1540 669; x_wconf 84' lang='lat' dir='ltr'>Vtcumque</span> <span class='ocrx_word' id='word_1_49' title='bbox 1572 618 1787 659; x_wconf 89' lang='lat' dir='ltr'>redditum</span> <span class='ocrx_word' id='word_1_50' title='bbox 1815 621 1871 661; x_wconf 78' lang='lat' dir='ltr'>his</span> 
     </span>
     <span class='ocr_line' id='line_1_7' title="bbox 264 686 1892 740; baseline 0.004 -16"><span class='ocrx_word' id='word_1_51' title='bbox 264 686 400 724; x_wconf 90' lang='lat' dir='ltr'>literis</span> <span class='ocrx_word' id='word_1_52' title='bbox 430 687 642 725; x_wconf 87' lang='lat' dir='ltr'>inclusum</span> <span class='ocrx_word' id='word_1_53' title='bbox 674 688 886 726; x_wconf 82' lang='lat' dir='ltr'>mittimus</span> <span class='ocrx_word' id='word_1_54' title='bbox 919 690 943 726; x_wconf 91' lang='lat'>¹.</span> <span class='ocrx_word' id='word_1_55' title='bbox 980 689 1218 726; x_wconf 80' lang='lat' dir='ltr'>Praeterea</span> <span class='ocrx_word' id='word_1_56' title='bbox 1246 688 1376 726; x_wconf 89' lang='lat' dir='ltr'>missa</span> <span class='ocrx_word' id='word_1_57' title='bbox 1405 690 1602 740; x_wconf 84' lang='lat' dir='ltr'>precaria</span> <span class='ocrx_word' id='word_1_58' title='bbox 1636 690 1701 728; x_wconf 89' lang='lat' dir='ltr'>his</span> <span class='ocrx_word' id='word_1_59' title='bbox 1731 690 1892 737; x_wconf 69' lang='lat' dir='ltr'>diebus,</span> 
     </span>
     <span class='ocr_line' id='line_1_8' title="bbox 267 758 1892 811; baseline 0.005 -16"><span class='ocrx_word' id='word_1_60' title='bbox 267 759 489 797; x_wconf 84' lang='lat' dir='ltr'>celebrata</span> <span class='ocrx_word' id='word_1_61' title='bbox 509 758 603 797; x_wconf 84' lang='lat' dir='ltr'>fuit.</span> <span class='ocrx_word' id='word_1_62' title='bbox 628 759 761 797; x_wconf 89' lang='lat' dir='ltr'>Multa</span> <span class='ocrx_word' id='word_1_63' title='bbox 783 760 896 798; x_wconf 85' lang='lat' dir='ltr'>enim</span> <span class='ocrx_word' id='word_1_64' title='bbox 919 759 1275 810; x_wconf 83' lang='lat' dir='ltr'>periclitabantur</span> <span class='ocrx_word' id='word_1_65' title='bbox 1304 765 1483 811; x_wconf 87' lang='lat' dir='ltr'>propter</span> <span class='ocrx_word' id='word_1_66' title='bbox 1518 760 1691 799; x_wconf 79' lang='lat' dir='ltr'>nimiam</span> <span class='ocrx_word' id='word_1_67' title='bbox 1720 762 1892 803; x_wconf 79' lang='lat' dir='ltr'>siccita-=</span> 
     </span>
     <span class='ocr_line' id='line_1_9' title="bbox 266 828 1892 882; baseline 0.004 -16"><span class='ocrx_word' id='word_1_68' title='bbox 266 834 370 876; x_wconf 90' lang='lat' dir='ltr'>tem,</span> <span class='ocrx_word' id='word_1_69' title='bbox 400 828 480 867; x_wconf 91' lang='lat' dir='ltr'>sed</span> <span class='ocrx_word' id='word_1_70' title='bbox 510 828 656 867; x_wconf 84' lang='lat' dir='ltr'>statim</span> <span class='ocrx_word' id='word_1_71' title='bbox 688 835 837 880; x_wconf 89' lang='lat' dir='ltr'>optata</span> <span class='ocrx_word' id='word_1_72' title='bbox 868 829 948 868; x_wconf 87' lang='lat' dir='ltr'>fuit</span> <span class='ocrx_word' id='word_1_73' title='bbox 979 830 1080 868; x_wconf 89' lang='lat' dir='ltr'>data</span> <span class='ocrx_word' id='word_1_74' title='bbox 1108 830 1267 881; x_wconf 88' lang='lat' dir='ltr'>pluuia.</span> <span class='ocrx_word' id='word_1_75' title='bbox 1304 831 1424 869; x_wconf 84' lang='lat' dir='ltr'>Bene</span> <span class='ocrx_word' id='word_1_76' title='bbox 1457 843 1562 882; x_wconf 81' lang='lat' dir='ltr'>erga</span> <span class='ocrx_word' id='word_1_77' title='bbox 1592 845 1672 870; x_wconf 91' lang='lat' dir='ltr'>nos</span> <span class='ocrx_word' id='word_1_78' title='bbox 1702 833 1892 874; x_wconf 50' lang='lat' dir='ltr'>affectus*</span> 
     </span>
     <span class='ocr_line' id='line_1_10' title="bbox 267 900 1873 954; baseline 0.002 -15"><span class='ocrx_word' id='word_1_79' title='bbox 267 904 334 939; x_wconf 90' lang='lat' dir='ltr'>est</span> <span class='ocrx_word' id='word_1_80' title='bbox 355 904 546 939; x_wconf 88' lang='lat' dir='ltr'>senatus.</span> <span class='ocrx_word' id='word_1_81' title='bbox 571 900 779 939; x_wconf 86' lang='lat' dir='ltr'>Nonnulli</span> <span class='ocrx_word' id='word_1_82' title='bbox 800 902 1027 952; x_wconf 86' lang='lat' dir='ltr'>portiones</span> <span class='ocrx_word' id='word_1_83' title='bbox 1050 906 1114 951; x_wconf 86' lang='lat' dir='ltr'>(vt</span> <span class='ocrx_word' id='word_1_84' title='bbox 1136 902 1315 951; x_wconf 84' lang='lat' dir='ltr'>vocant)</span> <span class='ocrx_word' id='word_1_85' title='bbox 1337 902 1378 940; x_wconf 89' lang='lat' dir='ltr'>in</span> <span class='ocrx_word' id='word_1_86' title='bbox 1408 907 1560 940; x_wconf 88' lang='lat' dir='ltr'>nostro</span> <span class='ocrx_word' id='word_1_87' title='bbox 1585 903 1772 954; x_wconf 83' lang='lat' dir='ltr'>collegio</span> <span class='ocrx_word' id='word_1_88' title='bbox 1792 904 1873 944; x_wconf 89' lang='lat' dir='ltr'>fun-</span> 
     </span>
     <span class='ocr_line' id='line_1_11' title="bbox 266 969 1873 1023; baseline 0.004 -14"><span class='ocrx_word' id='word_1_89' title='bbox 266 969 370 1009; x_wconf 88' lang='lat' dir='ltr'>dare</span> <span class='ocrx_word' id='word_1_90' title='bbox 391 970 614 1022; x_wconf 86' lang='lat' dir='ltr'>incipiunt.</span> <span class='ocrx_word' id='word_1_91' title='bbox 639 971 780 1010; x_wconf 89' lang='lat' dir='ltr'>Vidua</span> <span class='ocrx_word' id='word_1_92' title='bbox 800 972 1014 1023; x_wconf 84' lang='lat' dir='ltr'>quaedam</span> <span class='ocrx_word' id='word_1_93' title='bbox 1037 972 1158 1020; x_wconf 82' lang='lat' dir='ltr'>duas,</span> <span class='ocrx_word' id='word_1_94' title='bbox 1184 973 1420 1011; x_wconf 84' lang='lat' dir='ltr'>canonicus</span> <span class='ocrx_word' id='word_1_95' title='bbox 1441 972 1590 1012; x_wconf 88' lang='lat' dir='ltr'>itidem</span> <span class='ocrx_word' id='word_1_96' title='bbox 1614 974 1745 1013; x_wconf 88' lang='lat' dir='ltr'>credo</span> <span class='ocrx_word' id='word_1_97' title='bbox 1764 975 1873 1016; x_wconf 89' lang='lat' dir='ltr'>duas.</span> 
     </span>
     <span class='ocr_line' id='line_1_12' title="bbox 268 1041 1893 1095; baseline 0.004 -16"><span class='ocrx_word' id='word_1_98' title='bbox 268 1042 318 1080; x_wconf 91' lang='lat' dir='ltr'>D.</span> <span class='ocrx_word' id='word_1_99' title='bbox 344 1041 620 1080; x_wconf 84' lang='lat' dir='ltr'>Burchardus</span> <span class='ocrx_word' id='word_1_100' title='bbox 642 1046 669 1089; x_wconf 81' lang='lat'>²,</span> <span class='ocrx_word' id='word_1_101' title='bbox 696 1048 912 1094; x_wconf 84' lang='lat' dir='ltr'>cognatus</span> <span class='ocrx_word' id='word_1_102' title='bbox 934 1044 985 1082; x_wconf 92' lang='lat' dir='ltr'>D.</span> <span class='ocrx_word' id='word_1_103' title='bbox 1011 1043 1187 1093; x_wconf 86' lang='lat' dir='ltr'>Canisij,</span> <span class='ocrx_word' id='word_1_104' title='bbox 1224 1056 1338 1082; x_wconf 88' lang='lat' dir='ltr'>nunc</span> <span class='ocrx_word' id='word_1_105' title='bbox 1373 1056 1451 1082; x_wconf 86' lang='lat' dir='ltr'>sex</span> <span class='ocrx_word' id='word_1_106' title='bbox 1481 1044 1708 1095; x_wconf 86' lang='lat' dir='ltr'>portiones</span> <span class='ocrx_word' id='word_1_107' title='bbox 1737 1045 1893 1087; x_wconf 54' lang='lat' dir='ltr'>funda-¹</span> 
     </span>
     <span class='ocr_line' id='line_1_13' title="bbox 267 1111 1893 1168; baseline 0.004 -17"><span class='ocrx_word' id='word_1_108' title='bbox 267 1111 341 1151; x_wconf 88' lang='lat' dir='ltr'>uit.</span> <span class='ocrx_word' id='word_1_109' title='bbox 380 1113 587 1164; x_wconf 83' lang='lat' dir='ltr'>Singulae</span> <span class='ocrx_word' id='word_1_110' title='bbox 623 1126 766 1152; x_wconf 87' lang='lat' dir='ltr'>annue</span> <span class='ocrx_word' id='word_1_111' title='bbox 798 1114 1008 1152; x_wconf 85' lang='lat' dir='ltr'>valebunt</span> <span class='ocrx_word' id='word_1_112' title='bbox 1043 1125 1093 1164; x_wconf 86' lang='lat'>24</span> <span class='ocrx_word' id='word_1_113' title='bbox 1124 1115 1355 1153; x_wconf 89' lang='lat' dir='ltr'>carolinos.</span> <span class='ocrx_word' id='word_1_114' title='bbox 1394 1116 1492 1154; x_wconf 89' lang='lat' dir='ltr'>Hoc</span> <span class='ocrx_word' id='word_1_115' title='bbox 1521 1117 1893 1168; x_wconf 72' lang='lat' dir='ltr'>neomagensibus&#39;</span> 
     </span>
     <span class='ocr_line' id='line_1_14' title="bbox 267 1184 1875 1236; baseline 0.003 -12"><span class='ocrx_word' id='word_1_116' title='bbox 267 1185 447 1224; x_wconf 89' lang='lat' dir='ltr'>multum</span> <span class='ocrx_word' id='word_1_117' title='bbox 469 1184 645 1236; x_wconf 84' lang='lat' dir='ltr'>placuit,</span> <span class='ocrx_word' id='word_1_118' title='bbox 685 1185 880 1224; x_wconf 91' lang='lat' dir='ltr'>nonnulli</span> <span class='ocrx_word' id='word_1_119' title='bbox 902 1186 1099 1224; x_wconf 84' lang='lat' dir='ltr'>fortassis</span> <span class='ocrx_word' id='word_1_120' title='bbox 1134 1186 1429 1226; x_wconf 89' lang='lat' dir='ltr'>imitabuntur.</span> <span class='ocrx_word' id='word_1_121' title='bbox 1455 1187 1601 1227; x_wconf 72' lang='lat' dir='ltr'>Aliter</span> <span class='ocrx_word' id='word_1_122' title='bbox 1631 1187 1766 1227; x_wconf 76' lang='lat' dir='ltr'>etiam</span> <span class='ocrx_word' id='word_1_123' title='bbox 1786 1189 1805 1215; x_wconf 77' lang='lat'>‘¹</span> <span class='ocrx_word' id='word_1_124' title='bbox 1823 1190 1875 1229; x_wconf 92' lang='lat' dir='ltr'>iu-</span> 
     </span>
     <span class='ocr_line' id='line_1_15' title="bbox 269 1256 1895 1310; baseline 0.002 -15"><span class='ocrx_word' id='word_1_125' title='bbox 269 1262 424 1295; x_wconf 88' lang='lat' dir='ltr'>uantur</span> <span class='ocrx_word' id='word_1_126' title='bbox 463 1269 680 1307; x_wconf 88' lang='lat' dir='ltr'>pauperes</span> <span class='ocrx_word' id='word_1_127' title='bbox 717 1256 915 1308; x_wconf 81' lang='lat' dir='ltr'>discipuli</span> <span class='ocrx_word' id='word_1_128' title='bbox 954 1258 1106 1296; x_wconf 87' lang='lat' dir='ltr'>nostri.</span> <span class='ocrx_word' id='word_1_129' title='bbox 1146 1258 1272 1295; x_wconf 89' lang='lat' dir='ltr'>Plura</span> <span class='ocrx_word' id='word_1_130' title='bbox 1306 1258 1391 1296; x_wconf 90' lang='lat' dir='ltr'>hoc</span> <span class='ocrx_word' id='word_1_131' title='bbox 1425 1263 1626 1310; x_wconf 87' lang='lat' dir='ltr'>tempore</span> <span class='ocrx_word' id='word_1_132' title='bbox 1662 1259 1895 1300; x_wconf 51' lang='lat' dir='ltr'>scribenda*</span> 
     </span>
     <span class='ocr_line' id='line_1_16' title="bbox 268 1328 1894 1384; baseline 0.003 -18"><span class='ocrx_word' id='word_1_133' title='bbox 268 1341 354 1367; x_wconf 89' lang='lat' dir='ltr'>non</span> <span class='ocrx_word' id='word_1_134' title='bbox 392 1332 642 1375; x_wconf 90' lang='lat' dir='ltr'>occurrunt,</span> <span class='ocrx_word' id='word_1_135' title='bbox 681 1328 777 1368; x_wconf 72' lang='lat' dir='ltr'>R.de</span> <span class='ocrx_word' id='word_1_136' title='bbox 810 1330 878 1367; x_wconf 90' lang='lat' dir='ltr'>Pr.</span> <span class='ocrx_word' id='word_1_137' title='bbox 920 1329 1093 1376; x_wconf 78' lang='lat' dir='ltr'>[Preces</span> <span class='ocrx_word' id='word_1_138' title='bbox 1124 1330 1329 1379; x_wconf 75' lang='lat' dir='ltr'>postulat</span> <span class='ocrx_word' id='word_1_139' title='bbox 1363 1331 1402 1369; x_wconf 76' lang='lat' dir='ltr'>et</span> <span class='ocrx_word' id='word_1_140' title='bbox 1432 1330 1531 1370; x_wconf 79' lang='lat' dir='ltr'>vale</span> <span class='ocrx_word' id='word_1_141' title='bbox 1567 1330 1706 1380; x_wconf 55' lang='lat' dir='ltr'>dicim</span> <span class='ocrx_word' id='word_1_142' title='bbox 1746 1332 1894 1384; x_wconf 29' lang='lat' dir='ltr'>Pridie·</span> 
     </span>
     <span class='ocr_line' id='line_1_17' title="bbox 270 1397 1895 1449; baseline 0.001 -11"><span class='ocrx_word' id='word_1_143' title='bbox 270 1397 550 1438; x_wconf 88' lang='lat' dir='ltr'>exaltationis</span> <span class='ocrx_word' id='word_1_144' title='bbox 572 1411 726 1437; x_wconf 91' lang='lat' dir='ltr'>sacrae</span> <span class='ocrx_word' id='word_1_145' title='bbox 749 1400 918 1447; x_wconf 85' lang='lat' dir='ltr'>Crucis,</span> <span class='ocrx_word' id='word_1_146' title='bbox 943 1413 1055 1438; x_wconf 89' lang='lat' dir='ltr'>anno</span> <span class='ocrx_word' id='word_1_147' title='bbox 1083 1408 1196 1449; x_wconf 83' lang='lat'>1559.</span> <span class='ocrx_word' id='word_1_148' title='bbox 1220 1400 1449 1440; x_wconf 91' lang='lat' dir='ltr'>Coloniae.</span> <span class='ocrx_word' id='word_1_149' title='bbox 1893 1402 1895 1406; x_wconf 55' lang='lat'><strong><em>⁴</em></strong></span> 
     </span>
    </p>

    <p class='ocr_par' dir='ltr' id='par_1_3' title="bbox 348 1470 1876 1515">
     <span class='ocr_line' id='line_1_18' title="bbox 348 1470 1876 1515; baseline 0.004 -6"><span class='ocrx_word' id='word_1_150' title='bbox 348 1472 411 1509; x_wconf 89' lang='lat' dir='ltr'>Ex</span> <span class='ocrx_word' id='word_1_151' title='bbox 434 1470 637 1510; x_wconf 88' lang='lat' dir='ltr'>mandato</span> <span class='ocrx_word' id='word_1_152' title='bbox 663 1471 752 1510; x_wconf 89' lang='lat' dir='ltr'>R.di</span> <span class='ocrx_word' id='word_1_153' title='bbox 776 1473 822 1510; x_wconf 82' lang='lat' dir='ltr'>P.</span> <span class='ocrx_word' id='word_1_154' title='bbox 847 1470 1080 1511; x_wconf 87' lang='lat' dir='ltr'>Leonardi.</span> <span class='ocrx_word' id='word_1_155' title='bbox 1106 1472 1305 1511; x_wconf 89' lang='lat' dir='ltr'>Minimus</span> <span class='ocrx_word' id='word_1_156' title='bbox 1327 1473 1375 1512; x_wconf 87' lang='lat' dir='ltr'>R.</span> <span class='ocrx_word' id='word_1_157' title='bbox 1402 1473 1683 1512; x_wconf 85' lang='lat' dir='ltr'>Paternitatis</span> <span class='ocrx_word' id='word_1_158' title='bbox 1704 1475 1754 1514; x_wconf 93' lang='lat' dir='ltr'>V.</span> <span class='ocrx_word' id='word_1_159' title='bbox 1778 1475 1876 1515; x_wconf 86' lang='lat' dir='ltr'>filius</span> 
     </span>
    </p>
   </div>
   <div class='ocr_carea' id='block_1_3' title="bbox 1333 1556 1842 1601">
    <p class='ocr_par' dir='ltr' id='par_1_4' title="bbox 1333 1556 1842 1601">
     <span class='ocr_line' id='line_1_19' title="bbox 1333 1556 1842 1601; baseline 0.004 -2"><span class='ocrx_word' id='word_1_160' title='bbox 1333 1562 1510 1600; x_wconf 80' lang='lat' dir='ltr'>IOANNEs</span> <span class='ocrx_word' id='word_1_161' title='bbox 1542 1562 1727 1601; x_wconf 72' lang='lat' dir='ltr'>RETfflus</span> <span class='ocrx_word' id='word_1_162' title='bbox 1755 1569 1782 1601; x_wconf 78' lang='lat'>³.</span> <span class='ocrx_word' id='word_1_163' title='bbox 1840 1556 1842 1559; x_wconf 36' lang='lat'>⁵</span> 
     </span>
    </p>
   </div>
   <div class='ocr_carea' id='block_1_4' title="bbox 348 1685 1898 1756">
    <p class='ocr_par' dir='ltr' id='par_1_5' title="bbox 348 1685 1898 1756">
     <span class='ocr_line' id='line_1_20' title="bbox 348 1685 1898 1756; baseline 0.001 -32"><span class='ocrx_word' id='word_1_164' title='bbox 348 1685 456 1724; x_wconf 72' lang='lat' dir='ltr'>Alia</span> <span class='ocrx_word' id='word_1_165' title='bbox 479 1699 633 1725; x_wconf 76' lang='lat' dir='ltr'>manu.</span> <span class='ocrx_word' id='word_1_166' title='bbox 660 1685 917 1724; x_wconf 87' lang='lat' dir='ltr'>Emendata.</span> <span class='ocrx_word' id='word_1_167' title='bbox 943 1685 1145 1724; x_wconf 88' lang='lat' dir='ltr'>Mandata</span> <span class='ocrx_word' id='word_1_168' title='bbox 1165 1698 1189 1724; x_wconf 88' lang='lat' dir='ltr'>a</span> <span class='ocrx_word' id='word_1_169' title='bbox 1210 1687 1397 1737; x_wconf 41' lang='lat' dir='ltr'>§pagum</span> <span class='ocrx_word' id='word_1_170' title='bbox 1421 1686 1609 1725; x_wconf 89' lang='lat' dir='ltr'>Genoua</span> <span class='ocrx_word' id='word_1_171' title='bbox 1631 1692 1736 1735; x_wconf 84' lang='lat' dir='ltr'>etc.‚</span> <span class='ocrx_word' id='word_1_172' title='bbox 1763 1688 1898 1756; x_wconf 35' lang='lat' dir='ltr'>Fran-t</span> 
     </span>
    </p>
   </div>
   <div class='ocr_carea' id='block_1_5' title="bbox 269 1756 793 1880">
    <p class='ocr_par' dir='ltr' id='par_1_6' title="bbox 269 1756 793 1880">
     <span class='ocr_line' id='line_1_21' title="bbox 269 1756 553 1807; baseline 0.004 -13"><span class='ocrx_word' id='word_1_173' title='bbox 269 1757 350 1805; x_wconf 73' lang='lat' dir='ltr'>cia,</span> <span class='ocrx_word' id='word_1_174' title='bbox 381 1756 553 1807; x_wconf 90' lang='lat' dir='ltr'>Napoli.</span> 
     </span>
     <span class='ocr_line' id='line_1_22' title="bbox 349 1827 793 1880; baseline 0.005 -14"><span class='ocrx_word' id='word_1_175' title='bbox 349 1827 514 1879; x_wconf 71' lang='lat' dir='ltr'>Sigilli</span> <span class='ocrx_word' id='word_1_176' title='bbox 534 1827 793 1880; x_wconf 76' lang='lat' dir='ltr'>vestigium.</span> 
     </span>
    </p>
   </div>
   <div class='ocr_carea' id='block_1_6' title="bbox 272 2024 1876 2122">
    <p class='ocr_par' dir='ltr' id='par_1_7' title="bbox 272 2024 1876 2122">
     <span class='ocr_line' id='line_1_23' title="bbox 316 2024 1876 2072; baseline -0.001 -10"><span class='ocrx_word' id='word_1_177' title='bbox 316 2033 334 2051; x_wconf 81' lang='lat' dir='ltr'>a</span> <span class='ocrx_word' id='word_1_178' title='bbox 367 2031 514 2063; x_wconf 82' lang='lat' dir='ltr'>noster.</span> <span class='ocrx_word' id='word_1_179' title='bbox 581 2026 647 2051; x_wconf 79' lang='lat' dir='ltr'>—b</span> <span class='ocrx_word' id='word_1_180' title='bbox 684 2025 723 2061; x_wconf 90' lang='lat' dir='ltr'>in</span> <span class='ocrx_word' id='word_1_181' title='bbox 751 2037 829 2072; x_wconf 90' lang='lat' dir='ltr'>quo</span> <span class='ocrx_word' id='word_1_182' title='bbox 864 2025 1131 2062; x_wconf 80' lang='lat' dir='ltr'>ecclesiasten</span> <span class='ocrx_word' id='word_1_183' title='bbox 1167 2024 1265 2071; x_wconf 82' lang='lat' dir='ltr'>agit.</span> <span class='ocrx_word' id='word_1_184' title='bbox 1332 2033 1394 2051; x_wconf 72' lang='lat' dir='ltr'>—C</span> <span class='ocrx_word' id='word_1_185' title='bbox 1429 2024 1606 2063; x_wconf 82' lang='lat' dir='ltr'>Senatus</span> <span class='ocrx_word' id='word_1_186' title='bbox 1649 2026 1876 2062; x_wconf 88' lang='lat' dir='ltr'>consultum.</span> 
     </span>
     <span class='ocr_line' id='line_1_24' title="bbox 272 2084 762 2122; baseline -0.004 0"><span class='ocrx_word' id='word_1_187' title='bbox 272 2108 288 2111; x_wconf 87' lang='lat'>—</span> <span class='ocrx_word' id='word_1_188' title='bbox 317 2085 336 2111; x_wconf 68' lang='lat'>‘¹</span> <span class='ocrx_word' id='word_1_189' title='bbox 353 2085 461 2122; x_wconf 90' lang='lat' dir='ltr'>Aliis</span> <span class='ocrx_word' id='word_1_190' title='bbox 480 2084 603 2122; x_wconf 81' lang='lat' dir='ltr'>etiam</span> <span class='ocrx_word' id='word_1_191' title='bbox 624 2084 762 2122; x_wconf 84' lang='lat' dir='ltr'>modis.</span> 
     </span>
    </p>
   </div>
   <div class='ocr_carea' id='block_1_7' title="bbox 271 2271 1898 2498">
    <p class='ocr_par' dir='ltr' id='par_1_8' title="bbox 321 2271 1139 2311">
     <span class='ocr_line' id='line_1_25' title="bbox 321 2271 1139 2311; baseline -0.002 -1"><span class='ocrx_word' id='word_1_192' title='bbox 321 2275 327 2293; x_wconf 89' lang='lat'><strong>¹</strong></span> <span class='ocrx_word' id='word_1_193' title='bbox 380 2273 590 2311; x_wconf 89' lang='lat' dir='ltr'>Invenitur</span> <span class='ocrx_word' id='word_1_194' title='bbox 610 2273 650 2310; x_wconf 88' lang='lat' dir='ltr'>in</span> <span class='ocrx_word' id='word_1_195' title='bbox 671 2272 812 2310; x_wconf 87' lang='lat' dir='ltr'>eodem</span> <span class='ocrx_word' id='word_1_196' title='bbox 831 2271 916 2308; x_wconf 89' lang='lat' dir='ltr'>cod.</span> <span class='ocrx_word' id='word_1_197' title='bbox 938 2271 1004 2308; x_wconf 76' lang='lat' dir='ltr'>fol.</span> <span class='ocrx_word' id='word_1_198' title='bbox 1030 2271 1139 2308; x_wconf 65' lang='lat'>171³.</span> 
     </span>
    </p>

    <p class='ocr_par' dir='ltr' id='par_1_9' title="bbox 271 2328 1898 2436">
     <span class='ocr_line' id='line_1_26' title="bbox 320 2328 1898 2379; baseline -0.001 -10"><span class='ocrx_word' id='word_1_199' title='bbox 320 2334 333 2353; x_wconf 79' lang='lat'><strong>²</strong></span> <span class='ocrx_word' id='word_1_200' title='bbox 382 2332 622 2371; x_wconf 85' lang='lat' dir='ltr'>Franciseus</span> <span class='ocrx_word' id='word_1_201' title='bbox 639 2331 911 2374; x_wconf 78' lang='lat' dir='ltr'>ssurchardus,</span> <span class='ocrx_word' id='word_1_202' title='bbox 928 2331 1216 2379; x_wconf 87' lang='lat' dir='ltr'>archiepiscopi</span> <span class='ocrx_word' id='word_1_203' title='bbox 1232 2332 1472 2369; x_wconf 83' lang='lat' dir='ltr'>coloniensis</span> <span class='ocrx_word' id='word_1_204' title='bbox 1484 2330 1751 2370; x_wconf 83' lang='lat' dir='ltr'>cancellarius</span> <span class='ocrx_word' id='word_1_205' title='bbox 1778 2330 1877 2368; x_wconf 63' lang='lat' dir='ltr'>Hm-</span> <span class='ocrx_word' id='word_1_206' title='bbox 1895 2328 1898 2342; x_wconf 90' lang='lat'>&#39;</span> 
     </span>
     <span class='ocr_line' id='line_1_27' title="bbox 271 2391 450 2436; baseline -0.011 -5"><span class='ocrx_word' id='word_1_207' title='bbox 271 2404 360 2436; x_wconf 59' lang='lat' dir='ltr'>salv,</span> <span class='ocrx_word' id='word_1_208' title='bbox 380 2391 450 2429; x_wconf 85' lang='lat'>292</span> 
     </span>
    </p>

    <p class='ocr_par' dir='ltr' id='par_1_10' title="bbox 320 2450 1019 2498">
     <span class='ocr_line' id='line_1_28' title="bbox 320 2450 1019 2498; baseline -0.004 -9"><span class='ocrx_word' id='word_1_209' title='bbox 320 2453 333 2473; x_wconf 85' lang='lat'>³</span> <span class='ocrx_word' id='word_1_210' title='bbox 384 2450 448 2489; x_wconf 76' lang='lat' dir='ltr'>Cf.</span> <span class='ocrx_word' id='word_1_211' title='bbox 470 2451 572 2489; x_wconf 81' lang='lat' dir='ltr'>Litt.</span> <span class='ocrx_word' id='word_1_212' title='bbox 590 2450 842 2498; x_wconf 61' lang='lat' dir='ltr'>Quadrim„</span> <span class='ocrx_word' id='word_1_213' title='bbox 865 2450 918 2496; x_wconf 84' lang='lat' dir='ltr'>V,</span> <span class='ocrx_word' id='word_1_214' title='bbox 938 2450 1019 2487; x_wconf 80' lang='lat'>237.</span> 
     </span>
    </p>
   </div>
  </div>
 </body>
</html>
