1908 3446
510 121 898 160 328.—V1NooBoNA
929 122 943 157 1
969 121 1169 167 JANUARH
1201 120 1289 157 1560
1593 119 1662 155 4133

167 227 295 275 litque
317 224 404 270 filii
424 227 512 262 duo
536 225 658 273 apud
682 226 858 262 nostros
890 221 1195 260 instituantur
1226 219 1562 271 poslzclai.-⁴—l2.
1601 221 1708 256 lsra-

165 291 251 329 tris
288 289 484 340 Georgii
523 288 791 328 morsa—13.
839 287 1054 326 Szibsidict
1096 290 1182 337 pro
1223 288 1478 336 pauperum
1516 284 1708 335 collegio

159 355 383 407 pragensi
404 353 730 394 collecta—14.
758 352 1176 405 Peregrinafiones.
1202 353 1294 390 Pro
1312 354 1537 402 prospera
1562 349 1707 400 ponti-

162 421 258 467 licis
288 420 482 459 maximi
510 419 720 459 electione
737 417 1172 470 poenitentiae.—15.
1201 416 1564 468 Confessiomtm,
1593 428 1709 454 com—

163 486 431 525 mzmz'onnm
467 488 600 535 atque
635 486 898 524 contionum
922 483 1206 536 frequentia.
1240 482 1345 521 Alia
1379 481 1709 520 snzz'nz‘srerz'af

162 550 224 590 16.
249 551 532 590 Nostrorum
557 549 603 588 in
625 550 838 589 doctrina
860 553 899 589 et
921 550 1087 588 virtute
1117 548 1371 587 auctoritas
1401 550 1441 586 ez‘
1473 550 1707 597 oppugna-

164 616 241 655 tio.
268 616 427 655 Miseri
448 616 494 654 in
513 615 748 667 angustiis
765 620 848 666 per
865 617 1047 655 nostros
1067 615 1252 665 sperant
1273 627 1316 652 se
1326 613 1544 665 favorem
1562 625 1709 651 conse-

161 683 399 732 quuiaros.

138 813 169 839 Ι.
221 803 248 851 †
266 801 354 852 Jhs.
382 802 469 838 Pax
494 801 644 839 CHRI.
666 805 751 838 etc.
773 802 827 838 Vt
846 800 1026 838 satisfiat
1043 812 1120 849 per
1137 812 1217 836 nos
1235 798 1436 849 indignos
1458 797 1569 835 filios
1592 802 1705 843 tuos,

81 874 147 911 Pr.
182 873 221 910 in
255 871 427 911 CHRO.
462 871 572 918 Rde,
597 872 739 909 ueteri
761 885 811 909 ac
832 871 1165 922 probatissimae
1188 870 1314 907 huius
1336 869 1535 907 minimae
1559 869 1708 907 Socie-

79 945 177 982 tatis
194 945 326 995 JESV
349 943 671 989 consuetudini,
698 944 836 981 visum
860 949 926 982 est
949 956 1001 981 ea
1021 956 1132 993 quae
1155 944 1195 980 in
1227 955 1436 980 caesareo
1469 942 1554 979 hoc
1589 942 1706 978 vien-

74 1016 199 1054 ·nensi
234 1015 423 1065 collegio
460 1015 697 1053 Societatis
724 1016 855 1066 JEsV
885 1015 1084 1064 proximo
1117 1013 1421 1064 quadrimestri
1443 1018 1570 1063 gesta
1592 1018 1704 1055 sunt,

40 1080 46 1087 ⁵
80 1085 180 1125 unis
199 1087 218 1105 a
239 1087 374 1124 literis
397 1086 646 1136 complecti.
681 1087 745 1123 Ae
776 1100 845 1124 res
876 1086 995 1124 dictu
1025 1086 1207 1123 forsitan
1238 1098 1385 1135 parua,
1419 1090 1705 1123 ueruntamen

78 1171 186 1209 quae
218 1158 392 1195 maximi
423 1158 477 1195 sit
508 1158 733 1204 momenti,
773 1157 1002 1196 scribenda
1032 1157 1135 1195 mihi
1170 1170 1268 1195 sese
1299 1157 1340 1194 in
1375 1157 1522 1206 primis
1558 1156 1702 1194 offert.

78 1229 273 1267 Assiduis
305 1234 387 1275 est,
426 1230 521 1266 Deo
554 1229 660 1275 laus,
700 1229 908 1267 effectum
944 1234 1193 1267 nostrorum
1230 1227 1623 1273 cohortationibus,
1661 1233 1706 1264 ut

78 1300 257 1339 studiosi
278 1300 349 1350 qui
371 1299 424 1337 ad
446 1313 526 1337 nos
549 1300 788 1346 confluunt,
812 1300 1006 1338 famosos
1029 1300 1200 1338 libellos
1223 1305 1267 1337 et
1288 1299 1461 1337 haeresi
1496 1299 1704 1349 depraua-

78 1377 159 1418 tos,
196 1384 283 1409 non
318 1371 448 1409 modo
484 1371 623 1408 nolint
658 1371 770 1421 apud
806 1385 851 1409 se
889 1372 1097 1417 retinere,
1140 1371 1217 1409 sed
1252 1375 1299 1408 ut
1339 1371 1590 1408 exurendos
1630 1383 1706 1407 sua

77 1447 228 1493 sponte
263 1442 625 1493 praeceptoribus
661 1442 864 1489 offerant3
897 1448 941 1480 et
972 1456 1056 1494 quo
1079 1443 1260 1493 quisque
1283 1443 1429 1492 plures
1453 1441 1624 1488 obtulit,
1650 1454 1702 1479 eo

75 1518 405 1564 praeceptorem
428 1513 507 1550 sibi
539 1514 676 1564 magis
706 1514 939 1564 propitium
977 1514 1191 1564 opinatur.
1229 1515 1379 1564 Itaque
1417 1525 1573 1563 magna
1608 1525 1703 1551 curn

77 1585 262 1623 omnium
297 1584 463 1622 laetitia
497 1585 538 1621 in
569 1585 711 1622 media
741 1598 843 1623 area
865 1585 1039 1635 collegij
1065 1585 1310 1635 complures
1332 1598 1482 1623 mense
1506 1585 1703 1634 Septem-

73 1656 136 1694 bri
155 1656 255 1707 igne
278 1656 493 1706 absumpti
516 1662 614 1693 sunt
635 1656 768 1694 libelli
789 1657 1053 1703 huiusmodi3
1077 1658 1187 1695 adeo
1210 1670 1262 1695 ne
1280 1656 1500 1706 preciosis
1522 1655 1701 1706 quidem

75 1728 204 1766 rebus
242 1727 294 1765 ob
336 1726 584 1778 infamiam
625 1728 945 1778 haereseosque
984 1727 1309 1766 dezzfiz‘ationem
1339 1727 1569 1778 parcitur.
1608 1729 1703 1765 Nec

75 1812 178 1838 uero
200 1799 371 1837 libellos
392 1799 638 1849 prodidisse
661 1805 1085 1850 praeceptorumque
1108 1800 1261 1838 iuditio
1294 1800 1607 1838 examinandos
1642 1804 1702 1837 at-

74 1871 221 1909 tulisse
245 1871 349 1908 satis
372 1876 453 1917 est,
479 1871 557 1909 sed
579 1871 613 1909 si
636 1878 867 1922 corruptae
892 1872 1118 1910 doctrinae
1141 1884 1192 1909 ac
1223 1872 1487 1922 deprauatae
1525 1871 1701 1909 conuin-

75 1947 239 1989 cuntur,
260 1942 404 1980 donec
425 1942 746 1981 inflammentur
769 1956 819 1981 ac
850 1943 890 1980 in
914 1944 1085 1981 cineres
1106 1943 1317 1989 recidant,
1343 1947 1594 1993 expectant.
1619 1942 1702 1980 Hic

73 2013 309 2052 iuuentutis
331 2013 460 2051 ardor
484 2026 683 2064 magnam
704 2015 818 2053 bene
851 2014 1052 2064 sperandi
1089 2015 1367 2053 occasionem
1390 2014 1443 2053 de
1467 2012 1703 2053 Germania

72 2085 196 2122 nobis
218 2086 412 2123 ostenz‘ai
434 2085 469 2123 b.

125 2166 160 2193 2.
221 2156 529 2206 Typographia
549 2169 677 2206 quam
712 2156 873 2194 dudum
909 2158 1051 2195 animo
1089 2158 1447 2208 cogitationeque
1484 2158 1700 2208 complexi

73 2225 289 2264 fueramus
314 2226 338 2273 ¹,
363 2227 450 2264 hoc
470 2240 621 2265 mense
645 2232 712 2265 est
735 2233 899 2274 erecta,
924 2234 970 2265 ut
991 2241 1207 2279 pauperes
1242 2228 1426 2266 studiosi
1461 2228 1560 2267 inde
1595 2241 1701 2266 non-

73 2310 287 2348 nunquam
322 2297 493 2336 libellos
529 2298 678 2348 gratis,
716 2310 768 2335 ac
797 2299 950 2349 reliqui
983 2312 1134 2338 omnes
1166 2299 1519 2337 commodissimo
1549 2300 1698 2349 precio

73 2367 231 2406 habere
253 2369 436 2418 possint,
458 2374 506 2407 et
527 2369 622 2418 pios
654 2370 839 2408 maxime
876 2370 1056 2420 istisque
1091 2371 1363 2420 temporibus
1397 2371 1699 2409 accommoda-

73 2438 274 2485 tissimos,
299 2452 483 2490 quorum
504 2440 733 2478 maximam
754 2441 978 2491 penuriam
1010 2442 1202 2480 sentiunt
1223 2442 1303 2480 uiri
1332 2442 1436 2481 boni
1472 2455 1624 2481 omnes
1658 2443 1699 2480 in

73 2509 320 2548 Germania.
358 2511 405 2548 In
435 2510 562 2549 huius
593 2516 740 2550 autem
761 2510 1064 2551 exoluiionem
1086 2519 1103 2537 0
1125 2513 1251 2551 Caes.
1278 2514 1332 2551 M.
1356 2512 1369 2531 ²
1393 2523 1466 2560 300
1489 2513 1658 2552 tataros
1680 2513 1699 2537 d

115 2664 135 2685 a
183 2666 256 2703 his.
310 2667 376 2693 —b
397 2667 578 2713 praebet.
633 2676 697 2695 —0
718 2679 929 2716 expensas.
981 2667 1048 2695 —d
1069 2681 1147 2706 non
1167 2669 1358 2716 exiguam
1376 2670 1573 2716 pecuniae
1592 2681 1698 2707 sum-

73 2736 190 2762 mam.

120 2870 128 2889 ¹
179 2868 287 2906 Vide
305 2882 408 2916 sup..
430 2883 467 2916 p.
487 2869 570 2907 322.

119 2928 132 2949 ²
180 2927 462 2966 Ferdinandus
479 2928 510 2966 Ι.
