1908 3446
1886 64 1890 85 Ι
1905 69 1908 89 ε

1898 155 1901 206 i

312 269 381 306 338
778 268 997 307 LITTERAE
1024 269 1378 314 QUAomMESTREs
1896 212 1900 331 ἒ

265 371 393 420 gerit.
418 371 495 408 Est
525 369 760 411 admodum
792 369 1036 408 laboriosus
1070 376 1114 408 et
1135 369 1188 408 ad
1220 370 1363 408 omnia
1383 369 1697 420 paratissimus.
1719 359 1899 416 Vtinam{

267 441 482 479 eiusmodi
505 442 664 479 multos
687 440 740 478 ad
762 441 1034 479 Societatem
1058 441 1177 478 Deus
1194 441 1473 492 perduceret.
1498 440 1679 478 Coeteri
1699 421 1898 496 praeter-l

265 523 317 549 ea
354 525 506 550 omnes
543 518 720 550 strenue
758 512 971 558 laborant,
1016 517 1059 549 et
1095 511 1330 562 diligenter
1365 512 1555 549 iniuncta
1588 511 1765 557 faciunt,
1801 502 1897 561 pul-4¹

262 583 567 633 cherrimaque
589 582 717 620 nobis
749 589 793 620 et
823 583 1006 633 plurima
1028 594 1161 620 verae
1195 582 1506 621 oboedientiae
1539 582 1740 632 exempla
1768 562 1908 637 prae-{-

261 654 380 692 bent.
416 653 593 692 Vtinam
626 655 789 693 cuncta
811 653 1039 699 imitarer,
1076 653 1155 703 qni
1173 655 1298 692 solus
1321 656 1492 704 parum
1523 655 1602 692 aut
1636 652 1754 691 nihil
1787 650 1896 704 bonii

253 723 402 775 facio.
438 725 501 762 Ex
533 724 898 774 praeceptoribus
931 736 1059 774 supra
1094 724 1328 763 nominatis
1360 725 1414 762 M.
1448 724 1706 762 Franciscus
1735 709 1908 767 Costefi:

260 808 332 833 rus
357 796 362 813 ¹
401 795 713 845 responsiones
745 807 843 833 suas
877 807 1030 833 omnes
1052 796 1106 834 ad
1142 795 1362 832 licentiam
1393 794 1433 832 in
1464 794 1610 832 studio
1634 779 1904 851 theologico}

258 866 532 904 necessarias
568 866 824 904 doctissime
848 870 891 904 et
915 879 1011 905 curn
1037 865 1227 905 omnium
1258 864 1547 904 admiratione
1582 864 1785 904 absoluit.
1810 854 1908 922 Reli

259 937 433 987 spondit
454 938 508 975 M.
530 937 767 975 Balduinus
784 949 860 988 pro
880 937 1204 984 bacalaureatu,
1226 943 1270 975 et
1286 949 1363 987 pro
1383 937 1522 975 forma
1539 937 1603 986 (ut
1624 935 1694 974 hic
1712 925 1908 986 loquun-{i

263 1009 351 1057 tur)
388 1008 443 1046 M.
477 1008 663 1046 Ioannes
695 1008 924 1046 Berkelius
957 1014 999 1046 et
1037 1008 1091 1047 M.
1125 1008 1371 1059 Gregorius
1402 1006 1573 1045 Fabius.
1607 1007 1751 1057 Atque
1781 1007 1908 1047 baeti

258 1078 313 1116 de
334 1079 714 1130 praeceptoribus3
738 1080 810 1130 qui
832 1091 929 1118 cum
951 1080 1089 1130 probe
1113 1093 1236 1117 suum
1271 1078 1462 1117 officium
1491 1078 1667 1125 faciant,
1691 1078 1908 1129 discipuli.‹

258 1150 360 1200 ipsis
383 1150 544 1188 deesse
567 1163 654 1189 non
676 1155 873 1202 possunt.

312 1232 348 1259 2.
410 1222 630 1272 Tempore
652 1235 737 1273 quo
761 1221 802 1260 in
825 1222 1016 1273 collegio
1040 1222 1212 1269 fuimus,
1239 1221 1480 1272 octingenti
1500 1226 1544 1258 et
1560 1220 1875 1272 quinquaginta,
1902 1235 1908 1262 “.

255 1297 328 1330 aut
351 1293 496 1343 plures
520 1293 665 1340 etiarn,
690 1293 886 1343 inscripti
909 1298 1023 1331 sunt.
1051 1292 1136 1341 Qui
1158 1293 1262 1331 licet
1286 1304 1438 1330 omnes
1464 1304 1551 1330 non
1571 1303 1874 1342 perseueraue-
1903 1306 1908 1333 J

256 1364 354 1410 rint,
387 1369 508 1401 tanta
538 1369 685 1402 tamen
722 1363 865 1402 adhuc
895 1362 1207 1414 discipulorum
1240 1362 1366 1400 turba
1398 1367 1479 1410 est,
1512 1367 1558 1400 ut
1580 1361 1686 1400 duas
1717 1362 1873 1401 scholas
1905 1379 1908 1399 ι

255 1435 509 1486 capaciores
532 1435 696 1482 facere,
723 1440 767 1472 et
789 1433 897 1472 duas
933 1447 1071 1472 nouas
1102 1434 1206 1472 satis
1236 1434 1399 1484 amplas
1432 1433 1728 1471 exaedificare
1758 1433 1873 1472 fueri*
1901 1445 1908 1476 ε

254 1518 456 1544 necesse.
487 1505 586 1543 Non
618 1510 785 1543 tantum
818 1518 873 1543 ex
896 1505 1049 1543 vicinis
1080 1505 1204 1552 locis,
1238 1508 1393 1555 vtpote
1426 1517 1480 1542 ex
1509 1503 1908 1573 dusceldorpensili

255 1578 532 1625 embricensi,
570 1577 874 1628 neomagensi,
899 1576 1130 1623 leodiensi,
1164 1575 1503 1623 buscoducensi,
1536 1575 1908 1627 1nonasteriensi‹{=7

254 1644 555 1690 tremoniensi,
580 1643 917 1682 francfordiensi
948 1642 1100 1681 schola
1122 1642 1435 1680 adolescentes
1457 1641 1509 1680 ad
1544 1653 1625 1680 nos
1647 1642 1865 1680 confluunt
1884 1646 1908 1684 ‘1

253 1715 330 1753 sed
354 1716 484 1754 etiam
506 1714 718 1762 Louanio‚
748 1714 963 1761 Lutaetia‚
998 1726 1051 1752 ex
1082 1714 1246 1760 Scotia,
1285 1714 1489 1761 Saxonia,
1514 1713 1749 1764 Turyngia,
1775 1712 1863 1763 Mys
1883 1713 1908 1763 ,j

251 1787 335 1833 nia,
362 1785 568 1833 Morauia,
593 1786 944 1836 Transsyluania,
971 1785 1209 1837 Hungaria,
1234 1783 1430 1835 Alpibus,
1460 1783 1682 1832 Heluetia,
1707 1784 1864 1823 Sueuia
1881 1759 1908 1875 ῖς

252 1857 534 1905 Franckonia‚
574 1862 668 1895 toto
705 1869 818 1908 pene
860 1856 1067 1895 rhenensi
1100 1861 1257 1894 tractu.
1282 1857 1445 1894 Verum
1468 1854 1643 1906 quidem
1677 1860 1743 1893 est
1764 1862 1797 1903 a,
1828 1849 1908 1894 elai

251 2000 365 2038 bona
395 2013 496 2052 spes
519 2005 585 2038 est
607 2000 725 2051 quod
746 2012 861 2038 vnzts
881 1999 957 2038 ille
989 2000 1069 2038 aut
1092 1999 1209 2037 alter
1230 2006 1263 2047 0,
1296 1999 1331 2036 si
1353 2003 1475 2037 recte
1496 1998 1538 2036 in
1573 1997 1710 2036 literis
1733 2002 1775 2036 et
1795 1998 1861 2049 pie

251 1930 432 1967 remotis
463 1929 556 1966 istis
578 1928 817 1979 prouincijs
839 1940 954 1966 vnus
976 1929 1154 1966 tantum
1177 1929 1257 1965 aut
1279 1928 1397 1966 alter
1427 1928 1486 1965 ad
1506 1939 1588 1965 nos
1608 1925 1728 1965 venit
1748 1927 1782 1974 b,
1806 1890 1908 2055 set&

249 2076 340 2110 tate
358 2071 606 2110 instituatur
629 2071 664 2119 (¹,
685 2071 830 2109 multis
849 2083 982 2110 causa
1000 2071 1172 2109 futurus
1190 2070 1244 2108 sit
1268 2077 1300 2117 e,
1321 2075 1366 2108 ut
1383 2070 1469 2108 huc
1486 2069 1540 2108 ad
1558 2069 1701 2108 studia
1718 2082 1766 2108 se
1783 2082 1861 2108 con
1879 2059 1908 2215 ’1

250 2143 405 2190 ferant,
427 2147 469 2180 et
486 2155 572 2180 non
589 2141 642 2180 ad
664 2141 989 2180 haereticorum
1008 2142 1181 2180 scholas
1200 2146 1315 2179 eant.
1337 2142 1458 2178 Bene
1476 2141 1516 2178 in
1536 2141 1672 2179 literis
1692 2145 1734 2178 et
1753 2140 1864 2179 mori·

296 2323 314 2341 a
336 2320 395 2351 est
413 2320 549 2361 supra
570 2325 679 2352 vers'.
735 2314 798 2339 —b
821 2325 969 2360 paucos
985 2312 1033 2348 ad
1053 2325 1123 2349 nos
1146 2313 1295 2349 venire.
1370 2320 1433 2337 —0
1452 2312 1489 2348 hi
1523 2313 1652 2358 pauci.
1722 2312 1789 2337 —11
1822 2312 1856 2347 in

248 2375 484 2411 stituantu1·.
544 2382 607 2399 -θ
630 2373 753 2410 futuri
774 2373 868 2410 sint.

248 2535 320 2571 nel
341 2534 499 2577 lanaio
515 2533 586 2570 del
603 2532 734 2570 1565»
755 2531 810 2576 (in
829 2531 913 2568 cod.
939 2530 1075 2567 Rhea.
1098 2529 1178 2575 ins.
1195 2529 1265 2573 37,
1287 2530 1312 2567 f.
1337 2530 1351 2566 1
1374 2531 1492 2578 sqq.),
1514 2530 1554 2567 in
1574 2530 1642 2568 fol.
1671 2530 1694 2567 2
1714 2531 1860 2577 legitur
1888 2525 1908 2573 ll

250 2593 303 2630 «Il
325 2593 367 2629 P.
387 2592 555 2629 Andrea
569 2592 618 2628 de
638 2591 918 2628 Bensenraedt
937 2589 1006 2625 nel
1022 2589 1170 2626 ducatu
1185 2590 1222 2626 di
1243 2589 1539 2636 Valkenburgo
1556 2595 1663 2635 nato,
1685 2592 1707 2626 'e
1724 2588 1867 2626 d'etade
1887 2576 1908 2645 z!

248 2652 396 2689 incirca
411 2652 446 2687 di
467 2652 561 2688 anni
578 2652 636 2688 51.
658 2651 735 2688 Nel
757 2663 861 2687 anno
878 2650 941 2686 del
966 2650 1053 2687 1537
1072 2649 1111 2685 in
1128 2648 1299 2685 Colonia
1320 2652 1341 2685 e
1360 2649 1535 2686 admisso
1549 2649 1631 2686 alle
1652 2649 1855 2696 probation

247 2711 355 2747 della
381 2710 648 2757 Compagnia,
677 2711 748 2747 alli
775 2710 869 2746 anni
896 2709 943 2746 60
969 2709 1009 2746 fu
1040 2708 1228 2746 mandato
1256 2709 1295 2744 al
1322 2708 1518 2756 principio
1545 2708 1611 2745 del
1639 2708 1812 2754 collegio
1835 2706 1862 2744 ir
1884 2702 1908 2774 ᾖ

246 2770 429 2808 Treuere
449 2771 551 2807 doue
570 2771 746 2807 anchora
765 2771 804 2806 al
823 2774 1014 2816 presente
1033 2772 1067 2806 ὲ.
1088 2768 1134 2806 In
1155 2767 1327 2806 Colonia
1346 2768 1413 2804 nel
1431 2780 1537 2805 anno
1558 2767 1597 2804 di
1614 2767 1662 2804 58
1679 2768 1746 2804 nel
1774 2766 1866 2814 prin..
1884 2775 1908 2819 ςε-

246 2830 348 2876 cipio
375 2830 440 2866 del
471 2842 576 2866 anno
603 2830 653 2866 ha
682 2829 779 2866 fatto
807 2829 834 2865 li
865 2828 943 2865 voti
971 2829 1009 2865 di
1029 2827 1216 2865 scholari.
1239 2827 1395 2864 Auanti
1415 2827 1488 2864 che
1509 2828 1612 2864 intro
1632 2828 1741 2864 nella
1761 2820 1908 2864 Com-15

247 2888 394 2936 pagnia
413 2901 483 2925 era
503 2893 606 2926 stato
626 2901 697 2935 per
718 2888 830 2925 molti
848 2888 943 2925 anni
962 2892 1124 2935 pastore
1140 2887 1385 2924 dell’anime.
1404 2886 1565 2923 Adesso
1584 2886 1623 2923 fa
1639 2886 1796 2923 l'officio
1810 2885 1865 2923 de⁴
1889 2874 1908 2924 ἆ

246 2948 427 2984 ministro
457 2948 497 2983 in
524 2946 707 2984 Treuere
739 2952 779 2984 et
808 2946 969 2993 predica
1000 2947 1173 2984 alchuna
1206 2947 1314 2983 volta
1345 2947 1413 2982 nel
1444 2945 1641 2982 dommo.»
1673 2944 1737 2983 Cf.
1771 2928 1908 3015 nunc}

246 3007 348 3044 Lz’tt.
370 3006 621 3053 Quadrim.,
643 3005 697 3050 V,
715 3005 902 3047 515-516,
922 3004 1005 3043 668.

296 3067 303 3085 ¹
358 3065 510 3102 Iterum
532 3066 569 3101 in
591 3077 723 3111 marg.
745 3070 787 3101 ut
807 3074 942 3110 supra:
966 3064 1124 3101 Costeri
1146 3064 1246 3101 laus.
