1908 3446
185 229 232 267 90
647 233 867 272 LITTERAE
903 237 1261 280 QUADRIMESTRES

139 332 218 380 nis,
243 345 328 383 quo
361 338 505 372 tamen
536 337 737 385 ternpore
769 335 861 373 aliis
883 335 924 374 in
956 336 1062 375 locis
1092 337 1214 375 vesci
1246 336 1446 375 carnibus
1478 338 1654 386 licebat;
1687 337 1764 377 sed

141 404 366 442 obseruari
395 404 431 443 is
461 405 655 443 voluisse
688 406 860 445 videtur
883 408 1101 458 antiquam
1132 407 1245 458 apud
1276 420 1510 459 germanos
1541 415 1764 460 receptam

140 475 522 524 consuetudinem,
543 490 626 527 qua
642 491 728 516 non
746 479 885 517 solum
907 491 931 516 a
953 480 1154 517 carnibus
1176 479 1412 527 abstinere,
1438 480 1516 518 sed
1540 484 1583 518 et
1604 481 1765 520 ieiuna-

141 559 186 584 re
209 546 250 585 in
268 547 457 599 Virginis
479 548 695 599 Deiparae
713 550 942 595 honorem,
964 550 997 587 si
1015 563 1098 600 qua
1116 550 1210 588 eius
1228 552 1489 589 occurrebat
1511 552 1764 598 solennitas,

138 618 256 656 soliti
278 623 414 657 erant.

198 699 257 737 13.
318 691 542 728 Habemus
564 691 605 729 in
627 692 831 730 conuictu
854 698 1004 730 nostro
1030 698 1232 730 cantores
1261 692 1418 744 regiae
1448 693 1501 741 (12)
1533 705 1766 732 caesareae

140 761 380 801 maiestatis
411 768 455 800 et
489 776 653 813 paucos
686 764 809 810 alios,
842 776 939 802 nam
977 764 1136 802 multos
1165 777 1253 802 non
1284 764 1396 815 capit
1432 765 1517 803 loci
1552 766 1765 816 angustia.

141 835 357 874 Cantores
379 839 524 872 autem
547 834 618 873 isti
639 833 788 872 vestiti
808 834 1015 873 incedunt
1038 848 1161 873 more
1185 848 1336 873 eorum
1359 836 1431 885 qui
1452 836 1493 874 in
1515 837 1767 887 germanico

142 907 304 944 Romae
337 911 435 944 sunt
458 905 663 957 collegio,
690 911 733 944 et
763 905 933 957 legibus
960 907 1054 944 fere
1076 907 1230 944 viuunt
1260 905 1431 949 iisdem:
1454 907 1769 946 habitationem

140 977 301 1016 habent
335 983 379 1016 et
408 977 575 1029 reliqua
597 978 740 1016 omnia
761 991 785 1016 a
805 978 1009 1017 fratribus
1040 984 1255 1030 separata,
1280 991 1383 1017 area
1403 983 1570 1017 tantum
1592 985 1771 1018 vtuntur

142 1048 374 1088 communi.
400 1049 618 1088 Praefecti
639 1055 784 1088 autem
816 1048 897 1087 illis
929 1054 1026 1087 sunt
1048 1049 1134 1088 duo
1159 1063 1213 1087 ex
1235 1048 1410 1097 nostris,
1437 1055 1481 1088 et
1501 1055 1676 1100 praeter
1699 1064 1771 1089 ex-

143 1120 417 1159 hortationes
439 1133 545 1172 quas
566 1121 728 1158 habent
750 1121 1007 1171 frequentes
1028 1120 1069 1158 in
1091 1121 1267 1168 scholis,
1291 1120 1482 1172 priuatas
1504 1134 1678 1172 quoque
1701 1123 1772 1160 ha-

143 1193 248 1231 bent
279 1192 462 1231 subinde
494 1193 546 1230 ab
578 1192 721 1243 aliquo
754 1193 944 1230 Patrum.
980 1192 1183 1231 Promisit
1213 1192 1341 1231 Caes.
1373 1193 1485 1231 M.tas
1517 1193 1770 1244 ampliorem

144 1270 187 1302 et
209 1264 555 1303 commodiorem
577 1277 654 1315 pro
679 1263 1007 1302 conuictoribus
1024 1262 1218 1309 domum3
1241 1277 1368 1315 quam
1391 1264 1425 1302 si
1452 1264 1769 1311 nanciscamur,

141 1349 228 1375 non
246 1336 494 1374 dubitamus
516 1336 616 1385 quin
640 1334 790 1386 optimi
806 1335 966 1386 quique
984 1348 1087 1373 suos
1108 1336 1193 1374 huc
1214 1334 1326 1373 filios
1348 1334 1536 1379 mittent,
1556 1334 1770 1386 nobisque

144 1407 410 1446 erudiendos
441 1406 628 1445 tradent.
655 1405 875 1455 Quantum
904 1411 1051 1445 autem
1075 1407 1361 1445 emolumenti
1387 1407 1487 1445 hinc
1508 1407 1772 1445 Germaniae

142 1481 181 1518 et
203 1478 286 1517 toti
307 1477 515 1518 ecclesiae
536 1477 592 1516 sit
613 1490 908 1523 accessurum,
932 1477 1124 1528 prudens
1142 1478 1324 1528 quisque
1345 1477 1474 1516 facile
1496 1476 1716 1529 perspicit.

199 1562 258 1600 14.
321 1550 567 1601 Collegium
589 1549 694 1587 illud
714 1562 953 1600 pauperum
975 1548 1065 1599 (qui
1088 1554 1131 1587 et
1162 1549 1242 1599 ipsi
1272 1561 1395 1587 more
1417 1553 1644 1588 cantorum
1666 1550 1774 1588 Cae-

142 1622 249 1661 saris
279 1621 428 1660 vestiti
464 1622 580 1671 sunt)
602 1622 655 1659 ab
685 1621 876 1672 hispanis
912 1625 1109 1659 erectum
1134 1622 1158 1667 ¹,
1197 1634 1299 1659 suos
1329 1622 1462 1660 habet
1496 1633 1773 1673 progressus:

143 1707 239 1733 nam
276 1698 319 1733 et
355 1692 554 1732 ditissimi
575 1691 735 1744 quique
759 1693 964 1744 optimam
996 1693 1151 1731 horum
1185 1705 1421 1743 puerorum
1456 1691 1774 1731 institutionem

144 1767 508 1818 contemplantes,
532 1779 635 1805 suos
658 1765 721 1804 eis
747 1765 924 1817 adiungi
951 1764 1063 1803 filios
1086 1765 1376 1803 vehementer
1398 1764 1665 1812 desiderant,
1689 1778 1775 1804 non

143 1838 356 1891 grauatim
396 1838 743 1883 consentientes,
786 1842 831 1874 vt
879 1842 923 1875 et
963 1836 1122 1875 eodem
1166 1837 1293 1887 plane
1336 1835 1486 1874 habitu
1526 1836 1775 1888 regulisque

145 1908 323 1949 viuendi
343 1907 498 1948 iisdem
521 1909 586 1947 sui
607 1921 782 1960 quoque
804 1914 995 1947 vtantur.
1021 1909 1075 1946 Et
1097 1921 1149 1946 ea
1171 1920 1275 1946 sane
1298 1912 1365 1946 est
1391 1908 1547 1946 horum
1574 1908 1777 1958 puerulo-

144 1996 237 2020 rum
258 1981 490 2027 modestia,
514 1981 670 2031 pietaS,
694 1979 960 2026 innocentia,
985 1984 1031 2017 vt
1067 1979 1138 2017 vel
1168 1979 1359 2017 ferreum
1388 1984 1544 2030 pectus
1579 1978 1775 2018 emollire

145 2059 189 2092 et
210 2053 264 2092 ad
286 2051 572 2092 deuotionem
595 2052 690 2090 solo
714 2056 896 2102 aspectu
918 2052 1101 2089 flectere
1123 2055 1300 2100 queant.
1322 2050 1437 2100 Quid
1460 2050 1494 2089 si
1515 2051 1567 2088 D.
1588 2049 1777 2102 Virginis

141 2125 309 2172 laudes,
333 2123 591 2175 litaniasque
611 2123 737 2162 festis
754 2123 909 2161 diebus
931 2123 1096 2161 musico
1117 2128 1160 2160 et
1182 2122 1383 2173 angelico
1408 2123 1535 2173 plane
1558 2126 1777 2160 concentu

144 2209 222 2236 eos
242 2208 482 2248 personare
504 2193 713 2234 audieris?

202 2277 260 2317 15.
321 2267 560 2306 Lectiones
578 2265 877 2304 vniuersitatis
899 2265 940 2303 in
961 2263 1190 2315 theologia
1211 2264 1342 2303 solito
1365 2277 1488 2302 more
1506 2264 1614 2302 fiunt
1634 2277 1659 2301 a
1679 2276 1775 2302 nos·

144 2339 237 2385 tris3
260 2337 506 2377 auditorum
528 2349 736 2375 numerus
757 2347 894 2383 rarus3
917 2335 1078 2386 frigent
1101 2335 1215 2373 enim
1236 2334 1350 2386 apud
1370 2348 1606 2386 germanos
1628 2339 1779 2373 sancta

143 2411 255 2449 haec
285 2414 329 2448 et
359 2408 463 2461 ipsis
492 2408 699 2459 imprimis
729 2407 980 2446 necessaria
1010 2407 1165 2445 studia.
1200 2406 1423 2445 Exercitia
1450 2406 1634 2458 proinde
1665 2404 1778 2458 apud

147 2495 224 2520 eos
245 2481 361 2519 nulla
381 2480 596 2518 habentur
617 2479 659 2517 in
679 2479 766 2516 hoc
787 2477 931 2516 studio
955 2477 1187 2516 ordinaria.
1207 2478 1258 2515 D.
1280 2477 1538 2515 Lambertus
1559 2482 1586 2523 ²3
1610 2475 1682 2527 qui
1702 2490 1776 2527 pu-

146 2553 304 2592 blicum
327 2551 415 2603 agit
436 2552 479 2589 in
500 2549 787 2589 vniuersitate
808 2541 1123 2601 professorem,
1147 2549 1382 2587 multorum
1403 2548 1607 2599 precibus
1628 2548 1777 2598 impul-

147 2637 218 2662 sus
240 2623 508 2662 assertiones
529 2622 693 2672 aliquot
715 2621 769 2659 de
791 2620 961 2659 actibus
982 2620 1134 2658 latriae
1159 2620 1353 2658 externis
1373 2620 1416 2658 in
1437 2619 1777 2671 disputationem

145 2693 375 2746 proposuit
397 2705 550 2732 mense
570 2693 657 2730 hoc
674 2691 895 2744 Januario3
919 2695 963 2728 et
984 2690 1160 2729 Christo
1182 2691 1290 2738 laus,
1313 2691 1374 2729 ita
1402 2691 1648 2729 luculenter
1677 2690 1778 2728 hae-

147 2767 384 2806 reticorum
416 2764 592 2804 fraudes
623 2775 775 2802 omnes
809 2769 853 2802 et
886 2761 1094 2815 pueriles,
1125 2775 1181 2801 ne
1203 2761 1343 2801 dicam
1372 2762 1564 2810 insanae,
1587 2762 1779 2813 ipsorum

197 2967 204 2985 ¹
261 2964 369 3002 Vide
389 2963 490 3001 Litt.
510 2962 763 3010 Quadrim„
784 2959 840 3006 V,
859 2959 943 3004 865,
965 2964 1005 2998 et
1023 2958 1165 3006 Dunn,
1185 2959 1212 2997 l.
1233 2970 1284 3003 c.‚
1302 2957 1384 2997 316.

195 3024 209 3045 ²
259 3023 369 3061 Vide
391 3035 485 3071 pag.
505 3021 564 3066 84,
584 3026 721 3059 annot.
741 3020 775 3058 3.
