1908 3446
170 194 238 231 794
631 195 847 230 LITTERAE
883 194 1239 237 QUADRIMESTRES

126 296 281 334 indolis
311 297 566 347 propediem
601 309 746 333 sumus
768 295 1012 341 admissuri,
1036 296 1228 345 reliquos
1249 297 1289 332 in
1314 296 1592 334 confessione
1614 303 1744 348 atque

126 373 499 406 sacramentorum
524 382 617 414 vsu,
643 368 785 405 donec
807 366 961 404 melius
983 366 1037 403 de
1069 366 1201 403 rebus
1232 367 1319 404 suis
1351 368 1663 415 consuluerint,
1686 367 1745 405 in-

126 444 248 476 terea
270 439 468 477 studiose
491 440 744 477 retinemus.
771 437 957 475 Dubium
989 450 1075 475 non
1107 442 1188 484 est,
1212 438 1313 487 quin
1340 439 1510 488 plurimi
1542 444 1584 476 et
1615 439 1745 476 maxi-

128 523 224 548 mae
245 516 377 549 notae
400 511 601 548 hominos
623 510 675 547 ad
698 523 777 547 nos
799 509 1031 559 aliquando
1055 508 1138 547 sint
1160 509 1348 556 venturi,
1373 509 1407 547 si
1428 516 1579 548 nostra
1599 510 1746 549 Socie-

126 586 191 619 tas
214 582 349 619 semel
371 582 412 619 in
435 581 634 627 Galliam,
661 585 705 617 vt
729 585 917 627 curatur,
942 580 1072 617 fuerit
1094 579 1294 618 admissa.
1320 580 1408 618 Sed
1429 594 1484 619 ne
1506 581 1559 618 ab
1580 581 1747 619 institu-

125 658 170 690 to
206 652 444 700 discedam,
476 652 528 690 de
562 665 614 689 eo
646 653 767 702 plura
802 655 900 701 post
932 649 1141 688 dicturus.
1176 653 1301 689 Domi
1343 665 1456 690 nunc
1492 657 1657 690 tantum
1694 666 1747 690 ex

125 724 285 761 nostris
304 737 451 761 sumus
464 723 683 769 vndecim,
703 727 888 771 quatuor
911 721 1183 768 sacerdotes,
1205 727 1248 759 et
1265 722 1422 761 fratres
1441 728 1625 773 septem,
1645 736 1747 773 quo—

128 809 221 833 rum
246 796 421 833 nomina
442 795 494 832 ad
519 796 564 832 P.
590 795 638 831 T.
665 793 795 831 Rflam
828 793 932 830 alias
954 793 1127 844 saepius
1149 795 1401 832 transmissa
1420 799 1636 845 putamus.
1661 795 1748 832 Ho-

127 881 220 905 rum
243 867 374 917 aliqui
396 866 723 917 philosophicis,
749 866 879 916 aliqui
900 865 1181 916 theologicis,
1218 866 1289 903 alii
1310 865 1498 916 denique
1528 866 1750 904 humanio-

127 938 244 976 ribus
266 938 404 975 literis
434 950 511 987 pro
544 937 707 974 viribus
740 941 784 974 et
813 937 1104 987 intelligentia
1133 937 1213 975 sibi
1244 949 1269 974 a
1290 938 1402 974 Dno.
1436 948 1650 975 concessa
1678 949 1748 974 na-

127 1016 231 1048 uant
255 1022 446 1060 operam.
475 1008 562 1048 Sed
584 1009 720 1046 multo
743 1008 885 1046 acrius
908 1021 973 1055 ea,
998 1021 1108 1058 quae
1132 1008 1185 1046 ad
1207 1008 1450 1046 institutum
1472 1014 1670 1046 nostrum
1690 1008 1749 1046 fa-

129 1082 261 1128 ciunt,
288 1093 454 1127 omnes,
480 1080 560 1118 Dei
582 1079 735 1130 gratia,
759 1091 886 1130 quam
910 1092 975 1125 ea,
999 1092 1108 1130 quae
1127 1079 1181 1117 ad
1204 1079 1495 1117 eruditionem
1512 1080 1747 1130 pertinent,

128 1158 376 1204 capessunt,
402 1157 446 1190 et
466 1164 596 1189 nemo
619 1151 745 1201 plane
770 1155 851 1198 est,
875 1151 947 1201 qui
974 1163 1062 1189 non
1095 1151 1257 1201 optima
1285 1150 1486 1189 videatur
1518 1151 1686 1189 ratione
1708 1151 1749 1189 in

127 1237 204 1263 sua
224 1225 461 1263 vocatione
492 1223 724 1274 proficere,
758 1228 806 1260 vt
835 1223 957 1260 multi
987 1235 1073 1260 non
1103 1223 1234 1261 modo
1267 1224 1440 1274 regulas
1472 1224 1749 1261 exactissime

127 1309 394 1335 conseruare
431 1295 651 1342 studeant,
688 1307 842 1333 verum
874 1294 1004 1333 etiam
1037 1299 1081 1332 et
1109 1299 1284 1345 praeter
1314 1294 1558 1332 institutum
1589 1294 1750 1345 imponi

127 1367 208 1406 sibi
227 1367 406 1417 jeiunia,
433 1366 682 1417 disciplinas
703 1367 769 1416 (vt
790 1367 969 1415 vocant)
999 1371 1129 1416 atque
1152 1366 1256 1403 alias
1277 1365 1320 1404 id
1349 1378 1489 1417 genus
1519 1366 1750 1404 mortifica-

127 1440 272 1477 tiones
294 1451 381 1476 non
403 1438 537 1476 toties
569 1438 820 1488 impetrent,
844 1436 1019 1488 quoties
1049 1449 1073 1474 a
1094 1437 1191 1475 Β.ᾰο
1222 1438 1351 1475 Patre
1381 1437 1638 1488 prouinciali
1669 1444 1676 1462 ¹
1708 1437 1751 1475 id

129 1511 329 1548 obtinere
355 1509 642 1548 contendunt.
666 1508 761 1546 Nec
783 1508 1017 1546 defuerunt
1038 1508 1124 1559 qui,
1149 1508 1497 1547 mortificationis
1525 1507 1685 1556 studio,
1709 1510 1751 1547 in

127 1595 265 1632 pagos
287 1579 624 1619 circumuicinos
644 1579 869 1618 hostiatim
891 1579 1187 1617 mendicatum
1208 1579 1382 1618 iuerint.
1412 1580 1510 1618 Hoc
1531 1592 1618 1617 vno
1640 1578 1751 1618 desi-

127 1654 250 1691 derio
274 1653 461 1690 maxime
483 1652 736 1701 flagrantes,
762 1655 807 1688 vt
828 1650 895 1688 his
916 1649 1058 1688 modis
1085 1649 1138 1687 ad
1160 1649 1414 1701 capiendam
1435 1650 1608 1688 diuinae
1630 1650 1750 1689 boni-

126 1725 226 1762 tatis
262 1724 510 1774 largitatem
545 1722 819 1761 commodius
854 1721 1019 1769 affecti,
1042 1721 1288 1773 proximum
1311 1721 1548 1769 efficacius,
1573 1722 1750 1761 modulo

127 1809 212 1846 quo
235 1796 305 1833 hic
327 1795 469 1833 adhuc
490 1794 608 1841 licet,
641 1792 876 1831 subiuuare
906 1793 1090 1844 possint,
1123 1798 1168 1830 et
1190 1793 1434 1841 efficerent,
1466 1792 1581 1831 haud
1603 1793 1749 1842 dubie,

126 1868 206 1905 nisi
235 1867 357 1905 frena
386 1866 512 1904 nobis
534 1864 835 1903 difficultatum
865 1870 1043 1902 senatus
1074 1863 1284 1915 pariensis
1305 1865 1521 1904 iniiceret.
1546 1865 1635 1903 Sed
1655 1865 1751 1904 bre-

129 1939 169 1976 ui
200 1943 446 1977 vestrarum
479 1938 725 1976 orationum
757 1936 936 1984 auxilio,
969 1949 1055 1987 quo
1086 1936 1157 1974 hic
1187 1948 1370 1986 egemus
1400 1949 1488 1974 non
1523 1936 1750 1984 mediocri,

127 2010 350 2048 auferetur
372 2008 532 2060 agendi
553 2007 899 2059 proficiendique
930 2008 971 2046 in
1002 2006 1095 2045 aliis
1125 2005 1485 2057 impedimentum
1517 2019 1661 2046 omne.
1686 2009 1751 2046 De

127 2080 348 2119 charitatis
369 2080 501 2131 igitur
524 2079 694 2127 officiis,
720 2079 863 2130 deque
893 2078 1150 2117 domesticis
1180 2078 1339 2116 nostris
1362 2079 1752 2117 exercitationibus

129 2153 183 2191 ad
205 2158 389 2191 externa
410 2150 658 2190 deueniam.

185 2235 223 2263 2.
282 2224 328 2261 In
360 2220 638 2262 consolandis
669 2222 817 2272 itaque
853 2233 1033 2260 carcere
1063 2219 1271 2268 detentis,
1304 2232 1425 2258 more
1456 2233 1551 2267 suo,
1588 2233 1753 2259 summa

127 2309 224 2333 cum
247 2294 460 2333 charitate
479 2299 523 2332 et
545 2293 772 2344 diligentia
793 2293 910 2331 Rdus
942 2294 1010 2330 P!
1031 2292 1331 2339 ProuincialiS,
1351 2296 1559 2342 quantum
1579 2305 1657 2343 per
1681 2305 1751 2331 oc-

128 2366 386 2418 cupationes
407 2366 526 2412 licet,
550 2369 803 2416 occupatur.
828 2364 928 2412 Alii,
952 2363 1070 2415 quod
1091 2363 1161 2402 hic
1182 2363 1397 2402 lectiones
1418 2364 1499 2413 (vti
1519 2364 1633 2402 bene
1655 2377 1751 2402 nos-

129 2438 177 2488 ti)
199 2439 283 2476 sint
304 2436 601 2488 quotidianae,
625 2436 779 2475 diebus
802 2441 968 2474 tantum
991 2435 1218 2474 dominicis
1241 2440 1286 2473 et
1306 2435 1429 2473 festis
1446 2442 1464 2460 a
1485 2448 1605 2473 suam
1624 2437 1664 2473 in
1681 2449 1751 2474 au-

129 2508 297 2548 diendis
320 2508 672 2547 confessionibus
702 2507 957 2558 impendunt
991 2518 1182 2557 operam,
1216 2511 1306 2544 tum
1338 2506 1450 2557 apud
1478 2506 1624 2544 diuum
1647 2508 1752 2546 Cos-

128 2594 256 2628 mam,
279 2584 371 2618 tum
395 2579 526 2617 etiam
548 2578 591 2616 in
612 2579 723 2617 aede
746 2592 870 2617 sacra
885 2578 1033 2617 Sancti
1056 2578 1278 2617 Germani.
1303 2578 1370 2616 Ad
1390 2591 1470 2616 nos
1487 2583 1633 2616 autem
1651 2591 1751 2617 con-

128 2653 330 2691 fessionis
354 2652 494 2703 gratia
513 2651 731 2689 accedunt
754 2664 851 2690 cum
881 2652 1079 2702 plerique
1101 2650 1365 2702 paedagogi,
1390 2657 1481 2688 tum
1504 2651 1635 2688 etiam
1656 2663 1751 2689 sco-

128 2725 268 2763 lastici
290 2737 341 2762 ac
371 2723 542 2762 nobiles
572 2722 782 2761 nonnulli.
816 2722 907 2761 Sed
936 2723 1022 2762 hoc
1051 2723 1151 2761 loco
1182 2720 1547 2773 praetereundam
1578 2722 1752 2760 minime

173 2874 193 2894 a
244 2878 283 2911 et
302 2872 416 2910 festis
435 2877 572 2920 supra
590 2882 698 2910 vers.
722 2871 818 2909 ead.
840 2881 995 2908 manu.

177 3016 186 3036 ¹
240 3013 286 3051 P.
307 3011 548 3050 Paschasius
566 3010 703 3048 Broet.
