1908 3446
531 142 873 180 alr—Liuineio
902 143 916 179 1
946 141 1209 180 SEPTEMBms
1237 141 1327 178 1560
1624 141 1694 178 783

121 233 176 280 ex'
195 243 569 281 administratione
594 256 760 291 eorum,
785 244 856 294 qui
878 250 1036 295 regunt
1057 244 1167 281 hanc
1188 243 1342 280 almam
1365 243 1556 288 domum,
1581 242 1743 293 depen-

118 313 239 359 dere,
264 319 308 351 vt
330 314 372 351 in
394 313 509 352 diem
533 316 683 352 viuere
707 315 946 361 videretur,
971 327 1054 352 nec
1075 315 1167 352 sine
1190 313 1334 351 multis
1356 312 1569 350 molestiis
1591 319 1743 363 posset

115 389 363 423 nostrorum
385 386 724 424 necessitatibus
746 386 983 436 prouideri3
1008 386 1086 424 sed
1108 385 1313 436 singulari
1336 385 1416 421 Dei
1448 384 1666 422 beneficio
1700 390 1744 421 et

115 455 470 494 reuerendissimi
505 456 733 495 cardinalis
764 459 985 508 carpensis
1017 458 1042 504 ¹,
1067 456 1192 495 huius
1214 457 1325 494 alme
1348 455 1503 493 domus
1526 462 1570 493 et
1593 455 1742 493 Socie-

115 526 215 564 tatis
235 533 413 565 nostrae
434 528 715 578 protectoris,
749 529 789 565 in
818 542 897 566 nos
927 527 1107 580 pietate,
1140 528 1220 566 fuit
1250 528 1314 565 his
1349 526 1557 577 proximis
1589 525 1743 563 diebus

115 598 284 636 sublata
319 599 457 636 omnis
492 598 747 648 inquietudo
787 605 830 637 et
865 601 1145 638 maximarum
1181 598 1512 636 distractionum
1550 598 1739 635 occasio.

115 671 224 708 Nam
247 674 412 708 certam
432 670 715 720 pecuniarum
739 676 781 708 et
803 672 1108 709 alimentorum
1138 682 1348 709 summam
1379 669 1611 720 quotannis
1643 670 1743 707 huic

115 741 303 792 collegio
339 741 399 779 ita
428 742 703 779 tribuendam
734 743 899 789 statuit,
934 749 980 780 vt
1001 743 1104 780 nihil
1125 743 1287 781 nostris
1304 742 1555 780 defuturum
1579 747 1702 779 certo
1724 742 1743 759 ’ὦ

116 825 356 864 speremus,
393 814 590 864 quamuis
621 814 1000 865 quadragesimum
1036 827 1264 852 numerum
1285 815 1304 839 b
1334 813 1554 852 excedant
1588 812 1741 859 nostri,

113 890 203 922 tum
225 884 393 922 ratione
418 896 569 923 eorum
590 886 661 935 qui
683 885 725 923 in
761 886 1032 924 Societatem
1067 885 1237 924 admitti
1274 884 1466 936 cupiunt,
1506 890 1550 923 et
1587 897 1665 922 eos
1701 885 1742 922 in

112 956 443 1005 probationibus
460 955 651 995 retinere
670 956 782 994 inter
798 962 974 994 nostros
994 961 1058 995 est
1076 967 1276 1002 necesse;
1294 962 1384 995 turn
1403 957 1571 994 ratione
1591 969 1742 994 eorum

113 1028 183 1077 qui
205 1028 258 1065 ad
279 1041 359 1065 nos
378 1028 631 1078 frequenter
652 1029 849 1076 veniunt,
875 1030 946 1067 vel
968 1030 1050 1066 hac
1071 1030 1214 1079 aliquo
1240 1030 1293 1066 ab
1317 1028 1571 1068 obedientia
1593 1032 1744 1065 sancta

112 1100 354 1146 mittuntur,
388 1099 542 1150 quibus
575 1100 774 1138 omnibus
796 1100 888 1138 iura
908 1101 1089 1151 hospicii
1113 1101 1335 1151 denegare
1360 1106 1479 1139 esset
1502 1099 1639 1138 nefas.
1665 1100 1742 1137 Su-

111 1184 205 1209 mus
225 1184 312 1209 non
333 1172 564 1222 pauciores
586 1185 712 1222 quam
734 1172 1019 1222 quadraginta
1040 1172 1248 1222 quinque3
1277 1183 1323 1220 14
1345 1171 1619 1218 sacerdotes,
1645 1169 1743 1208 reli-

111 1242 182 1291 qui
204 1247 302 1280 sunt
323 1243 563 1290 scholares,
582 1243 654 1281 vel
671 1256 781 1293 quos
800 1242 1081 1280 coadiutores
1103 1243 1371 1293 temporales
1394 1243 1586 1280 solemus
1607 1242 1742 1279 nomi—

110 1325 230 1360 nare3
255 1318 299 1352 et
318 1313 362 1351 hi
385 1326 537 1352 omnes
557 1318 719 1352 tantam
742 1314 903 1352 habent
926 1327 1071 1352 rerum
1090 1315 1281 1352 omnium
1304 1314 1675 1360 commoditatem,
1695 1318 1742 1350 vt

110 1384 213 1423 nihil
236 1386 411 1424 omnino
433 1386 486 1424 ad
508 1387 635 1424 animi
657 1385 851 1437 quietem
869 1386 1027 1424 deesse
1047 1386 1264 1433 videatur,
1286 1398 1371 1436 quo
1394 1385 1458 1432 fit,
1478 1390 1525 1423 vt
1543 1386 1638 1423 Deo
1662 1397 1740 1422 suo

111 1457 294 1495 alacrius
332 1457 585 1504 inseruiant,
629 1464 673 1495 et
717 1458 758 1496 in
803 1456 941 1495 solitis
987 1458 1223 1496 Societatis
1266 1463 1444 1495 nostrae
1490 1457 1742 1495 muneribus

113 1528 327 1567 obeundis
350 1542 402 1567 eo
425 1529 721 1567 feruentiores
744 1529 949 1576 existant,
973 1542 1058 1579 quo
1082 1529 1245 1567 maiora
1265 1527 1307 1566 in
1325 1528 1417 1566 dies
1439 1541 1463 1566 a
1485 1529 1581 1566 Deo
1603 1529 1741 1579 perci-

108 1600 232 1651 piunt
252 1600 481 1639 beneficia.
507 1601 747 1639 Proficiunt
769 1602 915 1652 itaque
935 1600 1160 1648 continuo,
1185 1613 1235 1639 ac
1257 1601 1373 1638 serio
1397 1612 1444 1638 se
1467 1605 1679 1638 exercent
1701 1600 1741 1637 in

110 1671 259 1710 solidis
280 1673 516 1710 virtutibus
537 1672 828 1722 acquirendis,
855 1673 1013 1711 Videas
1036 1673 1184 1724 igitur,
1208 1671 1445 1710 admodum
1471 1673 1517 1710 R.
1544 1672 1608 1718 P„
1642 1676 1742 1709 tuos

110 1744 152 1782 in
175 1744 348 1783 Christo
371 1744 486 1782 filios
507 1745 548 1782 in
570 1757 677 1782 vera
698 1745 908 1783 charitate
930 1743 1152 1792 fundatos,
1177 1745 1306 1783 mites
1328 1750 1360 1791 0,
1384 1743 1426 1781 in
1449 1756 1525 1782 sua
1545 1744 1741 1782 vocatio-

108 1828 163 1854 ne
199 1815 392 1863 stabiles,
430 1828 481 1854 ac
515 1816 658 1853 multis
693 1816 901 1854 virtutum
938 1816 1206 1854 ornamentis
1244 1816 1462 1863 excultos,
1503 1815 1739 1865 praecipue

109 1893 256 1926 tamen
279 1888 559 1926 obedientiae
590 1888 828 1927 voluntatis
859 1893 901 1926 et
932 1888 1198 1935 intellectus,
1237 1888 1359 1925 cuius
1394 1887 1656 1926 adminiculo
1693 1900 1739 1926 se

109 1961 204 1997 Deo
226 1960 526 1998 immaculatos
550 1961 775 2007 exhibent,
808 1960 1099 1998 inordinatum
1129 1971 1325 1997 amorem
1346 1962 1575 2010 parentum
1594 1964 1638 1996 et
1660 1958 1742 1996 alia

108 2017 367 2083 temporalia
387 2033 515 2079 bona,
535 2037 737 2083 tanquam
759 2033 918 2071 nociua
934 2032 1136 2070 fortunae
1154 2031 1353 2078 ludibria,
1374 2035 1676 2078 contemnunt,
1697 2036 1740 2069 et

109 2103 240 2154 digne
262 2104 485 2142 ambulant
506 2105 742 2142 vocatione
770 2104 811 2142 in
842 2117 969 2155 quam
1000 2117 1046 2142 se
1078 2117 1102 2142 a
1133 2105 1227 2142 Deo
1261 2108 1446 2141 vocatos
1477 2108 1738 2154 agnoscunt.

109 2175 173 2213 Ex
195 2188 281 2226 quo
304 2177 435 2214 etiam
456 2177 518 2224 fit,
544 2183 589 2215 vt
611 2176 664 2215 ad
686 2177 1047 2215 mortificationes
1072 2181 1115 2214 et
1147 2178 1415 2215 voluntarias
1446 2175 1740 2227 poenitentias

108 2248 435 2298 amplectendas
455 2261 543 2287 non
564 2250 705 2287 solum
726 2249 879 2299 parati,
903 2248 982 2286 sed
1001 2261 1137 2298 Vsque
1161 2248 1274 2287 adeo
1296 2248 1504 2300 propensi
1522 2247 1740 2298 reperian-

107 2324 191 2366 tur,
215 2324 262 2357 vt.
282 2320 443 2359 fraenis
464 2321 610 2371 potius
631 2333 759 2371 quarn
791 2320 1032 2359 calcaribus
1068 2332 1203 2371 egere
1235 2320 1482 2359 videantur.
1522 2321 1568 2358 In
1603 2319 1740 2357 literis

107 2397 253 2430 autem
270 2398 477 2442 quantum
493 2393 739 2443 proficiant,
758 2397 1023 2431 attestantur
1039 2392 1199 2430 latinae
1218 2392 1459 2439 orationes,
1480 2404 1588 2442 quas
1608 2391 1739 2428 inter-

108 2462 209 2501 dum
232 2469 516 2514 componunt,
535 2470 583 2502 vt
603 2463 779 2515 aliquod
802 2463 1025 2513 specimen
1046 2463 1289 2514 acquisitae
1312 2461 1571 2502 eruditionis
1594 2467 1739 2500 osten-

107 2532 224 2582 dant,
249 2547 347 2573 curn
367 2538 514 2573 tamen
535 2535 608 2573 vix
629 2536 859 2586 quicquam
880 2540 1220 2586 praeceptorum
1250 2534 1525 2574 rhaetorices
1548 2532 1738 2572 edidice-

107 2606 206 2653 rint,
238 2611 394 2657 vtpote
424 2607 495 2657 qui
530 2606 672 2645 adhuc
706 2606 986 2645 humanitatis
1009 2606 1029 2631 ‘¹
1050 2606 1267 2645 lectiones
1298 2604 1493 2645 audiunt.
1520 2605 1606 2656 Qui
1628 2617 1736 2643 vero

154 2755 173 2775 a
224 2756 315 2803 Seq.
344 2756 573 2803 quoddam
599 2757 713 2793 verb.
743 2756 826 2793 del.
905 2757 970 2781 —b
1004 2756 1096 2803 Seq.
1126 2755 1210 2793 del.
1240 2756 1307 2803 qui
1339 2769 1363 2792 a
1392 2755 1736 2792 reuerendissimo

107 2820 334 2862 protectore
353 2815 428 2854 fuit
446 2816 694 2864 praefinitus.
750 2824 814 2842 “0
833 2816 939 2852 nites
959 2827 1039 2853 ms.
1095 2816 1161 2842 ——d
1180 2816 1459 2853 humanitates
1479 2826 1559 2852 ms.

157 2962 165 2982 ¹
218 2960 459 3008 Rodulphus
478 2959 574 2997 Pius
592 2960 642 2996 de
662 2958 800 3008 Carpi.
