1908 3446
283 263 353 300 35⁴2
732 263 952 302 LITTERAE
977 263 1336 310 QuAbfflMi-:smsss

227 372 445 417 tempesta
460 372 527 405 ter
549 380 599 406 ac
621 373 773 417 quater
792 367 1016 418 contingat
1038 367 1091 405 ad
1112 368 1327 407 eiusmodi
1350 382 1478 408 casus
1500 369 1681 408 accersi.
1703 370 1838 410 Xeno·

229 437 387 475 dochia
408 438 473 475 bis
495 439 535 476 in
558 436 835 476 hebdomade
857 438 1088 484 adeuntur,
1113 438 1171 476 ibi
1188 439 1370 488 primum
1393 440 1592 478 doctrina
1620 441 1845 482 chris-tiana
1898 427 1900 467 Ῐ

229 513 441 556 cantatur,
475 509 634 548 deinde
657 511 916 560 languentes
949 511 1125 548 salutari
1147 508 1445 548 admonitione
1463 516 1732 558 recreantur,
1751 526 1841 562 pos·
1897 546 1899 554 ,

228 588 367 620 tremo
391 583 462 632 qui
493 582 649 620 adsunt
670 583 824 632 parati,
856 587 1039 633 peccata
1060 582 1300 633 deponunt.
1342 583 1385 620 [n
1413 582 1736 632 frequentando
1761 596 1844 623 car-

227 666 329 691 cere
351 653 467 692 idem
491 654 614 692 ordo.

278 735 315 772 3.
376 727 429 763 Et
459 726 661 775 quoniam
696 726 737 763 in
765 725 1284 764 doctrinaevchristianae
1320 725 1588 764 mentionem
1620 725 1764 774 incidi,
1788 727 1842 765 dj—
1897 737 1899 746 ¹

217 808 318 834 -cam
342 795 383 833 id
400 796 516 846 quod
539 809 706 834 summe
731 802 796 834 est
818 796 1132 843 admirandum3
1152 796 1307 835 diebus
1329 797 1454 835 festis
1478 797 1676 835 omnibus
1700 798 1844 837 Patres
1897 793 1899 799 ⁴

225 867 350 905 binos
372 872 445 904 aut
467 872 618 905 ternos
648 867 824 917 prodire
855 869 1138 917 praecinente
1173 869 1427 918 campanula
1448 868 1751 913 decantantes,
1782 881 1843 908 ca·
1896 866 1898 877 '

223 943 390 976 ternam
412 950 649 988 puerorum
678 938 801 988 sequi
830 938 1206 988 respondentium,
1237 939 1460 977 hominum
1493 944 1648 977 coetus
1679 951 1730 977 ac
1758 950 1844 978 mu-

223 1011 377 1048 lierum
399 1010 556 1061 passim
578 1010 671 1048 fieri
695 1009 748 1048 ad
776 1010 1054 1057 audiendum,
1088 1023 1221 1061 saepe
1252 1023 1390 1061 usque
1419 1010 1474 1049 ad
1496 1017 1515 1036 ³
1535 1010 1691 1049 aedem
1722 1012 1838 1061 sequi
1896 1061 1898 1067 ,

221 1083 338 1129 (sunt
369 1087 515 1119 autem
546 1081 674 1119 binae
705 1081 962 1131 designatae
997 1082 1050 1119 ab
1081 1075 1407 1132 proepi'scopo)‚
1441 1095 1625 1133 magnos
1656 1081 1839 1131 undique
1896 1128 1897 1134 ἵ

221 1152 573 1203 applaudentium
606 1165 629 1191 e
659 1153 863 1191 fenestris
884 1165 935 1191 ac
957 1153 1173 1191 liminibus
1195 1155 1411 1192 clamores
1434 1153 1595 1200 efferri,
1629 1162 1839 1202 nunquam
1896 1181 1898 1184 ψ

223 1225 326 1262 satis
348 1237 440 1262 rem
462 1224 668 1262 diuinitus
697 1225 948 1275 inspiratam
975 1225 1176 1263 admirari
1206 1225 1428 1277 populum.
1453 1223 1733 1264 Conveniunt
1763 1225 1841 1262 ter·
1895 1224 1898 1229 ’

223 1308 292 1334 me
314 1295 367 1334 ad
390 1295 653 1334 audiendum
675 1296 717 1334 in
747 1297 957 1348 templum
978 1310 1213 1348 puerorum
1246 1298 1472 1349 plusquam
1505 1297 1587 1335 tria
1616 1296 1745 1336 millia
1771 1309 1824 1335 nu

222 1373 402 1414 merata,
427 1367 618 1405 virorum
642 1379 692 1406 ac
718 1367 1005 1406 foeminarum
1037 1369 1192 1419 ingens
1223 1368 1471 1406 multitudo.
1506 1369 1648 1420 Vulgo
1680 1371 1840 1421 praedi·
1895 1389 1897 1416 2

221 1444 319 1477 cant
341 1439 540 1477 homines
562 1452 609 1477 se
630 1440 713 1477 hac
734 1452 818 1477 una
847 1452 894 1477 re
918 1452 1017 1478 esse
1040 1439 1298 1478 christianos
1321 1439 1542 1487 didicisse3
1566 1446 1686 1479 tanta
1717 1447 1782 1480 est
1801 1443 1838 1481 in
1896 1445 1898 1448 “

222 1523 305 1548 una
327 1510 552 1548 doctrinae
576 1511 837 1549 christianae
861 1510 1182 1549 exercitatione
1212 1511 1375 1549 utilitas
1397 1511 1713 1551 animaduersa.

272 1593 310 1630 4.
370 1582 435 1619 De
466 1583 704 1633 gymnasijs
734 1583 894 1620 nostris
924 1581 1028 1620 illud
1059 1582 1320 1633 compendio
1344 1582 1499 1630 dicam,
1532 1583 1634 1621 nihil
1665 1583 1838 1635 perinde

214 1665 275 1691 ex
296 1654 504 1692 institutis
526 1654 762 1693 Societatis
791 1655 1008 1705 placuisse
1030 1654 1268 1705 Segobiae.
1293 1654 1403 1692 Nam
1434 1654 1475 1692 in
1509 1666 1560 1692 ea
1590 1667 1637 1693 re
1668 1654 1838 1706 penuria

218 1725 361 1762 bonae
384 1724 610 1763 doctrinae
646 1730 777 1775 atque
811 1725 1065 1763 fructuosae
1100 1725 1339 1763 industriae
1370 1725 1610 1776 segobiana
1642 1726 1838 1764 iuuentus

218 1810 303 1835 non
326 1796 608 1835 mediocriter
642 1797 883 1835 laborabat.
909 1797 1004 1833 Fuit
1026 1796 1157 1847 igitur
1179 1797 1265 1835 hoc
1286 1809 1418 1835 unum
1440 1796 1534 1834 urbi
1555 1796 1836 1835 vehementer

218 1869 462 1919 exoptanti,
487 1874 533 1906 ut
562 1868 747 1919 primum
782 1868 908 1906 nobis
940 1868 1074 1914 licuit,
1108 1867 1457 1906 concedendum.
1492 1866 1593 1906 Eius
1624 1868 1687 1906 rei
1718 1881 1835 1907 exor-

218 1939 334 1978 dium
366 1945 583 1990 sumptum
607 1945 674 1977 est
697 1939 896 1977 oratione
917 1951 941 1976 a
962 1938 1150 1988 quodam
1172 1944 1510 1989 praeceptorum
1532 1939 1679 1977 habita
1698 1939 1739 1977 in
1773 1952 1836 1977 su·

217 2022 383 2061 premo,
407 2011 467 2049 ita
487 2010 808 2061 postulantibus
831 2010 1067 2056 canonicis,
1100 2010 1281 2060 temp103
1304 2010 1347 2047 in
1375 2022 1458 2060 qua
1489 2022 1586 2048 cum
1609 2008 1834 2049 Societatis
1893 2044 1895 2050 A

216 2081 271 2119 de
304 2080 543 2119 erudienda
572 2082 803 2119 iuuentute
834 2081 1033 2118 instituta
1051 2080 1231 2131 copiose
1254 2080 1526 2127 diseruisset,
1547 2086 1667 2119 tanta
1689 2089 1833 2118 omnes
1892 2083 1895 2118 ἰ

213 2152 439 2191 auditores
459 2152 630 2201 (aderat
651 2157 812 2199 autem,
837 2157 883 2189 ut
913 2151 1051 2189 verbo
1075 2151 1230 2198 dicam,
1254 2151 1458 2203 quicquid
1488 2152 1530 2189 in
1560 2152 1641 2190 hac
1663 2150 1832 2190 ciuitate
1891 2149 1894 2158 ⁴

215 2232 281 2262 est
316 2224 554 2271 literarum,
592 2223 830 2274 religionis,
869 2222 1156 2272 celebritatis)
1187 2222 1415 2261 admiratio
1447 2228 1578 2273 atque
1601 2221 1830 2261 commotio

216 2296 347 2346 cepit,
371 2299 417 2333 ut
440 2295 617 2333 domum
638 2293 915 2333 redeuntium
938 2307 1022 2332 una
1044 2294 1237 2332 omnium
1259 2306 1347 2332 vox
1372 2299 1491 2331 esset
1517 2293 1633 2331 nulla
1653 2304 1830 2343 unquam

214 2366 255 2404 in
276 2366 502 2405 academia
521 2366 609 2404 tale
632 2378 679 2404 se
701 2366 931 2417 quicquam
954 2364 1143 2404 audisse.
1170 2363 1388 2403 Postridie
1411 2376 1464 2402 ea
1491 2364 1737 2403 auditorum
1768 2375 1831 2402 ca·

214 2443 340 2476 terua
379 2436 605 2484 confluxit,
643 2442 689 2474 ut
724 2436 855 2474 dubia
893 2436 1008 2474 haud
1045 2441 1194 2474 essent
1228 2435 1470 2473 animorum
1506 2434 1648 2473 studia
1681 2435 1722 2472 in
1751 2438 1830 2472 *nos
1889 2449 1892 2455 ·

212 2521 338 2560 quam
373 2508 558 2547 maxime
589 2520 820 2559 propensa.
856 2508 1055 2558 Denique
1087 2508 1228 2546 clases
1262 2513 1360 2545 sunt
1396 2512 1502 2554 tres,
1536 2504 1759 2544 auditores
1780 2502 1829 2543 ad

213 2585 388 2619 centum
411 2584 454 2618 et
476 2579 802 2631 quinquaginta,
826 2591 955 2630 quern
978 2579 1234 2630 propediem
1256 2591 1484 2617 numerum
1507 2578 1638 2629 duplo
1661 2581 1827 2616 auctum

212 2651 365 2689 videre
387 2663 626 2702 speramus.
651 2651 715 2688 Ex
738 2650 938 2700 confinijs
961 2651 1089 2698 enim,
1113 2662 1224 2702 quae
1246 2650 1379 2689 multa
1401 2654 1445 2688 et
1467 2649 1582 2688 bona
1601 2649 1732 2687 habet
1750 2648 1828 2686 hoc

213 2722 424 2774 oppidum
444 2723 479 2770 b,
502 2722 757 2774 principium
780 2722 985 2761 veniendi
1006 2727 1185 2774 propter
1207 2726 1422 2760 aestatem
1443 2720 1635 2759 nondum
1659 2725 1725 2758 est
1745 2719 1830 2757 fac-

212 2800 317 2833 tum.
342 2795 498 2832 Tribus
528 2793 750 2832 mensibus
779 2797 847 2831 ter
874 2794 1049 2844 publice
1084 2793 1396 2840 declamarunt,
1432 2792 1653 2830 orationes
1696 2788 1825 2829 semel

215 2878 343 2904 versu
376 2865 514 2904 factas
543 2865 804 2911 habuerunt,
827 2864 945 2916 quod
975 2870 1206 2915 utrumque
1236 2863 1475 2902 inauditum
1509 2868 1602 2901 erat
1629 2861 1822 2907 antehac,

211 2943 340 2988 atque
376 2937 510 2975 multa
539 2936 743 2987 denique,
782 2948 920 2987 eaque
955 2950 1042 2975 non
1078 2937 1252 2986 exigua,
1289 2934 1546 2989 diligentiae>
1569 2939 1770 2989 —riostrae>
1784 2930 1823 2969 in

260 3091 278 3108 ³
314 3083 363 3120 ad
382 3087 519 3128 snpra
539 3092 729 3118 versum.
784 3082 848 3106 *b
869 3081 967 3117 haec
988 3080 1147 3117 ciuitas.
