1908 3446
571 174 640 211 400
660 175 936 214 ——MoNAcfflo
963 176 986 213 6
1016 176 1205 213 Ausum
1235 176 1324 213 1560
1636 174 1704 214 717

188 286 226 324 4.
287 277 427 314 Venio
449 289 564 314 nunc
593 277 647 315 ad
678 284 986 316 sacrosanctae
1019 279 1309 317 eucharistiae
1342 286 1675 327 sacramentum,
1701 280 1754 318 de

135 347 257 385 cuius
291 348 466 398 quidem
500 349 881 400 fraequentatione
919 355 962 387 et
991 350 1136 387 fructu
1167 349 1421 399 propediem
1459 363 1585 400 spero
1619 352 1755 400 plura:

133 431 247 456 nunc
264 419 377 457 enim
393 421 637 469 suauissimj
657 421 783 459 huius
801 421 1061 459 sacramenti
1078 421 1245 459 fructus
1263 420 1442 458 delibari
1460 421 1641 471 primum
1659 436 1757 459 nos-

134 489 201 521 tro
218 484 258 521 in
273 485 436 535 templo
451 487 596 537 coepti
613 492 727 533 sunt,
742 500 829 524 non
843 488 934 525 sine
952 487 1113 524 inuidia
1126 487 1332 523 sathanae
1349 492 1392 523 et
1409 487 1641 525 multorum
1658 500 1757 526 con-

134 554 412 595 tradictione.
436 557 482 593 In
503 557 618 595 festo
644 558 935 595 pentecostes
962 557 1160 608 proxime
1184 558 1331 607 elapso
1365 558 1643 607 septuaginta
1664 560 1757 608 plus

133 627 272 664 minus
294 627 520 665 habuimus
544 630 933 675 communicantes,
957 628 1103 678 plures
1121 640 1227 666 0010
1251 628 1531 672 confitentes3
1552 634 1593 665 et
1611 629 1757 666 dicun·

133 703 202 735 tur
223 698 265 736 in
282 699 377 747 alijs
399 711 576 749 quoque
597 700 816 750 paroecijs
837 700 923 737 hoc
945 700 1037 749 ipso
1060 699 1175 737 festo
1195 706 1281 737 tam
1303 699 1424 748 multj
1445 702 1756 738 communicas-

132 782 195 815 se,
221 775 267 806 vt
290 769 351 817 rej
376 770 549 807 nouitas
579 771 620 808 in
643 770 974 809 admirationem
996 784 1082 808 non
1104 783 1269 820 paucos
1291 772 1496 820 rapuerit.
1525 772 1626 809 Post
1650 773 1756 809 Pen-

130 844 350 878 tescostes
370 840 485 878 festa
513 842 672 879 nullam
702 842 983 892 praeteriisse
1005 847 1111 891 puto
1133 842 1434 892 septimanam,
1459 855 1539 892 qua
1575 855 1661 880 non
1685 856 1756 880 ex-

130 916 281 949 ternos
311 912 479 961 aliquos
511 914 852 952 et,confitentes
885 919 928 950 et
960 913 1338 951 communicantes
1373 913 1665 952 habuerimus.
1706 916 1755 951 lit

130 994 329 1033 magnam
364 983 566 1032 profecto
591 996 644 1021 ex
681 984 1053 1035 indulgentiarum
1081 984 1434 1034 promulgatione
1466 997 1650 1022 messem
1690 986 1755 1022 hic

129 1065 466 1103 speraueramus
490 1056 516 1100 ¹3
539 1067 693 1092 verum
714 1054 968 1092 fefellerunt
989 1068 1068 1092 nos
1101 1055 1274 1092 occulta
1293 1056 1587 1105 praelatorum
1619 1057 1756 1093 consi-

129 1124 202 1171 lia,
226 1136 338 1174 quae
362 1125 447 1163 hoc
468 1126 633 1164 habere
656 1126 749 1163 uisa
771 1132 884 1172 sunt,
909 1131 956 1163 vt
986 1127 1099 1176 apud
1122 1125 1349 1164 seductam
1381 1138 1537 1177 magna
1559 1140 1613 1163 ex
1637 1132 1756 1176 parte

128 1196 403 1245 plebeculam
425 1196 658 1234 thesaurus
680 1197 763 1234 iste
786 1197 1081 1235 abscondatur
1098 1197 1244 1247 potius
1261 1209 1388 1247 quam
1410 1197 1583 1247 publice
1603 1211 1756 1247 propo-

126 1272 266 1313 natur,
304 1279 358 1304 ne
395 1272 592 1306 sanctum
627 1268 755 1306 detur
792 1268 969 1306 canibus
1001 1274 1045 1305 et
1076 1269 1335 1318 margaritae
1368 1275 1625 1319 spargantur
1656 1275 1754 1306 ante·

126 1350 286 1389 porcos
308 1344 335 1377 ².
369 1340 508 1377 Nobis
538 1340 711 1377 interim
742 1340 906 1390 absque
937 1338 1290 1390 promulgatione
1321 1340 1403 1377 alia
1424 1338 1559 1378 licere
1590 1341 1756 1390 putaui-

127 1423 222 1447 mus
252 1423 339 1448 non
370 1412 511 1448 solum
543 1424 624 1449 nos
655 1412 773 1462 ipsos
802 1412 910 1449 tanti
941 1412 1133 1449 thesauri
1165 1411 1313 1449 facere
1335 1412 1585 1462 participes,
1611 1412 1688 1449 sed
1710 1417 1756 1450 vt

125 1480 241 1519 idem
276 1482 506 1520 nobiscum
540 1482 754 1529 facerent,
792 1483 1029 1533 discipulos
1065 1484 1197 1521 etiam
1232 1488 1409 1521 nostros
1442 1490 1485 1521 et
1519 1483 1756 1522 amicorum

124 1553 357 1591 nonnullos
399 1553 600 1604 priuatim
631 1555 810 1593 hortari.
844 1555 1087 1592 Ieiunatum
1119 1567 1226 1605 ergo
1259 1560 1325 1592 est
1361 1567 1385 1592 a
1413 1556 1555 1600 nobis,
1599 1561 1642 1593 et
1676 1568 1756 1593 vna

124 1636 222 1662 cum
262 1624 483 1676 discipulis
518 1626 679 1664 nostris
720 1639 914 1676 congrua
953 1626 1195 1664 deuotione
1233 1632 1277 1665 et
1316 1627 1445 1676 animj
1487 1627 1754 1678 gratitudine

129 1695 322 1734 oblatum
354 1708 378 1733 a
398 1696 594 1746 pijssimo
624 1698 754 1735 Patre
785 1710 939 1735 munus
962 1699 1249 1748 suscepimus.
1285 1700 1499 1738 Carceres
1529 1711 1615 1736 non
1647 1699 1756 1736 frae-

126 1771 390 1816 quentantur
411 1779 437 1805 a
457 1767 598 1815 nobis,
629 1768 729 1819 quia
748 1769 1031 1819 plaerumque
1054 1769 1124 1807 hic
1154 1775 1254 1807 sunt
1275 1770 1418 1818 vacuj.
1445 1770 1672 1819 Hospitale
1697 1770 1756 1807 vi-

126 1838 233 1875 situr
255 1837 439 1876 subinde
476 1851 500 1876 a
530 1839 706 1886 nostris,
737 1844 781 1877 et
811 1840 991 1878 mirifice
1023 1845 1274 1878 nostrorum
1305 1841 1686 1879 exhortationibus
1714 1841 1755 1879 in

127 1909 314 1947 Domino
337 1910 592 1948 reficiuntur
613 1911 783 1948 infirmi.
810 1911 1131 1962 Nonnunquam
1155 1917 1198 1949 et
1221 1912 1275 1950 ad
1307 1925 1384 1950 eos
1406 1914 1478 1963 qui
1506 1913 1635 1951 morti
1656 1919 1756 1951 sunt

127 1981 312 2030 proximi
350 1994 574 2029 vocamur,
610 1988 653 2019 et
685 1983 949 2033 singularem
980 1984 1194 2022 hactenus
1224 1989 1475 2022 nostrorum
1506 1985 1756 2035 praesentia

124 2050 302 2090 infirmis
334 2053 684 2092 consolationem
715 2055 874 2101 attulit,
908 2067 1019 2105 quae
1052 2060 1095 2092 et
1125 2056 1263 2093 maior
1285 2057 1326 2094 in
1350 2057 1491 2094 Deum
1513 2055 1686 2103 fiducia,
1712 2062 1754 2094 et

122 2123 364 2173 promptior
383 2136 437 2161 ex
454 2125 536 2162 hac
552 2124 869 2174 lachrymarum
888 2127 1000 2164 valle
1020 2127 1231 2176 migrandi
1249 2128 1453 2166 voluntas
1476 2127 1647 2166 abunde
1670 2134 1754 2166 tes-

124 2199 215 2232 tata
236 2200 349 2234 sunt.
376 2195 560 2234 Accedit
580 2210 718 2248 nuper
741 2203 787 2235 vt
808 2197 861 2235 ad
878 2197 1154 2248 illustrissimj
1173 2200 1378 2250 principis
1396 2200 1613 2238 medicum
1636 2202 1752 2238 lecto

125 2265 467 2305 decumbentem
491 2280 767 2315 vocaremur,
791 2281 936 2319 quem,
963 2270 1056 2307 Deo
1089 2271 1282 2317 iuuante,
1308 2272 1457 2321 paucis
1478 2272 1754 2310 sermonibus

126 2349 180 2374 eo
202 2336 501 2387 perduximus,
525 2345 574 2376 vt
594 2352 682 2377 non
705 2340 845 2377 solum
866 2338 1023 2378 iterum
1055 2347 1185 2392 atque
1207 2342 1365 2380 iterum
1398 2342 1686 2380 absolutionis
1709 2350 1753 2381 et

125 2408 413 2447 eucharistiae
436 2416 710 2447 sacramenta
730 2422 754 2447 a
774 2411 899 2448 nobis
922 2410 1104 2449 durante
1123 2412 1373 2451 infirmitate
1391 2414 1655 2463 perciperet,
1675 2414 1753 2451 sed

124 2480 319 2529 generali
352 2480 483 2519 etiam
513 2480 648 2519 totius
683 2482 802 2520 vitae
824 2482 940 2521 facta
971 2483 1269 2532 confessione,
1309 2491 1353 2523 et
1382 2484 1751 2536 indulgentiarum

124 2550 204 2589 sibi
227 2543 478 2602 comparat‘o
503 2553 727 2600 thesauro,
753 2553 907 2592 lubens
929 2567 980 2592 ac
1000 2556 1143 2593 laetus
1164 2555 1367 2594 miseram
1384 2557 1495 2595 hanc
1518 2562 1562 2594 et
1583 2570 1751 2595 aerum-

125 2618 278 2660 nosam
300 2635 397 2661 curn
419 2627 600 2662 aeterna
620 2625 725 2671 vita,
749 2637 877 2676 quam
893 2625 1075 2664 firmiter
1097 2627 1316 2677 sperabat,
1343 2632 1651 2667 commutaret.

177 2702 212 2742 5.
273 2694 500 2745 Superest,
525 2695 621 2734 Rde
638 2697 783 2744 Pater,
808 2701 855 2734 vt
877 2697 931 2735 de
963 2698 1124 2736 scholis
1157 2711 1394 2750 earumque
1417 2713 1655 2750 progressu
1678 2701 1751 2738 ali·

171 2858 180 2876 ¹
232 2856 532 2903 Indulgentiam
550 2859 718 2907 jubilaei
738 2859 834 2896 Pius
861 2859 921 2897 IV
947 2869 1204 2899 concesserat
1232 2863 1379 2899 litteris
1410 2864 1537 2900 Roma
1564 2863 1610 2899 25
1641 2863 1751 2900 Mar-

125 2916 165 2952 tii
190 2916 279 2953 1560
296 2917 414 2954 datis.
439 2917 545 2954 Vide
565 2931 652 2965 sup.
674 2932 711 2965 p.
731 2918 815 2956 697.

171 2976 184 2995 ²
236 2975 298 3014 Cf.
322 2976 509 3021 Mum,
532 2977 626 3022 VII,
646 2978 681 3016 6.
