1908 3446
567 199 876 238 385—131L101v10
905 201 919 236 1
944 196 1055 246 JUNn
1087 199 1176 236 1560
1563 198 1632 235 673

56 301 282 340 dominicis
303 301 457 340 diebus
488 303 527 339 in
560 302 726 342 uicinos
761 317 898 354 pagos
921 317 966 342 se
990 303 1192 341 conferre
1215 302 1373 348 solent,
1403 302 1445 339 P.
1484 302 1676 339 Rectore

54 373 327 423 potissimum
348 373 418 411 hic
440 375 746 420 concionante,
771 376 842 424 qui
860 375 1020 426 pariter
1044 373 1237 424 episcopi
1259 374 1377 410 iussu
1399 372 1679 422 quadragesi-

56 444 154 481 mali
175 450 372 494 tempore
392 444 433 481 in
451 457 533 481 una
552 457 605 482 ex
627 447 872 496 praecipuis
895 444 1135 483 Aruerniae
1159 444 1349 488 urbibus,
1371 456 1457 481 non
1481 444 1573 481 sine
1592 445 1678 481 ani-

56 527 219 551 marum
254 514 412 561 fructu,
447 517 681 554 inultorum
711 516 870 555 auditis
894 516 1260 561 confessionibus,
1286 514 1573 552 concionatus
1597 520 1677 551 est.

109 596 145 623 2.
205 585 277 623 Sic
307 598 430 632 uero,
456 587 567 623 Dno.
594 592 878 637 cooperante,
903 587 1140 626 Societatis
1168 586 1308 623 bonus
1341 584 1450 623 odor
1481 585 1679 623 diffundi-

55 662 137 701 tur,
162 657 357 706 tantique
380 657 656 706 institut[um]
681 663 878 696 nostrum
908 658 1071 696 faciunt
1095 670 1261 703 omnes,
1292 663 1337 694 ut
1361 669 1437 706 pro
1470 657 1680 694 habendis

54 727 290 765 Societatis
313 728 513 778 collegijs
535 729 742 779 incipiant
761 742 876 768 nunc
897 730 1005 767 aliae
1036 729 1381 767 aruerniensium
1404 729 1534 765 urbes
1565 729 1680 778 cogi-

54 802 163 842 tare,
207 811 385 849 remque
426 798 541 837 serio
583 801 779 850 aggredi.
818 801 957 839 Huius
992 800 1132 851 gratia
1171 801 1219 838 R.
1264 801 1310 838 P.
1355 800 1551 850 Baptista
1588 805 1594 823 ¹
1632 812 1682 837 ac

56 870 102 906 R.
138 871 182 907 P.
217 870 512 920 Hieronymus
535 876 547 896 ²
576 872 779 928 accersiti
812 872 854 910 in
884 873 1052 919 urbem,
1078 872 1209 922 uulgo
1243 870 1433 909 Mauriac
1463 883 1680 922 nuncupa·

53 947 154 988 tam,
188 955 233 980 se
267 943 562 991 contulerunt,
587 951 605 968 a
629 945 818 982 omnium
848 944 962 982 illius
994 944 1111 982 urbis
1143 944 1303 982 ciuium
1335 956 1385 981 ac
1414 945 1640 981 consulum
1662 944 1681 967 b

55 1022 307 1051 consensuC
329 1015 656 1053 conditionibus
688 1016 707 1040 d
743 1015 993 1054 mecoenati
1023 1020 1175 1053 nostro
1206 1014 1219 1033 ³
1249 1014 1500 1065 propositis,
1534 1015 1587 1052 ab
1610 1028 1681 1053 60-

54 1084 167 1131 dem,
194 1099 221 1123 α
244 1085 438 1124 Parrum
468 1089 736 1125 nostrorum
768 1086 933 1134 reditu,
966 1092 1279 1125 sexcentorum
1303 1099 1555 1125 aureorum
1578 1094 1595 1111 ὃ
1617 1099 1681 1124 re-

53 1156 168 1193 ditus
190 1157 201 1180 f
227 1156 435 1208 assignati
456 1163 570 1205 sunt,
595 1166 617 1191 g
638 1159 821 1209 publicis
854 1158 1152 1196 instrumentis
1175 1158 1434 1205 confirmati,
1460 1171 1512 1196 ea
1534 1158 1681 1196 condi-

52 1227 172 1265 tione
195 1231 341 1278 67ηρίο
364 1229 383 1252 ¹¹
408 1230 461 1267 ab
483 1228 546 1268 eis
568 1231 577 1254 i
607 1230 783 1281 collegij
807 1231 923 1277 loco,
948 1235 995 1268 ut
1015 1231 1068 1268 ab
1090 1230 1248 1279 ijsdem
1280 1231 1443 1267 classes
1480 1235 1681 1267 extruan-

53 1305 135 1346 tur,
159 1312 245 1337 vno
269 1300 473 1339 omnium
495 1314 728 1348 consensu,
754 1307 798 1339 ut
821 1305 959 1340 restet
981 1300 1097 1340 aliud
1126 1300 1245 1347 nihil,
1269 1301 1352 1338 nisi
1383 1306 1430 1338 ut
1453 1313 1506 1338 eo
1531 1313 1681 1351 opera-

10 1395 13 1398 ·
53 1371 101 1419 rij
126 1371 366 1417 mittantur,
387 1372 504 1422 quod
526 1372 729 1411 mandato
754 1374 800 1411 R.
827 1373 1022 1424 episcopi
1042 1372 1179 1410 literis
1197 1372 1246 1409 T.
1273 1370 1530 1409 Paternitati
1552 1372 1681 1422 signi-

52 1442 228 1480 ficatum
259 1443 459 1480 arbitror.
485 1444 590 1481 Tam
621 1456 728 1482 uero
759 1444 812 1481 ab
850 1445 913 1482 eis
949 1445 1102 1482 Patres
1133 1444 1185 1481 N.
1224 1443 1470 1481 honorifice
1506 1443 1682 1493 excepti

51 1513 240 1560 fuerunt,
265 1520 311 1551 ut
335 1515 539 1552 consules
561 1526 613 1552 ac
632 1527 842 1564 proceres
864 1516 981 1553 urbis
1004 1528 1101 1553 cum
1122 1515 1309 1553 maxima
1329 1526 1487 1565 pompa
1509 1514 1681 1551 obuiam

52 1586 364 1635 processerint.
391 1586 576 1624 Postero
601 1586 671 1624 die
700 1587 758 1624 ibi
789 1588 835 1624 Ρ.
871 1588 1032 1625 Rector
1055 1587 1342 1625 concionatus
1366 1592 1433 1624 est
1465 1599 1561 1623 cum
1594 1598 1681 1623 om-

51 1656 168 1694 nium
191 1657 503 1707 expectatione
526 1658 713 1696 maxima
733 1663 863 1708 atque
886 1659 1108 1709 applausu.
1134 1658 1197 1696 Eo
1221 1657 1321 1695 dum
1344 1658 1427 1695 iter
1450 1658 1679 1703 haberent,

52 1728 93 1765 in
115 1726 298 1778 quadam
317 1727 328 1759 ]
356 1729 463 1766 urbe
485 1729 527 1766 in
548 1741 633 1779 qua
654 1729 851 1779 hospicio
877 1728 1052 1779 excepti
1074 1734 1188 1776 sunt,
1212 1729 1386 1779 quidam
1408 1729 1427 1752 k
1449 1729 1643 1779 priuatus
1672 1729 1680 1751 ¹

53 1799 167 1836 mille
190 1812 348 1837 aureos
385 1813 431 1837 se
467 1799 669 1837 daturum
703 1800 1009 1850 pollicebatur,
1042 1800 1135 1850 ipsa
1163 1813 1271 1838 uero
1304 1800 1406 1838 urbs
1438 1804 1680 1846 trecentos,

52 1885 136 1922 quo
159 1871 327 1909 facilius
358 1872 446 1909 suis
468 1871 584 1909 uotis
604 1872 851 1921 potirentur
875 1879 919 1910 11¹.
946 1872 1316 1923 Gergoniensium
1338 1879 1359 1896 ¹²
1380 1872 1499 1909 urbis
1521 1879 1539 1896 0
1560 1883 1682 1922 prae-

53 1948 176 1980 terea
193 1943 397 1980 consules
420 1955 544 1980 suum
568 1943 821 1992 episcopum
844 1943 1146 1990 soliicitarunt,
1172 1949 1219 1982 ut
1241 1942 1416 1994 collegij
1440 1948 1682 1993 prouentus

52 2026 218 2052 annuos
241 2014 380 2060 daret,
415 2014 580 2064 reliqua
615 2014 931 2065 suppeditaturi
962 2027 1074 2064 quae
1105 2014 1158 2052 ad
1190 2015 1365 2066 collegij
1399 2026 1450 2052 ac
1482 2014 1681 2052 classium

50 2084 257 2123 fabricam
278 2085 567 2135 pertinerent.
594 2085 762 2135 Quibus
785 2084 1011 2136 respondit
1033 2085 1113 2123 sibi
1142 2098 1230 2124 non
1259 2099 1357 2124 esse
1380 2087 1600 2136 integrum
1622 2086 1682 2123 bi-

52 2157 239 2194 liomaeo
268 2156 458 2207 collegio
489 2156 682 2194 nondum
714 2162 935 2204 extructo,
969 2162 1013 2194 et
1045 2157 1234 2195 Mauriac
1254 2157 1470 2207 promisso
1493 2156 1681 2195 necdum

51 2228 274 2279 incoepto.
300 2228 439 2265 Tanta
460 2233 541 2273 est,
567 2229 614 2265 R.
640 2229 686 2266 P.
712 2227 825 2278 apud
847 2239 999 2265 omnes
1022 2240 1075 2266 ac
1100 2227 1314 2278 precipue
1351 2230 1472 2278 apud
1507 2230 1683 2267 exteros

52 2298 292 2338 Societatis
313 2306 332 2332 Ρ
355 2300 607 2349 expectatio
632 2304 675 2336 et
697 2298 978 2346 desiderium,
1004 2305 1050 2336 ut
1071 2312 1158 2337 non
1180 2305 1267 2338 tam
1291 2300 1524 2338 Biliomum
1547 2307 1565 2333 q
1588 2300 1680 2337 foe-

50 2370 178 2408 licem
199 2369 468 2421 praedicent,
494 2383 621 2421 quam
643 2383 689 2408 se
712 2369 770 2407 illi
792 2369 990 2408 inuidere
1013 2375 1166 2421 aperte
1189 2371 1431 2410 fateantur.

99 2477 116 2497 a
168 2491 227 2514 ac.
283 2479 346 2503 —b
369 2478 554 2515 Emend.
577 2489 628 2515 ex
642 2478 797 2514 ciuibus
816 2491 862 2514 ac
881 2477 1125 2515 consulibus.
1191 2487 1257 2505 ..c
1284 2485 1335 2516 et.
1403 2481 1470 2505 —d
1494 2480 1680 2517 Emend.

53 2548 103 2574 ex
127 2538 215 2574 alio
245 2549 285 2574 v.
317 2537 435 2584 quod
465 2538 552 2583 legi
578 2539 740 2585 nequit.
805 2545 870 2563 —e
891 2536 1134 2575 franeorum.
1189 2539 1249 2564 —f
1273 2539 1467 2576 redditus.
1523 2547 1592 2573 —g
1619 2552 1681 2576 ac.

54 2598 119 2622 -11
142 2602 319 2644 accepta.
376 2598 430 2623 —i
457 2597 610 2634 incolis.
665 2597 719 2629 —J'
748 2599 922 2644 quadem
942 2607 1021 2634 ms.
1078 2598 1145 2624 —k
1167 2598 1259 2645 Seq.
1279 2598 1340 2635 vir
1357 2604 1496 2645 supra
1516 2609 1625 2636 vers.
1654 2610 1680 2635 α

52 2656 146 2693 Pol.
168 2659 383 2703 scriptum
402 2668 455 2694 ac
472 2656 680 2695 deletum.
734 2659 790 2682 —1
820 2658 892 2694 vir.
949 2666 1025 2684 -111
1044 2659 1201 2705 aliquos
1220 2671 1271 2694 ex
1289 2658 1385 2694 nris.
1406 2658 1512 2705 apud
1539 2671 1583 2694 se
1616 2658 1680 2694 ha-

52 2716 182 2752 bendo
201 2717 307 2754 add.
328 2718 375 2754 in
397 2728 538 2764 marg.
592 2726 659 2743 —11
679 2730 751 2755 seu
804 2726 868 2743 ——0
889 2719 1222 2755 claromontensis
1242 2720 1289 2755 in
1309 2729 1448 2763 marg.
1506 2726 1570 2752 —p
1592 2730 1682 2754 con-

53 2782 165 2823 cepta
185 2777 234 2813 de
254 2776 474 2815 Societate.
528 2785 593 2811 —q
615 2777 859 2815 Biliomeam
877 2777 1100 2815 ciuitatem.

104 2889 110 2906 ¹
164 2887 209 2924 P.
225 2886 406 2934 Joannes
425 2887 608 2934 Baptista
628 2886 765 2924 Viola.

101 2947 114 2966 ²
165 2946 208 2984 P.
230 2946 508 2995 Hieronymus
525 2946 691 2985 Bassius
710 2947 787 2991 (Le
807 2946 919 2992 Bas).
941 2948 1105 2994 collegii
1124 2953 1272 2985 rector.

101 3008 114 3026 ³
163 3006 396 3045 Guilelmus
415 3021 439 3044 a
456 3007 579 3045 Prato
598 3008 666 3052 (du
684 3006 810 3053 Prat),
833 3007 1043 3054 episcopus
1063 3008 1406 3045 claromontanus.

199 3092 362 3117 er‘rzau
381 3091 741 3125 QUAomunsruus.—T.
764 3091 815 3116 VI.
1509 3095 1543 3121 43
