1908 3446
212 285 281 323 892
675 285 891 322 LITTERAE
917 284 1273 330 QUADmMESTREs

168 389 549 439 quadragesimae
566 389 696 436 finem
713 389 941 426 sexcentos
954 387 1058 437 fere
1088 399 1254 424 aureos
1284 386 1491 425 collectos
1511 400 1600 425 esse
1618 386 1663 425 in
1682 400 1782 425 con-

168 458 371 497 cionibus
394 460 511 498 Pris.
547 459 824 497 amlim'nzas.
860 457 990 507 Quod
1020 456 1194 506 quidem
1225 458 1352 495 tanto
1387 458 1627 507 promptius
1648 458 1782 495 liben-

167 530 338 580 tiusque
361 531 412 568 ab
449 530 646 568 omnibus
681 530 773 567 fieri
809 529 997 575 uidetur,
1035 528 1288 579 integritate
1319 527 1526 566 uidelicet
1547 529 1783 567 Societatis

166 606 341 638 nostrae
377 607 621 651 perspecta,
648 606 690 639 ct
714 600 800 638 ΚΛΗ
823 600 1007 637 maxime
1043 599 1183 637 nostri
1205 599 1313 648 Prjs.
1334 598 1564 649 probitate
1584 601 1624 638 et
1645 599 1782 638 since-

168 673 293 710 ritat(x
313 674 599 723 deprehensa,
620 673 690 723 qui
710 678 753 709 et
771 671 1033 722 stipendium
1055 671 1210 709 LXXX
1229 683 1463 709 aureorum
1481 672 1784 709 concionatori

166 743 427 781 destinatum
451 744 525 782 Sti
554 742 755 794 Apostoli
785 742 965 793 respuit,
1002 742 1195 793 nihilque
1229 755 1307 793 pro
1344 755 1391 780 se
1423 755 1561 781 suoue
1592 744 1781 794 collegio

165 828 349 864 unquam
371 816 622 865 postulauit,
647 822 665 839 a
686 827 864 852 munera
883 827 976 852 non
997 814 1182 864 accepit,
1208 814 1228 839 b
1257 818 1414 852 noctes
1441 814 1622 864 diesque
1644 815 1782 853 infati-

165 887 364 936 gabiliter
386 899 462 936 pro
486 887 586 936 ipsis
609 884 856 932 desudauit,
880 898 965 935 quo
988 885 1103 923 facta
1125 890 1193 923 est
1219 891 1236 910 c
1269 897 1373 936 erga
1392 885 1663 923 Societatem
1686 887 1780 924 tan-

164 959 207 994 ta
229 956 567 995 beneuolentiae
592 961 635 994 et
658 955 881 994 charitatis
917 955 1151 993 multorum
1185 956 1400 1003 accessio,
1437 956 1488 993 ut
1520 955 1602 995 uix
1636 955 1783 995 dicere

160 1030 346 1077 possem.

216 1100 254 1138 6.
314 1099 513 1150 Augetur
535 1100 577 1137 in
609 1099 703 1137 dies
734 1099 966 1137 multitudo
999 1111 1151 1137 eorum
1181 1099 1254 1150 qui
1279 1099 1365 1137 huc
1390 1099 1444 1138 ad
1465 1099 1783 1151 abstergendas

163 1171 397 1208 animarum
420 1184 592 1209 suarum
613 1171 735 1209 labes
757 1176 1036 1218 concurrunt,
1056 1171 1213 1220 quibus
1235 1171 1434 1209 omnibus
1452 1171 1652 1210 satisfieri
1668 1184 1782 1222 pene

163 1241 430 1292 impossibile
463 1246 544 1289 est,
577 1242 657 1280 nisi
688 1243 969 1281 sacerdotum
998 1242 1196 1280 similiter
1227 1247 1396 1280 crescat
1417 1255 1639 1281 numerus.
1662 1243 1782 1281 Vnus

165 1326 217 1350 ex
240 1312 306 1361 ijs,
331 1326 440 1363 quos
463 1313 533 1351 hic
554 1313 779 1359 habemus,
805 1313 1019 1360 Patribus,
1040 1314 1093 1352 ab
1124 1313 1354 1364 epiphania
1384 1326 1521 1364 usque
1551 1313 1605 1352 ad
1630 1319 1782 1365 pente-

163 1389 317 1422 costen
340 1384 512 1422 audisse
540 1385 689 1422 retulit
711 1384 730 1409 d
752 1390 929 1423 centum
950 1384 1264 1436 quinquaginta
1281 1384 1584 1423 confessiones
1601 1398 1782 1436 genera-

163 1457 226 1493 les
243 1463 261 1481 θ
283 1460 326 1494 et
343 1469 396 1494 eo
413 1457 608 1506 amplius,
624 1469 807 1507 quorum
832 1456 844 1480 f
862 1457 979 1494 bona
993 1469 1092 1507 pars
1106 1456 1359 1494 inchoatum
1372 1467 1544 1495 cursum
1559 1457 1783 1508 prosequi-

164 1534 245 1574 tur,
271 1528 528 1567 confitentes
549 1536 570 1561 ἕ
586 1528 759 1567 crebius
780 1528 800 1552 ¹¹
817 1529 1163 1578 coelestiumque
1191 1528 1414 1579 epularum
1444 1528 1695 1566 conuiuium
1715 1541 1782 1567 ac-

165 1599 370 1638 cedentes
391 1599 402 1624 ¹
420 1600 731 1649 perseuerans.
757 1600 1057 1649 Quamobrem
1081 1612 1157 1637 oro
1180 1604 1311 1648 atque
1330 1600 1517 1638 obsecro
1536 1600 1643 1637 Ram
1663 1601 1782 1639 pyem

162 1677 293 1718 tuam,
317 1676 363 1709 ut
384 1672 494 1709 alias
521 1671 533 1703 J'
556 1671 698 1710 adhuc
726 1684 883 1722 operas
925 1672 1000 1709 kin
1032 1676 1120 1709 tam
1152 1671 1333 1709 uberem
1365 1683 1555 1709 messem
1573 1671 1781 1719 destinet;

163 1755 309 1780 sumus
332 1742 445 1780 enim
466 1743 595 1780 tantis
618 1742 797 1780 distenti
821 1741 1196 1793 occupationibuS‚
1222 1743 1341 1792 quod
1361 1741 1372 1766 ¹
1396 1755 1421 1780 a
1440 1742 1660 1793 plerisque
1687 1743 1782 1792 alijs

163 1812 396 1851 Societatis
425 1813 582 1862 officijs
613 1813 786 1864 saepius
817 1825 1058 1852 auocamur
1093 1821 1138 1852 ΞΠ.
1172 1813 1293 1851 Multi
1310 1826 1361 1852 ea
1382 1819 1562 1864 propter
1584 1827 1782 1865 magnam

162 1883 449 1934 frequentiam
482 1884 728 1923 inconsulti
758 1885 922 1924 abeunt
939 1892 975 1932 ¹1,
1012 1885 1116 1934 nullj
1152 1891 1171 1909 0
1193 1884 1460 1934 xenodochij
1491 1884 1687 1923 infirmos
1715 1898 1782 1923 so-

162 1954 253 2002 lari,
278 1956 347 1993 uel
369 1955 609 1995 rarissime
630 1964 649 1989 P
666 1955 902 2005 contingit,
926 1961 999 1995 aut
1022 1969 1099 1994 eos
1121 1956 1194 2007 qui
1213 1956 1255 1994 in
1277 1968 1456 1995 carcere
1487 1955 1657 1994 detenti
1684 1961 1782 1994 sunt

163 2027 215 2065 ad
235 2027 549 2077 poenitentiam
579 2028 744 2065 hortari
766 2034 800 2066 q.
825 2027 1066 2066 Nobiscum
1096 2029 1321 2079 praeclare
1351 2032 1495 2066 actum
1526 2027 1716 2075 uidetur,
1748 2029 1782 2066 si

163 2097 362 2136 assidmsss
397 2099 650 2137 multorum
680 2099 890 2149 precibus
919 2098 1093 2138 nostris
1123 2098 1309 2139 aedibus
1344 2099 1712 2150 responderimus
1745 2107 1778 2139 ¹.

162 2171 342 2207 Praeter
364 2171 411 2207 R.
438 2170 545 2207 Pris.
568 2170 705 2219 nostrj
731 2171 984 2218 conciones,
1010 2183 1094 2222 ego
1116 2171 1159 2209 in
1188 2171 1353 2222 templo
1381 2176 1531 2209 nostro
1550 2171 1730 2223 perlegi
1749 2179 1779 2214 S.

161 2252 274 2278 nunc
295 2253 402 2278 uero
425 2253 549 2279 mane
573 2241 831 2280 concionem
853 2242 1013 2289 habeo,
1039 2255 1124 2280 non
1146 2242 1309 2293 exiguo
1339 2241 1614 2281 *auditorum
1633 2255 1781 2281 nume-

162 2325 224 2349 ro.
250 2313 344 2351 Hac
364 2325 539 2363 quoque
561 2312 895 2364 quadragesima
910 2314 976 2352 bis
993 2314 1280 2353 concionatus
1302 2327 1396 2352 sum
1415 2313 1596 2365 singulis
1615 2314 1782 2352 hebdo-

160 2382 295 2420 madis
311 2383 353 2420 in
370 2384 421 2421 D.
443 2383 570 2432 Blasij
590 2384 699 2422 aede
719 2391 739 2409 ¹¹
759 2384 1033 2433 monialibus,
1052 2396 1162 2436 quae
1180 2385 1237 2424 ibi
1254 2386 1441 2424 Domino
1460 2385 1671 2433 seruiunt,
1690 2398 1782 2424 non

159 2453 268 2501 sine,
293 2460 339 2492 ut
361 2454 583 2503 conijcere
617 2456 756 2505 potuj‚
782 2456 937 2507 aliquo
958 2464 978 2482 v
1000 2469 1147 2496 earum
1174 2457 1335 2505 sructu;
1359 2455 1588 2507 siquidem,
1620 2461 1666 2495 ut
1696 2457 1782 2495 hoc

161 2525 329 2574 ejsdem
352 2528 480 2566 etiam
501 2534 750 2578 praestetur
772 2541 796 2567 a
817 2541 886 2567 me
905 2529 1034 2568 enixe
1054 2529 1346 2580 postularunt,
1365 2528 1483 2580 quod
1501 2528 1639 2568 etiam
1652 2529 1780 2582 face-

208 2731 226 2748 a
263 2735 349 2760 nec.
403 2745 429 2748 —
448 2725 467 2750 b
493 2728 531 2761 et
549 2728 700 2761 tamen.
754 2734 817 2752 —0
837 2726 965 2762 maior
994 2738 1116 2772 quam
1150 2731 1192 2763 vt
1222 2739 1245 2763 a
1264 2739 1328 2763 me
1347 2726 1424 2763 dici
1443 2727 1581 2773 possit.
1632 2748 1663 2752 —
1681 2728 1698 2753 ⁴³
1721 2741 1777 2765 se.

161 2791 224 2809 -e
245 2782 283 2819 id
299 2787 359 2819 est
378 2784 486 2820 vitae
506 2784 627 2821 totius
645 2789 872 2823 anteactae.
909 2787 969 2811 -f
999 2785 1097 2823 Del.
1118 2786 1172 2823 ab
1191 2789 1307 2823 auct.
1336 2785 1466 2823 multi.
1503 2794 1573 2820 -g
1593 2787 1778 2824 confiten-

158 2842 220 2879 do.
274 2843 340 2867 —11
362 2848 401 2880 et
432 2843 497 2881 ad.
566 2846 623 2871 -i
652 2845 891 2882 accedendo.
961 2846 1016 2878 —J'
1047 2846 1159 2883 alios.
1231 2846 1298 2871 —k
1337 2845 1557 2893 operarios.
1626 2847 1685 2871 —l
1722 2852 1777 2884 vt.

159 2909 238 2927 -m
259 2913 489 2939 auocemur.
553 2911 622 2929 -Π
641 2914 685 2940 re
703 2903 852 2942 infecta
870 2906 1079 2943 recedunt.
1143 2913 1209 2932 -0
1229 2905 1368 2944 Prius
1384 2905 1533 2943 nullus.
1554 2905 1649 2944 Pol.
1671 2907 1778 2944 add.

160 2973 209 2997 ex
226 2961 372 2998 nostris
390 2961 457 2999 vel
475 2963 705 3001 rarissimis.
758 2972 825 2998 -Ρ
846 2964 941 3002 Del.
962 2965 1016 3002 ab
1035 2969 1148 3003 auct.
1169 2970 1315 3013 potest.
1366 2972 1432 2999 —q
1454 2970 1584 3003 vacat.
1638 2974 1702 2992 ——1'
1729 2968 1779 3004 ad

156 3025 313 3057 nostras
330 3021 452 3057 aedes
472 3022 726 3059 venientibus
744 3023 1074 3063 satisfecerimus.
1128 3033 1189 3052 ——S
1209 3036 1346 3063 sacras
1364 3024 1561 3062 lectiones
1577 3026 1777 3073 praelegi.

161 3082 221 3106 —t
245 3092 347 3117 cum.
400 3088 468 3107 ..u
483 3081 620 3119 Prius
636 3083 793 3121 aedem.
845 3092 912 3110 -v
930 3097 1011 3122 non
1028 3085 1128 3122 sine.

1893 218 1896 244 “
1892 166 1897 200 ff*
1891 91 1897 122 a...
1890 30 1897 53 x
