1908 3446
228 251 296 287 348
702 251 921 288 Li'r‘rifflAE
949 251 1303 295 QUAmuMEs'rRfis

179 366 255 390 sex
286 366 468 399 menses,
507 354 574 391 ter
611 352 703 390 ιἰιηι
736 351 1020 403 generaliter
1054 365 1135 389 sua
1173 351 1328 389 omnia
1358 354 1543 402 peccata
1579 351 1800 390 deleverit.

181 426 415 474 Cognosco
447 424 608 474 itaque,
636 426 682 462 R.
704 426 767 471 P„
805 438 902 461 eum
927 436 1025 461 esse
1057 424 1121 460 his
1153 422 1509 461 adolescentibus
1538 423 1740 470 animum,
1760 428 1802 462 ut

179 495 211 532 si
233 493 313 532 illis
335 508 410 545 per
436 497 609 534 Patrem
632 502 854 533 rectorem
878 495 1047 541 liceret,
1074 500 1233 532 octauo
1256 507 1430 544 quoque
1453 494 1523 531 die
1548 493 1601 531 ad
1630 494 1802 532 sanctis-

179 564 272 603 simi
294 566 491 616 corporis
521 566 812 616 sumptionem
842 565 1124 612 accederent,
1157 564 1237 602 sed
1258 565 1460 616 quoniam
1482 564 1524 602 id
1547 565 1628 602 illis
1651 571 1717 603 est
1745 566 1801 603 in-

179 636 428 683 terdictum,
466 638 602 674 semel
625 638 710 683 uel,
737 643 782 674 ut
803 637 1047 688 plurimum,
1072 636 1137 673 bis
1165 636 1208 674 in
1239 648 1390 674 mense
1412 636 1612 686 angelico
1635 636 1708 674 illo
1727 639 1803 686 pct-

180 708 282 746 (mlo
311 715 329 732 a
364 713 600 745 uescuntur
636 720 687 746 ac
722 713 989 746 recreantur.
1030 708 1113 757 Qui
1146 720 1252 745 uero
1289 707 1480 745 minores
1510 711 1608 744 sunt
1644 711 1800 755 aetate,

180 779 309 817 etiam
331 780 366 817 si
394 779 479 816 hoc
502 779 776 817 sanctissimo
800 780 897 818 cibo
920 779 1157 830 priuantur,
1193 791 1280 816 non
1310 783 1457 816 tamen
1491 778 1592 816 ideo
1617 777 1802 828 degene-

179 854 272 887 rant
295 850 347 887 ab
378 850 488 898 alijs,
521 849 600 887 sed
632 862 728 888 cum
759 849 840 888 illis
873 849 998 888 simul
1031 850 1121 900 pari
1159 862 1261 888 cura
1296 850 1474 900 parique
1510 847 1799 896 solicitudine,

179 934 265 959 non
288 921 426 958 minus
448 921 490 958 in
513 921 736 968 uirtutum,
761 934 890 972 quam
913 922 954 959 in
976 921 1198 960 literarum
1220 920 1380 968 studio,
1405 933 1604 971 magnos,
1631 920 1724 958 Deo
1749 921 1803 959 fa-

179 998 328 1039 uente,
353 992 524 1030 faciunt
545 1005 823 1043 progressus.

231 1075 269 1112 9.
332 1063 462 1113 Quod
483 1063 610 1115 plane
631 1064 718 1101 hoc
738 1063 855 1102 festo
881 1062 1141 1102 sanctissimi
1164 1062 1360 1114 corporis
1381 1062 1545 1101 Christi
1568 1076 1718 1101 omnes
1739 1076 1805 1113 pa-

180 1134 283 1173 riter
313 1135 572 1180 indicarunt,
610 1149 779 1174 summo
818 1136 966 1174 studio
1002 1141 1213 1174 canentes
1247 1148 1303 1173 ne
1338 1148 1415 1186 per
1449 1140 1645 1173 nostrum
1681 1135 1806 1173 colle-

180 1206 298 1257 gium
328 1206 520 1244 diuinum
542 1206 646 1244 illud
678 1213 997 1245 sacramentum
1029 1207 1308 1245 insalutatum
1329 1207 1349 1231 b
1374 1219 1618 1257 magnoque
1638 1219 1806 1257 appara-

180 1283 226 1315 tu
248 1285 264 1303 e
287 1277 523 1316 obaiatum
554 1277 757 1316 transiret
782 1278 816 1325 d,
840 1278 962 1329 quasi
991 1279 1077 1316 hoc
1106 1278 1323 1328 piaculum
1355 1278 1584 1316 ducentes.
1617 1277 1805 1328 Ideoque

181 1348 234 1387 ad
258 1361 353 1386 eam
390 1361 481 1386 rem
511 1347 807 1400 peragendam
844 1362 909 1388 me
930 1348 1310 1400 importunissimis
1340 1349 1544 1400 precibus
1574 1348 1661 1388 mei
1682 1348 1791 1387 disci

177 1419 293 1470 puli,
319 1422 516 1459 coeteros
537 1426 853 1472 praeceptores
876 1420 946 1459 sui
978 1430 995 1446 ὃ
1023 1421 1328 1468 sollicitarunt;
1351 1421 1469 1472 quod
1497 1434 1593 1459 cum
1625 1433 1652 1458 a
1686 1420 1807 1459 nobis

179 1492 415 1542 impetrare
436 1505 523 1530 non
554 1496 751 1542 possent,
790 1493 966 1530 Patrem
997 1491 1179 1530 tandem
1211 1497 1432 1530 rectorem
1459 1491 1686 1542 petierunt
1708 1491 1734 1539 f,
1757 1491 1806 1529 ad

181 1564 305 1613 cujus
325 1563 464 1614 pedes
485 1563 720 1614 prouoluti,
745 1563 948 1613 precibus
982 1568 1026 1601 et
1055 1562 1296 1601 rationibus
1316 1562 1535 1601 interdum
1557 1562 1806 1613 quibusdam

181 1635 355 1683 additis,
379 1633 497 1686 quod
528 1634 714 1672 maxime
734 1635 945 1685 optabant
965 1633 1211 1673 obtinuere.
1233 1636 1332 1684 Quo
1366 1639 1566 1682 exorato,
1587 1634 1728 1672 statim
1757 1634 1807 1672 ad

181 1721 262 1746 nos
284 1706 536 1753 conuolant,
561 1718 763 1757 quaeque
786 1706 839 1744 ad
863 1719 962 1744 eum
989 1711 1187 1744 ornatum
1212 1712 1361 1744 essent
1381 1707 1634 1744 necessaria
1655 1713 1677 1738 ἓ
1698 1705 1807 1744 dice-

181 1791 327 1816 remus
357 1778 581 1816 instantes,
616 1776 693 1815 His
725 1777 858 1828 igitur
889 1776 1093 1828 precibus
1125 1783 1168 1815 et
1197 1789 1433 1828 puerorum
1464 1776 1733 1824 tumultibus,
1767 1781 1807 1814 et

181 1849 280 1899 quia
300 1849 361 1887 ita
380 1849 464 1887 iarn
486 1849 528 1886 in
549 1849 635 1886 hoc
657 1847 848 1899 collegio
873 1861 974 1886 usus
998 1848 1199 1895 obtinuit,
1219 1861 1305 1886 non
1323 1848 1506 1886 defuere
1528 1847 1640 1886 inter
1656 1847 1806 1885 fratres

183 1927 226 1959 et
268 1933 419 1959 eorum
458 1925 791 1971 praeceptores,
833 1919 905 1970 qui
945 1931 992 1956 se
1028 1918 1177 1957 subito
1213 1919 1232 1943 ¹¹
1270 1920 1391 1970 operi
1427 1919 1723 1969 accingerent.
1747 1918 1806 1955 Ex

182 1992 327 2043 pueris
362 1992 510 2041 itaque
545 1990 914 2042 quatuolrjdecim
952 1991 1199 2041 elegerunt,
1242 2003 1426 2040 quorum
1462 1990 1618 2028 decem
1651 2002 1805 2028 nouem

182 2076 326 2102 musas
349 2069 393 2101 et
424 2062 670 2113 Apollinem
702 2068 902 2112 agerent,
929 2063 1108 2109 caeteri,
1144 2062 1281 2100 ueluti
1310 2067 1488 2112 poetae,
1514 2063 1732 2112 quosdam
1763 2060 1806 2099 ίη

185 2147 324 2173 sacra
347 2133 622 2172 lustratione
641 2134 902 2172 salutarent
926 2134 951 2171 i.
978 2133 1150 2171 Deinde
1172 2133 1342 2171 fontem
1366 2132 1582 2184 quendam
1605 2132 1658 2171 ad
1688 2133 1806 2170 scho-

182 2206 317 2244 larum
353 2217 466 2256 pene
500 2205 747 2255 ingressum
784 2217 881 2243 curn
912 2205 1106 2255 plurimis
1141 2205 1241 2243 hinc
1270 2203 1371 2243 inde
1407 2204 1644 2243 tetrasticis
1673 2202 1806 2242 affixis

185 2282 438 2323 erexerunt,
462 2276 578 2314 circa
598 2288 728 2326 quem
750 2288 912 2314 nouem
934 2275 1027 2314 illas
1050 2288 1194 2314 musas
1225 2289 1322 2314 cum
1354 2289 1432 2314 suo
1456 2276 1658 2326 Apolline
1680 2276 1806 2314 collo·

184 2353 351 2395 carunt3
383 2360 494 2397 quae
525 2347 843 2397 praemeditata
868 2347 1124 2397 plzanlecaj
1152 2353 1196 2386 et
1224 2347 1411 2400 iambica
1442 2346 1652 2395 dimetra,
1685 2359 1805 2398 quam

182 2419 364 2470 plurima
386 2417 575 2456 carmina
595 2423 686 2456 tum
708 2417 858 2465 latino,
886 2423 976 2456 tum
998 2419 1102 2457 italo
1125 2418 1334 2457 idiomate
1357 2419 1615 2469 composita,
1648 2431 1673 2457 a
1700 2416 1806 2468 prin-

184 2490 296 2541 cipio
320 2501 471 2528 sacrae
503 2489 773 2527 lustrationis
794 2489 847 2527 ad
878 2489 1009 2527 finem
1033 2502 1185 2540 usque,
1208 2489 1358 2540 paucis
1392 2490 1662 2540 interpositis
1681 2489 1804 2527 inter.-

188 2560 312 2600 uallis
348 2561 618 2600 cecinerunt.
658 2560 815 2612 Apollo
851 2566 998 2599 autem
1030 2573 1178 2599 ueram
1200 2561 1394 2599 foederis
1428 2561 1619 2613 archam,
1653 2558 1806 2609 Christi

185 2645 360 2683 corpus,
384 2631 579 2682 pluribus
602 2629 867 2669 carminibus
890 2626 1109 2670 salutauit.
1134 2630 1202 2669 Ad
1224 2631 1400 2682 collegij
1433 2631 1604 2670 ianuam
1635 2631 1676 2670 in
1711 2629 1807 2669 emi-

182 2703 304 2742 nenti
325 2701 514 2753 quodam
539 2707 690 2741 erecto
713 2703 830 2749 loco,
853 2708 1017 2753 poetae
1048 2702 1257 2741 talaribus
1288 2702 1445 2741 tunicis
1466 2702 1627 2750 amicti,
1652 2688 1694 2740 et
1723 2702 1805 2740 lau-

183 2775 269 2814 reis
318 2775 493 2814 coronis
533 2773 738 2821 redimiti,
795 2774 1065 2822 assidebant3
1106 2775 1178 2826 qui
1211 2775 1498 2825 presbiteros,
1542 2775 1804 2826 episcopum,

232 3017 251 3035 a
277 3008 382 3045 cibo.
441 3008 506 3033 -b
535 3013 575 3044 tt
593 3007 696 3044 sine.
754 3014 818 3032 -0
839 3012 1062 3053 exceptum.
1116 3006 1182 3032 -d
1210 3006 1302 3052 Seq.
1323 3006 1405 3043 del.
1423 3006 1551 3053 quasi.
1615 3012 1681 3031 -e
1696 3015 1800 3041 suos.

183 3070 244 3095 —f
266 3067 465 3105 adierunt.
516 3075 587 3100 —g
607 3072 661 3104 vt.
713 3068 779 3092 —h
799 3066 950 3104 statim.
1003 3067 1062 3093 —i
1083 3066 1366 3104 induebantur.
1421 3065 1476 3100 —J‘
1502 3065 1712 3114 phaleuca.
