1908 3446
152 207 222 244 760
619 208 837 245 L11'TERAE
866 209 1220 254 QUADRIMESTRES

107 321 300 358 carcere,
324 325 451 362 quam
474 314 515 351 in
548 312 839 360 xenodochijs
862 316 905 349 et
933 311 1028 360 alijs
1051 312 1181 350 etiam
1211 312 1320 350 locis
1353 319 1477 351 extra
1507 314 1730 353 ciuitatem

105 393 236 431 saepe
272 383 326 421 ad
356 385 404 422 T.
440 385 487 422 R.
524 386 569 422 P.
606 384 868 433 scripsimus.
905 384 1049 432 Quare
1082 384 1168 421 hoc
1197 384 1500 423 tantummodo
1525 392 1544 410 a
1575 386 1728 433 dicam,

106 453 315 492 maiorem
352 468 403 493 ea
439 468 492 493 ex
530 468 575 493 re
607 456 795 492 fructum
827 454 1094 504 spiritualem
1126 454 1167 492 in
1199 455 1292 492 dies
1324 468 1570 506 emergere.
1604 458 1731 495 Valet

105 524 334 573 plurimum
357 539 460 564 sane
485 526 537 564 ad
560 524 808 563 huiusmodi
830 526 1071 563 communis
1092 525 1196 564 boni
1222 528 1546 576 promotionem
1578 540 1627 566 ac
1658 541 1731 566 ue-

104 594 336 634 hementer
357 597 476 635 iuuat
498 598 737 635 auctoritas
758 595 843 642 illa,
868 608 995 646 quain
1017 596 1130 646 apud
1154 609 1321 643 omnes,
1347 610 1443 635 cum
1465 599 1729 646 saeculares,

104 671 195 704 tum
218 668 561 715 ecclesiasticos,
588 674 630 706 et
653 668 841 706 maxime
863 667 977 718 apud
994 668 1188 717 legatum
1211 680 1315 705 suae
1337 669 1594 715 sanctitatis,
1619 671 1731 720 apud

104 749 255 787 regem
277 739 604 777 serenissimum
635 738 988 784 Maximilianum,
1022 738 1217 789 reginam
1252 738 1457 789 inclytam
1492 741 1654 791 pariter
1688 747 1732 780 et

103 807 337 858 piissimam
361 810 454 847 eius
476 810 724 861 coniugem,
745 809 858 860 apud
874 809 1155 847 archiducem
1173 811 1393 857 Carolum,
1417 823 1469 849 ac
1489 812 1601 850 adeo
1619 813 1733 863 apud

103 878 242 929 ipsum
274 880 593 919 Ferdinandum
628 880 827 931 primum,
853 893 1077 918 caesarem
1099 881 1471 931 augustissimum,
1495 895 1545 920 ac
1569 883 1731 933 optime

105 961 277 1000 semper
316 950 370 989 de
410 951 536 989 nobis
577 951 778 989 omnibus
817 951 1033 997 meritum,
1073 951 1274 990 Societas
1308 952 1419 990 haec
1453 959 1617 1001 nostra,
1659 960 1733 992 aut

104 1022 249 1071 potius
265 1023 383 1072 Jesu,
403 1023 577 1061 minima
594 1024 741 1060 habet.
764 1022 890 1071 Quae
911 1024 1085 1072 quanta
1107 1024 1227 1073 apud
1245 1035 1396 1062 omnes
1416 1023 1491 1071 stt,
1511 1026 1560 1062 ut
1576 1025 1733 1063 multis

103 1092 254 1144 signis
275 1093 450 1133 abunde
470 1094 585 1132 satis
603 1093 758 1144 quiuis
781 1094 849 1132 uel
870 1093 1161 1133 mediocriter
1179 1094 1389 1133 oculatus
1405 1094 1623 1146 colligere
1635 1098 1732 1146 pot-

104 1165 180 1209 est,
206 1165 256 1203 de
278 1164 440 1214 quibus
459 1171 589 1212 saepe
620 1165 742 1203 alias
764 1164 901 1216 facta
932 1167 994 1204 est
1025 1165 1073 1203 in
1104 1165 1519 1215 quadrimestribus
1548 1167 1729 1215 mentio,

106 1234 171 1273 ita
194 1236 262 1274 uel
283 1249 335 1275 ex
364 1237 448 1275 hoc
470 1237 578 1284 solo,
605 1239 724 1286 quod
753 1250 852 1275 sum
876 1237 1099 1285 dicturns‚
1125 1237 1361 1276 constabit.
1385 1240 1494 1278 Cum
1523 1252 1661 1290 nuper
1690 1240 1732 1278 in

104 1307 326 1358 Hungaria
347 1309 475 1346 Romus
497 1309 795 1360 archipraesul
818 1309 1107 1360 strigonensis
1140 1313 1147 1331 ¹
1178 1309 1488 1349 dioecesanam
1518 1311 1732 1361 synodum

104 1379 192 1417 suis
222 1379 542 1426 sacerdotibus,
575 1381 856 1431 praepositiS,
888 1381 1120 1420 abbatibus
1142 1387 1228 1420 etc.
1252 1381 1497 1430 indixisset,
1521 1383 1732 1434 quosdam

103 1442 253 1489 sacrae
283 1451 539 1502 theologiae
571 1451 780 1490 doctores
813 1458 857 1490 et
891 1453 1124 1491 nonnullos
1155 1465 1383 1492 causarum
1415 1453 1732 1493 ecclesiastica-

103 1535 196 1560 rum
217 1522 385 1562 iudices
406 1523 460 1561 ad
481 1524 567 1562 hoc
586 1525 838 1575 negocium,
861 1536 948 1563 non
970 1524 1102 1563 modo
1126 1537 1180 1563 ex
1202 1526 1440 1576 Hungaria‚
1460 1526 1539 1564 sed
1560 1525 1732 1565 aliunde

103 1593 234 1632 etiam
256 1593 327 1643 (ea
349 1598 416 1632 est
442 1594 554 1632 illius
576 1593 782 1633 antistitis
803 1596 944 1646 pietas
966 1608 1017 1634 ac
1039 1596 1184 1634 ouium
1207 1609 1382 1635 suarum
1404 1598 1526 1647 cura)
1546 1597 1733 1648 pruden-

103 1670 170 1702 ter
199 1676 250 1703 ac
283 1665 480 1704 studiose
503 1667 784 1713 conuocauit,
809 1672 855 1704 ut
876 1679 947 1704 res
969 1672 1064 1705 tota
1085 1668 1277 1706 sanctius
1311 1667 1552 1720 maiorique
1573 1669 1732 1708 autori-

102 1740 193 1773 tate
225 1748 321 1774 cum
354 1737 545 1775 omnium
577 1738 881 1776 consolatione
915 1742 958 1776 et
988 1738 1132 1776 fructu
1167 1738 1303 1789 (quod
1334 1752 1437 1778 sane
1469 1740 1656 1778 maxima
1677 1754 1731 1780 ex

102 1812 240 1857 parte,
264 1808 360 1846 Deo
383 1808 490 1855 laus,
513 1809 759 1859 perfectum
783 1809 907 1847 breui
923 1810 1135 1859 temporis
1152 1810 1299 1860 spacio
1319 1811 1405 1860 est)
1422 1811 1729 1850 conficeretur.

104 1879 221 1916 Inter
242 1878 323 1917 hos
343 1879 499 1929 partim
522 1885 676 1931 suapte
705 1884 878 1930 sponte,
901 1881 1073 1931 partim,
1099 1885 1144 1918 ut
1166 1881 1463 1932 intelligimus,
1488 1882 1592 1920 R.1¹²li
1613 1883 1732 1933 quin-

102 1961 187 1999 que
205 1949 501 1997 ecclesiensis,
526 1951 605 1988 uiri
627 1963 724 1989 cum
747 1951 947 1990 doctrina
968 1956 1011 1989 et
1033 1952 1286 2000 autoritate,
1310 1957 1401 1990 tum
1422 1953 1587 2003 pietate
1603 1954 1733 2004 pluri·

102 2021 270 2072 busque
302 2021 535 2060 uirtutibus
564 2022 943 2073 praestantissimi,
978 2028 1022 2061 et
1043 2023 1092 2061 C.
1118 2023 1173 2061 M.
1199 2023 1454 2073 confessarij
1478 2023 1505 2072 ²,
1530 2025 1729 2073 consilio,

105 2091 338 2130 Rectorem
358 2098 556 2131 nostrum
587 2093 718 2142 (absit
748 2092 938 2132 inuidiae
960 2093 1162 2143 verbum)
1191 2094 1375 2145 primum
1402 2096 1546 2134 locum
1567 2096 1732 2135 habere

102 2162 255 2200 uoluit.
299 2163 536 2201 Excusauit
576 2176 623 2202 se
658 2164 694 2202 is
733 2163 925 2215 quidem,
967 2165 1201 2216 requisitus
1237 2178 1385 2217 saepe,
1422 2166 1609 2206 honeste
1645 2180 1732 2206 non

103 2234 244 2272 solum
266 2246 411 2273 coram
430 2235 781 2286 archiepiscopo,
806 2236 885 2274 sed
905 2236 924 2261 b
947 2249 1095 2275 eoram
1116 2237 1210 2288 ipso
1233 2244 1249 2262 0
1269 2238 1551 2289 imperatore.
1569 2240 1731 2277 Verum

103 2318 201 2344 cum
221 2305 337 2343 idem
361 2306 488 2343 R.11¹¹¹S
511 2307 800 2358 strigonensis
822 2308 1032 2347 instanter
1053 2308 1097 2347 id
1118 2313 1295 2359 peteret
1315 2309 1368 2347 ab
1389 2308 1655 2359 imperatore
1675 2322 1731 2348 ne

103 2372 304 2415 Rectoris
327 2378 663 2416 excusationem
684 2378 727 2416 in
748 2391 794 2417 re
817 2380 925 2418 tanti
955 2380 1167 2418 momenti
1196 2380 1465 2429 admitteret,
1490 2394 1730 2420 conuersus

104 2447 159 2485 ad
181 2447 385 2487 eumdem
407 2449 643 2488 Rectorem
666 2451 819 2497 semel,
845 2451 1003 2489 iterum
1034 2457 1165 2502 atque
1187 2451 1319 2490 tertio
1342 2452 1479 2503 (quod
1507 2466 1585 2503 pro
1608 2466 1730 2492 more

103 2519 251 2567 habet,
275 2519 377 2558 dum
393 2520 436 2558 in
458 2522 589 2560 rebus
611 2521 786 2561 maioris
808 2524 1018 2562 momenti
1040 2529 1208 2562 certum
1230 2524 1468 2563 uoluntatis
1499 2537 1603 2563 suae
1625 2526 1730 2564 indi-

103 2591 217 2629 cium
239 2603 290 2629 ac
310 2591 440 2630 animi
464 2604 569 2644 erga
590 2605 686 2632 earn
717 2607 809 2633 rem
841 2594 906 2633 sui
934 2595 1276 2646 propensionem
1306 2595 1399 2634 uult
1429 2600 1635 2635 testatam
1665 2610 1729 2636 re-

100 2662 322 2712 linquere)
343 2667 391 2700 ut
412 2675 534 2702 suam
558 2676 736 2714 operam
766 2664 867 2704 huic
897 2667 961 2704 rei
988 2664 1363 2714 accommodaret,
1388 2667 1619 2707 commisit.
1642 2669 1728 2707 Ne-

147 2811 166 2831 a
216 2811 371 2850 Praec.
391 2823 433 2850 v.
453 2813 500 2850 in
519 2824 660 2860 marg.
676 2814 802 2853 delet.
819 2816 963 2854 solum.
1018 2816 1083 2842 —b
1104 2816 1196 2863 seq.
1214 2815 1297 2854 del.
1316 2816 1452 2854 etiam.
1508 2824 1570 2843 —0
1591 2817 1726 2856 etiam.

151 2951 159 2970 ¹
213 2948 407 2988 Nicolaus
427 2948 597 2987 Olahus.

149 3009 163 3030 ²
214 3007 422 3057 Georgius
440 3008 718 3048 Draskowich.
