1908 3446
466 245 808 284 292—C0RD113A
834 245 876 283 31
907 245 1099 283 AUGUSTI
1133 245 1221 282 1559
1556 245 1624 282 307

3 336 8 371 3
43 350 120 389 nis.
144 349 226 389 Vix
259 350 373 388 enim
404 349 597 400 reperias
618 360 783 400 paucos
805 348 877 399 qui
899 361 977 386 suo
1002 360 1183 386 munere
1221 360 1308 386 non
1339 348 1574 399 fungantur
1603 348 1671 397 pie

45 435 94 461 ac
115 421 363 472 diligenter.
390 420 521 471 Quod
553 421 587 458 si
608 421 678 472 qui
700 421 733 467 ἃ,
758 420 799 458 in
821 420 874 469 ijs
896 419 1171 470 corrigendis
1204 423 1246 457 et
1270 419 1486 457 seueritas
1511 424 1554 456 et
1584 418 1673 456 dili—

44 492 189 544 gentia
228 497 462 543 prestatur.
498 493 653 530 Preter
685 492 816 529 latina
846 490 1321 542 praeexercitamenta,
1354 502 1467 541 quae
1489 489 1673 527 ,assidue

44 565 84 603 in
100 563 327 613 auditorijs
350 568 687 614 componuntur,
712 563 782 614 qui
806 562 1054 601 rhetoricae
1073 562 1267 609 student,
1291 562 1464 612 publice
1484 573 1675 612 euange-

43 635 149 674 licae
171 634 398 673 adulterae
421 647 596 674 causam
620 636 645 682 ¹,
665 634 789 672 iuxta
810 634 1036 684 hystoriae
1053 634 1072 658 b
1095 633 1272 680 seriem,
1293 632 1566 671 tractandam
1584 644 1675 670 sus-

44 713 268 758 ceperunt,
292 707 346 746 ad
367 707 410 746 id
433 707 616 746 aliorum
640 707 844 757 exemplo
867 706 1136 745 inflammati.
1161 707 1231 756 qui
1253 706 1382 756 paulo
1412 709 1515 744 ante
1537 704 1675 755 Zosip-

39 778 134 831 Pi0‚
157 778 275 829 quod
296 780 383 817 vim
414 779 576 817 inferre
598 778 778 817 tentarit
805 778 931 816 herili
963 778 1139 829 coniugi
1171 777 1183 795 ²

1190 809 1198 824 ,
1233 790 1408 816 causam
1439 789 1675 828 peroraue-

45 855 158 889 rant.

92 934 135 971 4.
201 923 237 960 A
260 923 422 961 nostris
446 923 577 961 etiam
599 922 891 969 auditoribus,
915 922 956 960 in
988 922 1268 960 sacratissimi
1292 921 1456 961 Christi
1480 919 1676 971 corporis

43 992 315 1041 celebritate,
348 1006 433 1044 que
468 994 596 1032 nobis
620 999 687 1032 est
708 992 791 1031 iam
813 992 1111 1031 anniuersaria
1133 992 1188 1031 de
1218 1004 1360 1040 more,
1394 996 1492 1031 acta
1514 997 1582 1029 est
1605 1004 1676 1029 co-

43 1064 196 1112 media,
220 1064 370 1103 initam
392 1077 544 1116 pacem
578 1064 691 1103 inter
726 1076 859 1115 reges
882 1064 1130 1111 continens,
1163 1076 1249 1101 non
1271 1063 1448 1114 quidem
1470 1063 1523 1101 ab
1557 1063 1675 1100 insti-

43 1141 134 1175 tuto
157 1135 244 1174 diei
272 1136 428 1175 aliena.
462 1136 576 1175 Huic
606 1135 803 1174 interfuit
833 1135 1169 1173 humanissimus
1199 1135 1318 1173 vrbis
1349 1135 1476 1173 huius
1508 1135 1675 1185 episco-

42 1221 118 1259 pus
138 1213 167 1256 ³,
190 1207 262 1259 qui
279 1212 398 1246 totus
419 1212 572 1246 noster
590 1211 671 1255 est,
696 1207 809 1245 adeo
829 1213 875 1245 vt
891 1219 1020 1257 quam
1037 1207 1220 1257 plurima
1237 1206 1292 1245 de
1310 1207 1488 1244 Patrum
1505 1210 1675 1244 nostro-

8 1291 11 1306 ι’
42 1291 132 1317 rum
172 1279 354 1317 consilio
393 1279 540 1326 faciat,
583 1291 693 1329 quos
732 1278 930 1330 impense
968 1277 1108 1329 diligit
1146 1278 1188 1315 in
1224 1278 1429 1316 Domino.
1473 1277 1675 1315 Inuisitur

44 1350 210 1398 crebro,
233 1350 466 1401 presertim
488 1363 512 1388 a
534 1351 663 1388 Patre
686 1355 878 1397 rectore,
904 1349 973 1389 cui
993 1354 1147 1401 patent
1178 1361 1353 1400 semper
1383 1349 1518 1396 fores,
1544 1349 1674 1387 etiam

43 1422 150 1460 inter
184 1422 466 1473 negotiorum
497 1423 671 1461 fluctus.
697 1422 778 1460 Die
801 1423 907 1461 item
939 1421 1178 1471 beatissimj
1199 1421 1394 1473 Joannis,
1427 1427 1475 1459 vt
1504 1422 1675 1472 patroni

42 1493 176 1531 nostri
196 1497 209 1517 ⁴
230 1493 541 1545 genethliacon
572 1494 914 1541 celebraremuS,
939 1494 1054 1532 actio
1077 1492 1291 1544 quaedam
1314 1505 1394 1543 per
1417 1492 1676 1531 adolescen-

42 1569 108 1602 tes
128 1564 344 1616 ingenuos
364 1566 653 1617 pronunciata
673 1571 755 1605 est.

94 1644 130 1685 5.
190 1635 274 1685 Qui
296 1636 555 1676 dialecticae
586 1637 838 1685 studebant,
873 1649 1054 1675 emenso
1076 1637 1161 1675 iam
1182 1636 1313 1674 trium
1336 1648 1547 1674 annorum
1582 1648 1676 1674 cur-

44 1719 104 1754 su,
127 1706 439 1747 honestissimo
462 1709 601 1747 labori
622 1708 642 1734 d
663 1709 856 1747 lauream
893 1708 1086 1746 debitam
1118 1707 1267 1758 adepti
1307 1713 1420 1746 sunt.
1447 1708 1518 1754 Hi,
1543 1712 1589 1745 vt
1620 1707 1675 1745 de

42 1783 221 1830 accepto
243 1780 461 1819 beneficio
483 1780 579 1819 Deo
612 1781 774 1831 gratias
796 1786 995 1832 agerent,
1020 1792 1071 1818 ac
1094 1792 1192 1817 sese
1215 1779 1489 1831 Theologiae
1522 1792 1673 1817 sacrae

42 1850 334 1902 accingerent,
358 1864 471 1903 quae
500 1864 615 1890 nunc
644 1852 824 1891 scholae
845 1852 970 1890 istius
1004 1856 1183 1890 nostrae
1205 1852 1352 1890 limina
1372 1851 1567 1890 inuisura
1590 1858 1671 1896 est,

4 1955 6 1957 ,
43 1922 219 1961 solenne
250 1928 296 1962 vt
325 1924 453 1963 fieret
483 1936 654 1963 sacrum
686 1924 1025 1963 constituerunt.
1060 1923 1223 1962 Habita
1254 1929 1320 1961 est
1353 1923 1501 1962 contio
1533 1935 1558 1961 a
1579 1923 1673 1961 viro

0 2010 2 2014 ·
43 1993 224 2044 quodam
258 1995 351 2046 pari
387 2000 430 2033 et
462 1996 580 2034 vitae
610 1996 832 2047 probitate
865 2001 909 2034 et
932 1994 1147 2042 doctrina,
1172 2007 1302 2046 quem
1332 1994 1590 2045 propediem
1622 1994 1675 2032 ad

0 2072 2 2075 ’
42 2076 118 2102 nos
152 2066 487 2104 convolaturum
523 2079 763 2118 speramus.
802 2066 934 2106 Dedit
972 2066 1085 2104 enim
1116 2065 1259 2104 adhuc
1294 2066 1534 2105 voluntatis
1571 2077 1674 2104 suae

0 2151 5 2196 J.
42 2147 125 2174 non
144 2149 282 2187 pauca
301 2150 385 2176 nec
408 2138 594 2177 obscura
614 2136 895 2177 documenta.

91 2206 128 2246 6.
186 2208 251 2245 Ex
273 2208 542 2248 auditoribus
562 2209 766 2260 permulti
790 2215 888 2248 sunt
909 2211 980 2261 qui
1008 2222 1095 2248 non
1118 2208 1201 2248 alio
1226 2207 1469 2247 studiorum
1491 2221 1669 2247 suorum

0 2276 3 2283 '
43 2277 228 2317 rationes
250 2278 455 2330 dirigunt,
479 2294 607 2332 quam
630 2287 676 2320 vt
699 2295 746 2321 se
768 2281 985 2321 Societati
1006 2285 1217 2328 voueant;
1240 2280 1387 2331 idque,
1411 2280 1674 2331 posthabitis

0 2403 2 2406 y
43 2348 168 2388 rebus
190 2350 404 2399 omnibus,
428 2336 640 2391 fecissent
661 2353 760 2401 iam,
798 2353 880 2392 nisi
900 2353 1078 2400 nostris,
1116 2358 1162 2391 vt
1186 2352 1385 2390 instituta
1407 2351 1551 2389 studia
1580 2364 1675 2402 per-

86 2517 106 2537 a
144 2519 234 2556 sint.
275 2521 341 2545 ——b
365 2519 516 2557 Praec.
534 2531 572 2558 v.
590 2520 774 2557 obscure
794 2523 1043 2558 exaratum.
1090 2520 1352 2567 —cjosephi.
1401 2520 1466 2544 —d
1489 2520 1676 2556 Emeud.

0 2590 5 2604 ··
45 2586 92 2614 ex
108 2577 378 2616 honestissimi
398 2579 563 2619 laboris.

92 2757 101 2776 ¹
152 2756 215 2795 Cf.
231 2757 371 2805 JoAN.,
395 2757 508 2795 VIII.

88 2814 102 2834 ²
151 2815 212 2854 Cf.
234 2815 364 2861 ΘΒΜ,
382 2816 588 2855 ΧΧΧΙΧ.

88 2875 101 2895 ⁸
149 2876 328 2914 Didacus
347 2877 396 2914 de
415 2877 553 2914 Alava
573 2882 612 2914 et
630 2876 842 2924 Esquivel,
863 2882 986 2913 antea
1011 2877 1222 2924 episeopus
1244 2877 1466 2914 abulensis.
1488 2877 1551 2915 Cf.
1572 2878 1674 2915 Litt.

3 2946 9 2965 a
46 2933 287 2981 Quadrim.,
308 2936 362 2977 V.
386 2936 465 2981 157,
486 2942 621 2974 annot.
647 2939 677 2983 1;
699 2937 850 2974 Lainz'i
870 2937 1081 2981 Monam„
1105 2937 1179 2979 lv,
1200 2937 1284 2982 255,
1306 2942 1444 2974 annot.
1469 2938 1523 2974 11.

89 2994 103 3014 ⁴
145 2995 323 3042 Joannes
342 2997 390 3033 de
418 2996 619 3040 Cordoba,
648 2997 848 3034 ecclesiae
875 2997 1137 3034 cordubensis
1165 2997 1355 3041 decanus,
1390 2998 1555 3043 collegii
1590 2997 1674 3034 lun-

3 3065 5 3068 *
47 3053 168 3091 dator.
