1908 3446
175 268 245 310 976
654 265 871 306 LITTERAE
897 266 1252 313 QqumMEsTREs

130 389 221 412 mus
245 381 268 412 ¹.
296 375 563 424 Frequentes
587 377 684 410 sunt
701 371 875 421 quidem
893 370 973 408 hac
994 382 1080 408 non
1095 373 1265 407 tantum
1287 368 1340 406 ab
1362 366 1625 418 aduersarijs
1646 366 1748 407 hae-

129 446 290 492 reticis,
316 446 393 484 sed
418 446 546 483 ctiam
578 442 803 483 catholicis
834 441 959 479 nobis
990 441 1151 479 illatae.
1186 441 1295 479 Nam
1326 439 1471 478 statim
1493 452 1517 477 a
1536 438 1747 491 principio

128 518 371 555 scholarum
395 523 639 567 apertarum
664 514 809 553 odium
839 514 1097 552 clericorum
1129 512 1364 551 maximum
1393 511 1639 550 incidimus.
1673 512 1748 550 Fa-

129 602 237 626 mam
262 594 452 626 nostram
475 588 619 626 multis
642 585 881 634 mendacijs
903 584 1135 635 denigrare
1152 596 1304 634 parum
1319 584 1435 622 forte
1453 583 1642 629 uidetur,
1662 582 1747 621 imo

129 664 173 696 et
195 659 432 696 haereseos
454 671 533 696 nos
551 657 797 695 insimulare
815 655 978 694 audent
995 655 1109 706 apud
1124 655 1373 706 praesulem
1389 654 1696 704 frisingensem
1719 657 1746 700 ²,

129 731 205 768 sed
226 737 269 768 et
300 729 472 779 scriptis
501 728 685 766 subinde
721 727 924 777 nequiter
960 727 1292 774 consarcinatis,
1323 726 1523 764 fauorem
1546 724 1751 776 principis

129 802 253 839 nobis
275 801 445 839 auferre
470 806 696 838 conantur.
721 800 868 837 Taceo
890 799 1007 849 quod
1029 799 1262 849 aliquoties
1285 797 1438 837 sedem
1460 795 1751 836 confessionis

131 880 173 910 et
196 886 363 911 sacrum
385 873 519 911 altare
541 871 796 910 foedissime
815 871 1160 922 conspurcarint,
1179 870 1314 908 falsos
1332 881 1531 907 rumores
1549 868 1604 906 de
1625 868 1751 906 nobis

130 944 169 981 iu
194 945 349 994 uulgus
373 943 622 990 effuderint,
652 941 855 991 ueneficij
879 955 960 980 nos
982 946 1026 979 et
1057 940 1249 980 cuiusuis
1271 940 1461 978 criminis
1483 952 1583 979 reos
1604 939 1751 977 facere

131 1015 453 1053 contenderint.
492 1015 583 1051 Nos
619 1027 741 1061 uero,
780 1019 825 1050 ut
860 1014 1112 1065 petulantes
1141 1012 1311 1063 linguas
1342 1011 1750 1062 comprimeremus,

130 1087 268 1136 gratia
288 1086 450 1124 Christi
471 1085 586 1132 freti,
610 1086 681 1134 qui
714 1085 966 1123 consolatur
995 1097 1077 1122 nos
1097 1083 1139 1121 in
1163 1082 1279 1121 omni
1313 1083 1581 1121 aduersitate
1602 1083 1630 1128 ³,
1654 1082 1751 1119 bre-

130 1159 254 1196 uibus
276 1157 495 1208 responsis
525 1156 639 1207 apud
669 1156 1005 1194 illustrissimum
1041 1155 1198 1194 ducem
1233 1160 1444 1205 purgatos
1475 1153 1749 1192 confidimus.

132 1229 320 1278 Reliquis
342 1241 449 1267 uero
472 1241 558 1266 non
580 1234 667 1266 tam
689 1228 851 1275 uerbis,
875 1241 1002 1277 quam
1024 1227 1150 1265 factis
1172 1225 1444 1277 respondere
1466 1238 1681 1272 curamus,
1707 1230 1752 1263 ut

129 1302 169 1338 in
192 1313 245 1338 eo
267 1300 383 1350 quod
406 1301 656 1338 detrectant
677 1300 730 1338 de
753 1300 879 1338 nobis
901 1305 1104 1349 tanquam
1126 1299 1180 1337 de
1202 1297 1574 1345 malefactoribus,
1600 1309 1655 1334 ex
1676 1297 1753 1334 bo-

128 1372 192 1410 nis
229 1372 434 1422 operibus
468 1371 799 1410 considerantes
830 1371 1079 1422 glorificent
1102 1371 1276 1408 Patrem
1308 1377 1326 1394 a
1359 1370 1402 1408 in
1432 1368 1503 1407 die
1538 1367 1753 1406 visitatio-

132 1444 197 1481 nis
217 1447 245 1481 ⁴.
271 1444 401 1493 Quod
422 1449 638 1494 superest,
663 1444 710 1481 R.
735 1443 777 1481 in
799 1444 874 1482 Χ.Ο
896 1444 984 1490 Pr.‚
1007 1455 1087 1480 nos
1108 1447 1348 1491 nostraque
1372 1441 1516 1479 omnia
1542 1453 1640 1479 cum
1663 1440 1754 1478 Mo-

129 1515 284 1554 nachio
308 1520 351 1553 et
374 1516 557 1554 Bauaria
576 1521 728 1554 nostra
762 1514 944 1566 eiusque
980 1526 1078 1552 cum
1113 1513 1262 1565 primis
1298 1513 1517 1552 catholico
1539 1512 1751 1563 principe,

129 1588 409 1626 sanctissimis
431 1588 478 1626 R.
502 1592 605 1625 tuae
627 1600 677 1625 ac
699 1586 835 1625 totius
871 1585 1085 1625 Societati
1122 1584 1396 1624 orationibus
1418 1584 1547 1622 enixe
1569 1583 1612 1621 in
1635 1584 1747 1621 Dno.

130 1659 327 1709 cupimus
349 1659 695 1698 commendatos.
722 1658 937 1707 Monachij
967 1658 1081 1706 1560,
1105 1668 1129 1706 4
1150 1656 1333 1695 Calend.
1353 1655 1560 1708 Januarij.

212 1778 305 1817 Fol.
329 1779 385 1826 48
404 1791 444 1817 v.
478 1781 505 1829 †
536 1778 710 1816 Literae
732 1776 1076 1827 quadrimestres
1097 1788 1152 1813 ex
1175 1775 1423 1814 Monaehio.

177 1988 197 2007 a
245 1988 369 2034 Quae
385 1991 631 2034 sequuntur
648 1998 787 2023 manu
811 1986 858 2023 P.
887 1985 1141 2023 Theodorici
1160 1985 1329 2025 Cam‘sii
1343 1985 1506 2031 scripta
1525 1984 1749 2021 videntur.

243 2191 306 2228 Cf.
328 2193 454 2235 Rom„
478 2189 531 2233 V,
551 2190 585 2226 3.

243 2251 457 2287 Mauritius
476 2263 499 2286 a
518 2248 740 2287 Sandizell.

244 2310 306 2347 Cf.
328 2309 550 2351 11C0R.,1,
571 2310 606 2346 4.

243 2371 306 2409 Cf.
327 2371 343 2408 Ι
363 2370 505 2413 Pam..
526 2370 575 2410 ΙΙ,
600 2369 653 2406 12.

179 2373 191 2391 ἡ
179 2194 192 2332 ube·—

1875 19 1885 232 -ἢᾼκ
