1908 3446
604 160 931 200 380.—SEG0v1A
959 161 1001 198 17
1028 161 1135 209 MAJ1
1164 160 1253 200 1560
1623 160 1693 198 659

121 269 233 302 runt.
259 264 352 302 Vna
372 264 454 302 fuit
488 270 670 312 tantum,
695 278 805 317 quae
843 265 1062 303 obstinata
1090 265 1132 302 in
1168 265 1393 314 proposito
1425 264 1742 313 perseuerauit,

121 347 246 384 quam
270 335 399 373 etiam
422 348 521 386 spes
545 342 611 373 est
628 336 840 374 facturam
857 335 974 387 quod
996 336 1156 373 sociae.
1179 335 1382 384 Suscepit
1405 346 1551 371 earum
1574 335 1745 383 prouin-

122 406 231 444 ciam
253 404 377 444 diues
398 407 610 457 quaedam
633 407 838 446 foemina.
864 408 1062 457 Denique
1084 412 1204 444 tanta
1230 406 1347 444 facta
1379 411 1444 443 est
1478 406 1614 442 Patris
1646 417 1746 443 con-

122 477 319 515 cionibus
341 478 382 515 in
404 478 625 516 hominum
649 480 802 517 animis
825 479 1127 525 commutatio,
1153 484 1197 515 ut
1219 478 1426 515 latissima
1447 477 1667 527 patefacta
1693 478 1746 513 sit

121 547 314 586 fenestra
334 547 388 586 ad
409 550 643 587 multorum
666 551 864 588 salutem.

176 630 211 666 5.
272 620 318 656 In
340 619 543 668 literarijs
565 620 720 669 studijs
743 622 927 659 maxima
947 622 989 659 in
1011 620 1104 658 dies
1125 620 1234 657 fiunt
1263 620 1574 657 emolumenta.
1613 619 1746 657 Scho-

123 689 260 727 lastici
278 690 391 727 enim
409 692 545 728 nostri
566 697 609 729 et
629 691 876 729 eruditione
896 698 939 730 et
961 691 1154 729 moribus
1172 697 1271 728 sunt
1292 690 1555 740 spectabiles
1578 697 1610 727 ³.
1633 688 1748 726 Missi

123 766 221 797 sunt
243 760 421 811 singulis
444 760 598 799 diebus
620 761 885 813 singularum
916 762 1289 800 hebdomadarum
1325 762 1453 810 hujus
1484 760 1747 811 quadrages—

122 832 256 869 simae
279 844 376 869 cum
400 832 723 871 institutoribus
745 833 797 871 ad
820 834 1039 883 quoddam
1064 832 1403 880 xenodochium,
1439 838 1484 870 vt
1514 838 1748 883 aegrotan-

123 903 238 940 tibus
260 902 573 947 ministrarent;
598 905 669 941 vbi
693 917 876 943 cernere
901 911 1007 949 erat,
1041 918 1125 954 quo
1151 905 1295 943 studio
1319 905 1360 942 hi
1392 905 1557 950 trullas,
1582 904 1642 942 illi
1663 916 1748 941 ma-

122 974 248 1011 tellas
284 974 559 1020 mundarent,
598 975 771 1025 quidam
807 976 944 1026 pedes
966 977 1143 1014 infirmis
1161 976 1405 1023 abluerent,
1430 981 1561 1026 atque
1580 987 1748 1026 ungues

121 1044 448 1092 abscinderent,
473 1046 544 1094 alij
565 1046 928 1085 valetudinarium
946 1052 1177 1085 verrerent
1194 1052 1324 1097 atque
1347 1047 1443 1095 alijs
1465 1046 1534 1095 alij
1559 1046 1750 1084 ministe-

121 1117 183 1154 ria
202 1117 525 1168 praeciperent,
550 1123 596 1154 vt
620 1122 662 1155 et
684 1118 809 1156 nobis
833 1124 978 1156 tantus
1001 1131 1152 1157 eorum
1175 1117 1304 1156 ardor
1336 1123 1560 1168 stuporem
1582 1118 1748 1156 incute-

122 1193 203 1225 ret.
228 1188 292 1225 Ita
313 1187 502 1238 denique
525 1200 571 1226 se
590 1194 748 1239 gerunt
766 1190 806 1226 in
826 1190 1040 1236 omnibus,
1060 1194 1106 1226 ut
1125 1195 1168 1227 et
1187 1189 1354 1228 cunctis
1370 1188 1647 1227 admirationi
1668 1189 1687 1213 b
1705 1192 1748 1226 et

124 1259 326 1309 exemplo
348 1258 523 1297 virtutis
546 1259 643 1297 sint.
669 1259 829 1298 Sancta
851 1261 1050 1298 doctrina
1072 1260 1331 1298 decantatur
1352 1273 1430 1310 per
1452 1261 1575 1298 uicos
1598 1265 1642 1298 et
1663 1261 1750 1310 pla-

123 1337 231 1377 teas,
255 1330 625 1381 quemadmodum
648 1331 701 1369 ad
725 1332 773 1369 T.
800 1333 846 1370 P.
871 1332 1086 1382 superiori
1109 1332 1297 1383 epistola
1318 1331 1469 1382 scripsi
1493 1331 1517 1369 ¹.
1544 1332 1673 1369 Pueri
1695 1331 1748 1369 ad

121 1402 409 1441 imitationem
444 1402 583 1440 nostri
618 1404 834 1453 gregatim
868 1402 1127 1442 incedentes
1166 1410 1316 1451 noctu,
1355 1403 1438 1441 alio
1470 1403 1749 1454 praeferente

121 1473 380 1512 tintinabulo
407 1473 516 1523 [sic],
542 1475 626 1512 alio
649 1481 890 1524 praeeunte
910 1476 1059 1522 verba,
1085 1481 1180 1514 tota
1197 1476 1303 1514 vrbe
1326 1481 1575 1526 personant.
1598 1475 1749 1525 Itaque

124 1545 205 1583 iam
227 1546 343 1583 nulla
364 1545 457 1583 fere
480 1546 562 1584 alia
584 1547 747 1584 cantica
774 1547 1020 1585 audiuntur.

176 1617 212 1654 6.
274 1617 516 1668 Episcopus
539 1623 565 1665 2,
590 1619 662 1668 qui
692 1619 828 1656 nostri
863 1618 989 1656 valde
1023 1617 1247 1656 studiosus
1278 1624 1360 1665 est,
1386 1631 1482 1656 cum
1510 1618 1751 1666 jactaretur

123 1687 442 1726 infirmitatibus
464 1689 721 1739 quibusdam
753 1689 834 1726 iam
867 1690 1140 1736 inueteratis,
1175 1688 1307 1726 cessit
1339 1689 1446 1726 urbe
1469 1687 1752 1726 confirmandi

124 1771 170 1796 se
193 1771 336 1797 causa.
361 1759 449 1797 Sed
472 1773 600 1798 secus
623 1761 772 1799 euenit
794 1773 921 1810 quam
940 1761 1172 1810 cogitarat,
1190 1760 1301 1797 febri
1319 1773 1504 1811 namque
1523 1743 1751 1811 correptiis

126 1835 208 1876 est,
233 1844 344 1881 quae
366 1832 419 1869 ad
442 1831 633 1883 reliquos
656 1833 833 1870 morbos
856 1832 1001 1869 addita
1023 1832 1195 1870 dubiam
1221 1833 1315 1881 ejus
1337 1833 1470 1870 vitam
1492 1833 1595 1870 tacit
1616 1834 1643 1870 ³.

181 1913 217 1951 7.
280 1902 513 1941 Meditatur
536 1902 747 1941 exercitia
776 1908 953 1940 nostrae
986 1904 1223 1941 societatis
1254 1903 1318 1941 vir
1349 1902 1521 1953 quidam
1551 1903 1634 1940 iam
1655 1915 1752 1952 pro-

126 1979 281 2011 uectae
302 1974 459 2011 aetatis
481 1975 608 2023 hujus
628 1974 744 2011 urbis
766 1974 963 2012 decurio.
984 1974 1031 2011 Id
1049 1975 1187 2023 ipsum
1203 1974 1360 2012 facturi
1378 1974 1615 2012 creduntur
1637 1986 1752 2012 com-

124 2045 270 2094 plures
304 2045 391 2094 alij,
430 2052 520 2082 tum
558 2045 861 2092 ecclesiastici,
899 2051 989 2083 tum
1026 2046 1138 2095 layci
1173 2045 1268 2083 viri.
1315 2046 1513 2084 Christus
1553 2051 1754 2083 seruator

125 2119 276 2153 noster
296 2116 362 2153 his
384 2115 553 2166 coeptis
575 2117 751 2166 aspiret.

172 2189 210 2226 8.
270 2188 353 2226 Hic
376 2193 442 2226 est
463 2188 590 2237 hujus
614 2189 788 2239 collegij
813 2193 964 2226 status.
991 2189 1037 2226 In
1059 2189 1239 2226 ciuitate
1261 2201 1392 2226 nemo
1417 2193 1498 2235 est,
1532 2189 1604 2238 qui
1624 2188 1753 2226 nobis

128 2260 267 2309 palam
291 2260 507 2298 oblatrare
531 2259 657 2297 ausit.
683 2259 885 2297 Omnium
914 2259 1126 2306 ordinum,
1162 2259 1300 2298 omnis
1333 2258 1596 2298 conditionis
1618 2259 1754 2297 homi-

128 2344 206 2368 nes
227 2332 387 2370 nostris
410 2332 541 2369 rebus
562 2331 726 2369 fauent.
752 2331 963 2370 Omnibus
987 2346 1133 2370 sumus
1155 2332 1197 2370 in
1230 2333 1367 2370 oculis
1388 2331 1491 2370 tacti
1527 2336 1753 2381 spectacu-

120 2499 122 2501 ’
173 2501 191 2520 ²²
243 2500 427 2552 Emend,
450 2511 500 2538 ex
519 2500 807 2547 expectabiles.
861 2501 925 2525 —b
947 2499 1083 2537 Prius
1108 2500 1388 2538 admiratione.

177 2669 184 2689 ¹
240 2667 346 2704 Vide
364 2680 401 2714 p.
421 2667 503 2704 513.

174 2729 187 2747 ²
237 2727 479 2764 Franciscus
498 2725 741 2769 Benavides.
764 2725 812 2763 O.
835 2725 876 2763 S.
896 2725 1011 2763 Hier.

174 2787 187 2806 ³
237 2786 459 2834 Episcopus
493 2786 649 2823 obierat
684 2786 747 2823 die
781 2785 824 2822 15
855 2785 967 2834 Maji,
1000 2787 1070 2823 sed
1097 2787 1137 2823 in
1166 2789 1410 2825 monasterio
1441 2787 1753 2834 guadalupensi,

127 2847 233 2883 unde
259 2847 360 2883 nihil
378 2848 524 2884 mirum
550 2847 655 2894 quod
686 2846 878 2883 nuncium
905 2847 991 2890 eius
1012 2846 1152 2884 mortis
1171 2847 1393 2893 Segoviam
1421 2848 1550 2884 adhuc
1570 2860 1646 2884 non
1667 2860 1755 2894 per—

127 2907 319 2943 venisset.
341 2906 404 2944 Cf.
426 2905 656 2944 GONzALEz
678 2905 861 2948 DAvinA,
890 2905 925 2942 T
923 2909 1036 2943 eatro
1068 2907 1332 2944 eclesia'stico
1360 2907 1415 2944 de
1446 2908 1512 2944 las
1532 2908 1754 2953 iglesias...

129 2965 183 3002 de
201 2965 268 3003 las
286 2966 364 3003 dos
383 2966 598 3011 CasthIas,
620 2965 650 3010 Ι,
670 2966 758 3003 574.
