1908 3446
636 175 973 213 278.-C0L0N1A
1000 175 1178 221 29JUN11
1209 175 1298 211 1559
1667 174 1736 211 247

150 288 317 321 nostras
348 279 527 318 audiuit.
562 280 607 316 ln
645 278 784 316 classe
816 278 1037 315 rhetorica
1068 290 1240 328 semper
1263 278 1374 315 inter
1398 278 1557 328 primos
1581 276 1674 322 fuit,
1700 290 1782 315 nec

148 355 188 392 in
210 353 358 392 schola
379 351 610 389 dialectica
631 360 698 387 est
719 350 832 388 inter
853 353 1117 400 postremos.

198 436 236 474 9.
297 422 465 472 Reliqui
486 425 576 459 tres
598 420 759 459 nostris
782 418 1078 458 inseruierunt
1099 421 1329 462 hactenus:
1354 420 1416 457 sic
1444 425 1590 458 tamen
1620 426 1665 458 ut
1696 421 1781 457 lec-

146 497 286 536 tiones
309 494 438 532 etiam
461 493 586 531 simul
603 492 953 543 frequentarent.
978 492 1096 529 Vnus
1120 493 1313 530 scholam
1334 497 1519 542 occupat
1537 492 1778 542 physicam,

146 569 213 618 alij
245 566 330 605 duo
362 567 546 605 classem
577 563 813 616 poeticam.
847 563 985 602 Valde
1017 563 1120 602 boni
1153 569 1195 601 et
1227 563 1436 614 morigeri
1458 564 1642 601 iuuenes¹
1665 568 1778 601 sunt.

147 639 337 680 Eandem
377 642 571 676 aetatem
613 648 766 674 omnes
810 635 1131 686 propemodum
1181 635 1363 682 habent,
1416 640 1459 673 et
1507 635 1780 686 posteriores

145 715 310 761 septem
342 708 593 748 leodienses
624 712 737 745 sunt.
772 706 986 745 Videntur
1019 707 1133 745 enim
1164 707 1223 745 illi
1258 707 1310 745 ad
1347 706 1606 758 religionem
1643 707 1779 745 multo

144 782 359 835 germanis
380 780 708 832 propensiores3
731 778 968 829 praeclaris
985 778 1169 829 praediti
1189 785 1288 817 sunt
1310 777 1513 830 ingenijs,
1536 784 1579 816 et
1598 779 1777 816 multum

144 853 328 895 dicendo
365 850 761 901 conuersandoque
801 851 965 889 ualent.
1009 849 1064 889 Hi
1104 864 1261 900 magna
1302 863 1356 888 ex
1396 855 1519 901 parte
1559 850 1777 889 lectiones

144 928 197 966 M.
221 923 437 965 Francisci
458 923 636 962 Costeri
655 924 675 941 a
696 922 888 969 uisitant,
909 923 979 973 qui
1000 924 1173 961 Patrem
1200 927 1205 945 ¹
1230 923 1271 961 in
1289 922 1518 961 audiendis
1537 922 1778 961 confessio-

142 998 264 1038 nibus
296 1003 340 1035 et
361 996 456 1046 alijs
478 995 559 1046 pijs
581 993 776 1045 negotijs
799 994 982 1032 multum
1005 994 1182 1032 adiuuat
1205 994 1538 1045 rectissimeque
1560 993 1777 1032 lectiones

137 1084 239 1109 suas
260 1069 545 1108 administrat.

197 1153 255 1181 10.
317 1141 370 1179 M.
396 1141 613 1180 Henricus
636 1140 874 1190 Dionysius
897 1151 1043 1177 sacras
1066 1139 1242 1189 collegij
1267 1139 1483 1177 lectiones
1511 1138 1712 1186 sustinet,
1734 1142 1777 1177 et

145 1213 378 1253 conciones
400 1211 453 1251 ad
474 1212 682 1263 populum
705 1211 836 1250 solito
869 1223 991 1249 more
1022 1210 1064 1248 in
1096 1224 1264 1248 summo
1297 1211 1460 1261 templo
1493 1210 1640 1250 habet.
1674 1211 1777 1250 Eius

142 1285 400 1324 auditorium
433 1298 529 1323 cuin
561 1296 720 1335 magno
752 1283 987 1322 multorum
1015 1282 1218 1334 profectu
1246 1287 1432 1333 augetur
1453 1282 1495 1320 in
1517 1281 1626 1320 dies.
1651 1281 1777 1321 Vtilis

142 1356 372 1395 admodum
397 1361 463 1393 est
495 1355 736 1394 coloniensi
768 1355 947 1406 populo,
982 1359 1025 1392 et
1055 1359 1241 1404 uterque
1272 1354 1451 1392 scholae
1481 1353 1773 1392 necessarius.

143 1428 307 1479 Reliqui
336 1434 652 1480 praeceptores
682 1426 821 1478 probe
853 1439 977 1464 suum
1011 1425 1201 1465 officium
1233 1426 1413 1473 faciunt3
1443 1425 1677 1477 diligenter
1700 1425 1775 1464 do-

141 1507 254 1548 cent,
279 1505 322 1539 et
344 1499 581 1551 discipulos
605 1511 707 1538 suos
729 1499 845 1538 bona
873 1499 963 1536 uita
992 1499 1285 1550 exemploque
1316 1498 1370 1537 ad
1402 1498 1609 1537 uirtutem
1639 1498 1775 1549 pieta-

140 1578 312 1623 temque
333 1572 531 1610 inuitant.

196 1655 255 1683 ΙΙ.
316 1645 362 1683 R.
385 1649 537 1682 noster
561 1644 690 1681 Pater
722 1642 1014 1681 domesticum
1046 1655 1155 1681 onus
1186 1643 1387 1690 sustinet,
1420 1641 1462 1679 in
1493 1641 1563 1680 uia
1598 1641 1773 1680 Domini

139 1729 288 1755 omnes
310 1715 471 1767 dirigit,
497 1720 541 1753 et
563 1715 736 1765 corpori
760 1715 994 1766 animoque
1015 1713 1266 1753 necessaria
1287 1713 1522 1765 diligenter
1549 1719 1770 1765 procurat.

140 1788 280 1826 Donet
302 1787 421 1824 Deus
443 1785 559 1824 uires
580 1786 600 1811 b
621 1786 752 1824 tantis
773 1786 996 1824 laboribus
1018 1798 1159 1836 pares.
1186 1786 1368 1824 Praeter
1388 1786 1501 1823 haec
1523 1784 1667 1823 omnia
1687 1784 1771 1822 iam

137 1858 190 1897 ad
211 1870 383 1897 menses
411 1858 577 1908 aliquot
609 1870 707 1896 cum
740 1857 952 1908 operarijs
982 1858 1144 1895 nostris
1175 1863 1414 1908 occupatus
1444 1857 1540 1904 fuit3
1573 1855 1774 1896 cubicula

137 1931 268 1969 multa
296 1930 389 1968 fieri
422 1930 605 1976 curauit,
639 1942 893 1979 nouumque
925 1930 1133 1968 sacellum
1167 1930 1324 1967 extrui.
1360 1929 1500 1977 Nunc,
1539 1929 1573 1967 si
1614 1928 1770 1967 saltem

136 2001 389 2041 sacerdotes
412 2007 477 2040 sat
499 2002 622 2040 multi
642 2001 819 2048 fuerint,
845 2000 1044 2052 discipuli
1067 2014 1220 2039 omnes
1243 2006 1287 2039 et
1309 2000 1426 2039 domi
1453 2005 1639 2051 peccata
1669 2013 1770 2039 con-

135 2073 260 2121 fiteri,
286 2077 328 2112 et
351 2086 442 2112 rem
475 2073 665 2112 diuinam
697 2073 864 2120 audire,
898 2077 942 2112 et
974 2073 1273 2111 uenerandum
1307 2071 1598 2112 eucharistiae
1629 2085 1769 2111 sacra-

136 2150 324 2184 mentum
347 2146 572 2196 suscipere
594 2150 818 2196 poterunt.
845 2145 967 2183 Prius
998 2150 1147 2183 autem
1179 2146 1387 2183 sacellum
1418 2146 1490 2183 uix
1523 2145 1770 2184 sufficiebat

136 2216 386 2256 domesticis
415 2230 466 2256 ac
497 2217 825 2255 conuictoribus
858 2216 1168 2268 extraneisque
1197 2217 1264 2266 ijs,
1298 2217 1368 2267 qui
1391 2217 1516 2255 festis
1538 2216 1693 2255 diebus
1715 2216 1769 2255 ad

135 2300 297 2327 sacram
319 2289 502 2348 synaxin
525 2287 691 2327 deuote
714 2288 932 2327 accedere
953 2302 1031 2339 pro
1064 2301 1186 2327 more
1217 2289 1453 2327 habebant.
1489 2288 1694 2339 Quinimo
1726 2288 1768 2326 hi

135 2360 381 2399 necessario
404 2373 429 2398 a
449 2349 577 2399 nobis
599 2359 887 2399 distribuendi
910 2360 1101 2408 fuerunt,
1126 2365 1171 2398 ut
1193 2360 1263 2410 alij
1287 2359 1329 2398 in
1349 2361 1505 2411 primo,
1530 2360 1599 2410 alij
1628 2359 1670 2398 in
1700 2372 1767 2398 se-

134 2432 363 2483 quentibus
385 2433 519 2471 sacris
541 2432 811 2471 adorandum
836 2432 1111 2471 Dominicum
1134 2446 1293 2484 corpus
1316 2438 1555 2471 sumerent.
1579 2430 1626 2470 Id
1648 2432 1766 2484 quod

133 2504 383 2556 plerumque
406 2518 576 2543 summo
600 2517 726 2543 mane
747 2505 801 2543 ad
822 2505 1049 2556 prandium
1073 2518 1211 2555 usque
1234 2505 1422 2544 durauit.

189 2584 249 2615 12.
306 2576 533 2614 Hactenus
554 2576 874 2627 propemodum
906 2575 1025 2615 domi
1054 2581 1223 2615 tantum
1254 2576 1499 2616 laboratum
1531 2582 1615 2623 est3
1650 2590 1765 2616 nunc

177 2802 196 2822 a
245 2801 327 2841 Del
343 2803 525 2841 audiunt.
580 2805 645 2830 -b
667 2804 801 2842 Prius
821 2804 960 2843 uitam.

181 3008 190 3027 ¹
239 3005 431 3054 Intellige
450 3006 496 3046 P.
518 3007 752 3055 Rectorem,
772 3008 904 3048 Leon.
924 3008 1087 3049 Kessel.
