1908 3446
534 178 857 217 272.—B1LL0M0
887 177 928 214 14
949 176 1059 223 JUNu
1090 174 1179 212 1559
1551 170 1620 207 229

0 306 3 334 1
43 303 151 329 mam
173 287 386 325 rationem
408 284 662 321 habeamus.
689 279 814 328 Quae
835 280 938 324 duo,
960 278 1052 315 Deo
1077 276 1277 322 fumante,
1301 285 1585 324 nequaquam
1607 271 1667 322 ef-

2 356 3 359 ¹
37 359 200 414 sicient
216 358 265 394 ut
281 356 462 394 scholae
477 353 663 392 nostrae
682 348 972 389 auditoribus
989 347 1141 385 minus
1154 346 1342 385 celebres
1358 345 1463 390 sins,
1484 345 1564 382 aut
1586 341 1670 380 aliz·

44 426 336 482 (Jucnzffimnnis
365 422 640 464 eruditiores
673 420 798 459 nobis
830 419 877 457 in
899 420 1094 457 docendo
1127 417 1480 466 anteponantur.
1508 413 1630 462 Quos
1653 421 1669 437 ὃ

42 496 267 553 plurimum
284 502 436 534 nostro
456 494 659 544 exemplo
682 491 736 529 ad
758 504 911 528 munus
929 489 1119 527 docendi
1140 486 1448 538 praestandum
1470 485 1667 531 excitari,

43 585 201 612 nouum
222 568 339 620 quod
360 567 459 605 hinc
480 570 667 615 quatuor
689 562 925 601 miliaribus
949 560 1130 611 erigitur
1154 558 1442 609 gymnasium,
1467 555 1581 594 satis
1609 568 1671 593 ar-

44 647 249 696 gumento
272 639 523 688 indicioque
548 647 646 674 esse
667 637 831 685 potest.
856 632 922 671 Ab
945 631 1016 671 his
1040 643 1146 670 uero
1176 631 1196 655 b
1220 628 1446 680 diligentia
1478 627 1671 678 superari

46 717 137 754 tam
157 714 287 761 turpe
310 709 570 761 acfoednm
592 705 814 751 ducimus,
845 711 860 728 ⁰
882 716 1020 754 qnam
1041 702 1174 741 labor
1190 704 1277 751 pro
1300 701 1377 738 X.0
1399 713 1450 739 ex
1472 697 1673 738 obedien-

47 786 109 826 tia
130 783 384 832 insmnptufs
397 778 619 830 propriae
636 776 871 816 uolmzlatz'
893 789 946 814 (tc
964 773 1374 824 qzaesmipraestat.
1400 770 1535 820 Quid,
1557 771 1674 820 qnod

46 871 129 896 non
150 868 246 894 raro
268 854 369 892 hinc
388 851 566 902 triginta
588 855 662 887 aut
690 848 1004 899 quinquaginta
1024 845 1260 884 miliaribus
1289 856 1377 882 non
1398 843 1526 894 pauci
1553 854 1672 887 suos,

48 934 92 968 ut
112 941 135 966 a
154 926 279 965 nobis
301 924 597 967 instituantur,
623 920 676 958 ad
697 932 778 957 nos
799 918 1036 964 adducunt,
1056 929 1143 955 non
1166 916 1257 954 sine
1280 914 1499 953 lachrimis
1516 913 1675 951 hereti-

49 1011 194 1039 corum
221 995 481 1048 prauitatem
514 993 807 1037 detestantes,
831 990 958 1028 nobis
989 1002 1074 1026 uno
1109 1000 1184 1026 ore
1209 983 1572 1038 congratulando,
1605 985 1677 1035 qui

49 1068 162 1121 quod
181 1068 253 1106 isti
273 1068 315 1105 in
331 1065 588 1116 perniciem,
607 1076 688 1101 nos
704 1063 746 1100 in
765 1062 872 1112 reip.
894 1059 1156 1099 christianae
1179 1059 1364 1097 salutem
1385 1062 1675 1108 praestemus.

99 1153 136 1180 2.
197 1141 416 1190 Quantum
434 1150 541 1175 uero
565 1135 703 1173 nostri
724 1135 766 1172 in
783 1132 919 1171 literis
941 1135 1309 1183 promoueantztr,
1336 1130 1545 1168 craebrae
1566 1141 1678 1179 quae

50 1213 100 1252 ab
120 1211 221 1262 ipsis
242 1210 458 1248 habentur
481 1207 704 1246 orationes
726 1204 880 1243 testari
899 1207 1097 1255 possunt.
1125 1204 1222 1252 Qua
1243 1202 1285 1240 in
1307 1214 1353 1240 re
1376 1200 1448 1252 qui
1468 1199 1680 1251 primarrii

51 1289 159 1331 sunt,
181 1283 410 1334 plurimum
432 1281 595 1325 ualent,
619 1278 692 1329 qui
722 1278 774 1315 ab
796 1277 898 1314 hinc
917 1275 1094 1314 biennio
1126 1275 1306 1313 alterius
1327 1279 1401 1312 aut
1433 1273 1563 1311 etiam
1593 1278 1680 1310 ter-

50 1355 134 1394 tiae
155 1354 303 1393 classis
327 1357 463 1391 erant.
499 1352 697 1401 Quorum
719 1362 829 1387 unus
861 1347 1082 1386 dominica
1102 1344 1489 1397 quinquagesimae
1521 1344 1680 1383 oratio-

51 1413 147 1466 nem
170 1426 417 1476 elegantem
439 1423 590 1461 habuit
611 1421 653 1459 in
680 1420 976 1458 bacchanalia.
1001 1417 1207 1456 Eiusdem
1238 1430 1413 1468 quoque
1435 1416 1682 1468 argumenti

53 1498 241 1538 exhibita
262 1495 538 1535 comoediola
554 1493 649 1541 fuit,
674 1492 865 1531 carmine
881 1490 1067 1530 iambico
1091 1490 1354 1540 conscripta,
1374 1502 1459 1540 qua
1478 1502 1567 1527 non
1589 1488 1681 1526 sine

51 1569 191 1608 fructu
224 1569 429 1606 iuuentus
465 1565 706 1604 exhilarata
741 1569 822 1602 est.
856 1562 991 1601 Cuius
1022 1560 1289 1601 lzm'usmodi
1317 1560 1599 1611 praecipuum
1638 1559 1683 1598 id

55 1645 143 1680 erat
165 1644 483 1692 argumentum,
509 1642 554 1676 ut
578 1637 724 1675 edicto
757 1649 781 1673 a
801 1647 1024 1687 praecone
1045 1634 1324 1685 promulgato
1348 1638 1522 1671 cautum
1546 1638 1680 1680 esset,

54 1727 106 1753 ne
136 1713 228 1764 quis
262 1713 453 1750 laruatus
488 1710 543 1748 ad
578 1707 939 1747 debacchandum
973 1706 1016 1744 in
1044 1706 1266 1757 publicum
1300 1705 1513 1756 prodiret.
1553 1705 1684 1755 Quod

54 1785 253 1836 frangens
275 1783 569 1834 Obsophagus
590 1782 672 1819 hac
692 1792 838 1831 poena
853 1778 1088 1817 mulctatus
1109 1777 1204 1824 fuit,
1237 1782 1283 1815 ut
1305 1782 1379 1815 aut
1399 1775 1544 1815 triduo
1572 1788 1683 1827 pane

58 1858 148 1895 solo
171 1862 214 1895 et
235 1869 344 1907 aqua
365 1859 639 1900 uesceretur‚
664 1857 738 1890 aut
760 1863 837 1889 sua
856 1863 981 1889 secus
1003 1849 1208 1889 admissa
1228 1849 1248 1874 ‘1
1269 1847 1492 1887 sacerdoti
1517 1861 1684 1900 sugge-

58 1930 186 1968 reret.
212 1935 229 1953 e
257 1928 393 1965 Laeto
418 1930 567 1964 autem
597 1923 851 1974 tamdiuque
876 1926 1026 1973 optato
1059 1920 1114 1959 de
1135 1933 1243 1971 pace
1265 1920 1425 1958 nuncio
1448 1923 1633 1971 accepto
1660 1926 1683 1966 ¹,

59 2001 226 2039 minime
257 1997 492 2037 tacendum
514 1996 607 2034 fuit.
642 1995 798 2034 Statim
820 1994 876 2032 M.
910 1993 1130 2032 Robertus
1152 1992 1207 2030 de
1240 1993 1391 2042 Lanoy
1412 1991 1465 2030 ad
1495 1991 1686 2030 scriben-

59 2071 156 2110 dum
177 2071 374 2123 gallicam
397 2069 452 2108 de
475 2069 591 2106 bello
617 2073 661 2105 et
680 2079 789 2118 pace
813 2065 1089 2104 comoediam
1119 2065 1308 2102 animum
1330 2064 1542 2111 adiunxit,
1575 2075 1687 2113 quae

61 2156 141 2182 una
170 2156 264 2182 cum
298 2140 494 2180 eiusdem
526 2138 769 2179 materiam·
800 2138 812 2162 f
847 2138 1008 2189 egloga
1038 2136 1257 2175 dominica
1283 2141 1382 2187 post
1409 2136 1571 2187 pascha
1592 2140 1690 2174 acta

61 2220 138 2253 est.
161 2215 296 2253 Feriis
317 2218 550 2266 praeterea
570 2213 614 2251 S.
640 2211 792 2251 Crucis
814 2209 869 2248 de
895 2209 1147 2260 frugalitate
1175 2209 1228 2246 ab
1251 2207 1585 2246 adolescentulo
1616 2207 1689 2245 ha-

61 2286 148 2325 bita
168 2291 233 2325 est
256 2285 412 2333 oratio,
433 2297 561 2334 quam
583 2295 662 2321 suo
685 2287 824 2320 marte
845 2282 1029 2320 iecerat.
1054 2281 1150 2318 Alia
1164 2286 1390 2331 postremo
1415 2279 1469 2318 de
1492 2278 1690 2317 laudibus

63 2357 331 2414 diuiNicolai
351 2357 394 2395 in
416 2347 508 2395 ei‘us
531 2353 703 2394 solenni
719 2354 925 2405 festoque
943 2352 1029 2392 die.
1055 2352 1143 2392 Sed
1165 2353 1220 2391 de
1255 2353 1321 2390 his
1352 2352 1470 2390 satis.
1493 2351 1626 2389 Nunc
1645 2351 1692 2388 ut

64 2440 172 2478 quae
192 2429 365 2468 restant
386 2428 540 2467 eadem
562 2425 783 2465 breuitate
799 2427 1131 2476 persequamur
1151 2425 1366 2474 superest.

114 2510 150 2548 3.
209 2500 414 2540 Valemus
434 2511 601 2546 omnes,
622 2498 705 2536 Dei
726 2509 923 2544 munere,
944 2498 993 2535 ut
1008 2495 1191 2547 pariter
1213 2495 1367 2534 animo
1386 2507 1513 2534 nemo
1535 2495 1598 2533 est
1614 2492 1693 2543 qni

64 2584 151 2610 non
167 2572 361 2610 multum
378 2573 540 2622 operae
556 2571 596 2609 et
611 2568 787 2609 laboris
798 2570 942 2620 ponat
957 2567 1032 2607 sm·
1048 2567 1208 2620 officii
1222 2569 1261 2607 et
1277 2567 1432 2619 legum
1450 2566 1692 2605 obseruan-

110 2731 129 2751 a
175 2732 289 2769 alios.
346 2733 409 2757 —b
430 2744 454 2768 a
473 2731 617 2778 quibus
631 2735 781 2767 tamen.
832 2737 897 2756 -0
917 2741 989 2766 nos
1005 2728 1170 2765 minime
1185 2727 1372 2775 patimur.
1425 2727 1493 2752 ——d
1513 2729 1693 2773 peecata.

67 2798 130 2818 -e
149 2791 421 2829 confiteretur.
477 2791 534 2816 —f
560 2789 808 2837 argumenti.

116 2942 123 2961 ¹
176 2940 259 2978 Pax
274 2942 372 2978 inita
392 2946 480 2978 erat
494 2941 599 2978 inter
614 2940 772 2987 anglos,
789 2939 923 2987 gallos
942 2943 982 2975 et
999 2938 1189 2985 hispanos
1204 2937 1254 2975 ad
1269 2935 1452 2975 Cateau—
1463 2934 1697 2973 Cambre'sis

9 3030 14 3041 .
70 3000 232 3038 ineunte
250 3001 388 3048 Aprili
408 3001 510 3039 1559.
