1908 3446
607 223 921 261 iae—*Amnius
950 224 964 260 1
994 223 1239 260 DECEMssms
1268 221 1358 259 1560
1678 224 1747 261 953

169 330 294 363 ueste
326 325 501 363 ademit.
536 326 758 375 Frequens
790 326 892 364 satis
922 326 1199 372 auditorium,
1223 325 1478 375 praesertim
1516 339 1612 364 cum
1645 328 1793 364 vrliani

169 396 380 447 gymnasij
406 396 682 446 professores
699 396 926 435 nobiscum
948 397 1284 443 contenderent,
1306 400 1348 434 et
1366 397 1501 434 ueluti
1520 397 1560 434 in
1579 397 1684 435 duas
1702 412 1794 436 sec-

168 472 234 506 tas
262 466 459 517 discipuli
487 467 623 516 nostrj
655 468 1015 506 distraherentur.
1042 469 1193 506 Plures
1214 473 1359 505 tamen
1387 481 1441 506 eo
1470 470 1791 515 confluxerunt,

169 539 239 576 ubi
273 539 392 577 nullo
424 544 611 589 sumptu,
647 540 798 578 maiori
831 540 1019 578 vtilitate
1054 539 1233 578 studere
1276 545 1475 589 possent3
1506 540 1610 578 licet
1640 541 1711 590 qui
1741 542 1793 578 ad

167 624 247 648 nos
277 610 495 658 venirent,
519 617 693 661 praeter
725 612 864 650 uarias
895 612 1219 659 contentiones,
1252 612 1338 651 loci
1369 612 1499 650 etiam
1522 616 1564 649 et
1593 613 1793 650 classium

166 682 571 720 incommoditatem
592 683 854 733 perferrent.
879 683 1143 721 Emersimus
1165 688 1309 722 tamen
1340 682 1589 733 aliquando,
1613 685 1707 721 Deo
1736 683 1793 721 fa-

168 759 315 800 uente,
346 759 523 804 praeter
557 756 747 793 omnium
780 756 1111 799 maleuolorum,
1145 755 1186 794 id
1219 760 1300 802 est,
1334 756 1672 802 haereticorum,
1707 756 1794 806 opi-

167 825 357 872 nionem,
383 838 436 863 ex
459 826 529 863 illa
549 826 685 876 prima
706 831 987 877 tempestate3
1010 827 1081 876 qui
1112 840 1192 865 nos
1214 827 1344 865 etiam
1366 827 1420 865 ad
1451 840 1527 865 sua
1547 827 1792 873 tribunalia,

167 897 305 935 missis
327 897 568 944 lictoribus,
593 910 841 949 prouocare
863 911 950 936 non
972 898 1238 937 dubitarunt.
1271 899 1542 937 Nesciebant
1562 897 1621 936 illi
1644 899 1793 937 videli-

166 973 238 1007 cet
258 981 339 1006 nos
360 968 554 1006 iniuriam
578 982 628 1007 ac
648 969 845 1008 fraudem
866 970 953 1020 pati
976 971 1118 1017 malle,
1142 984 1268 1020 quam
1290 971 1577 1009 contendere.
1615 971 1712 1009 Non
1736 971 1794 1009 ita

166 1041 300 1078 multo
330 1046 431 1091 post
452 1039 649 1091 discipuli
679 1041 817 1079 nostri
847 1042 1078 1092 aeglogam
1104 1041 1227 1080 domi
1257 1042 1459 1092 scriptam
1483 1054 1533 1079 ea
1560 1047 1793 1080 uenustate

164 1112 514 1162 pronuntiarunt,
539 1117 583 1150 vt
616 1112 719 1150 nihil
746 1113 833 1150 tale
856 1125 1043 1161 unquam
1075 1125 1121 1150 se
1150 1112 1312 1151 uidisse
1336 1125 1488 1151 omnes
1509 1113 1790 1152 affirmarent.

166 1184 225 1221 Ea
242 1195 312 1221 res
333 1184 452 1221 auxit
470 1184 596 1221 bonis
621 1183 820 1222 omnibus
837 1184 1018 1229 animos,
1040 1189 1083 1221 et
1102 1184 1263 1222 scholis
1279 1185 1440 1223 nostris
1457 1186 1663 1224 nonnulla
1678 1185 1794 1224 facta

165 1259 231 1293 est
261 1256 474 1293 accessio.
502 1256 641 1305 Ferijs
663 1268 771 1293 uero
794 1255 1138 1304 bacchanalitijs,
1163 1256 1223 1293 uti
1246 1261 1421 1303 uocant,
1445 1256 1729 1307 produximus
1751 1258 1792 1295 in

165 1340 340 1366 scenam
363 1326 600 1378 dialogum,
626 1327 697 1378 qui
719 1327 812 1364 siue
834 1327 951 1378 quod
972 1340 1058 1364 non
1083 1327 1255 1365 omnino
1278 1327 1426 1379 inepte
1448 1328 1634 1379 scriptus
1657 1333 1790 1375 esset,

165 1400 258 1438 siue
281 1399 381 1451 quia
414 1399 623 1437 nonnulla
643 1400 816 1437 theatro
848 1398 1097 1448 actionique
1122 1405 1378 1438 ornamenta
1399 1405 1694 1447 accesserant,
1719 1401 1792 1438 mi-

163 1472 283 1510 rifice
305 1476 584 1522 spectatores
608 1470 863 1516 oblectauit,
886 1470 1102 1507 bonorum
1121 1483 1242 1520 spem
1265 1471 1550 1514 confirmauit.
1574 1477 1619 1509 et
1639 1471 1792 1510 aduer-

163 1542 374 1581 sariorum
396 1547 580 1581 conatus
603 1541 892 1580 uehementer
914 1541 1138 1591 repressit.
1164 1542 1286 1580 Haec
1309 1543 1423 1580 enim
1444 1543 1697 1594 spectacula
1718 1543 1792 1581 mi-

163 1615 298 1653 raculi
318 1614 453 1652 instar
485 1611 647 1651 suntin
678 1613 760 1650 hac
783 1614 954 1662 Pyrene
988 1619 1201 1651 extrema.
1228 1615 1458 1652 Postremo
1488 1627 1584 1653 cum
1615 1628 1703 1653 non
1734 1615 1793 1653 ita

163 1685 330 1737 pridem
352 1685 394 1723 in
421 1685 562 1731 aliam,
587 1683 628 1722 id
652 1689 734 1730 est,
760 1684 956 1735 episcopi
978 1684 1156 1723 domurn
1179 1684 1606 1736 commigrassemus,
1629 1699 1791 1737 graece

162 1770 214 1796 ac
234 1757 367 1795 latine
396 1769 419 1794 a
441 1756 663 1806 discipulis
692 1755 854 1794 nostris
885 1754 1097 1793 mediocri
1117 1755 1366 1806 frequentia
1393 1761 1461 1795 est
1482 1757 1789 1805 declamatum,

165 1841 311 1879 eoque
335 1827 473 1865 ueluti
504 1832 705 1865 extremo
737 1831 837 1864 actu
868 1827 1050 1865 huiusce
1079 1827 1205 1877 primi
1235 1828 1333 1865 anni
1355 1828 1441 1866 late
1463 1833 1704 1880 peruagata
1727 1835 1793 1867 est

163 1899 308 1951 opinio
333 1898 590 1937 eruditionis
613 1911 665 1936 ac
686 1898 917 1949 probitatis
936 1898 1211 1947 jesuitarum,
1237 1899 1299 1937 sic
1321 1899 1434 1937 enim
1456 1913 1538 1938 nos
1554 1900 1625 1938 isti
1646 1902 1791 1952 appel-

160 1972 265 2019 lant,
289 1976 336 2009 ut
359 1970 489 2008 etiam
510 1970 552 2008 in
569 1982 650 2007 nos
666 1969 732 2008 ius
753 1970 840 2008 hoc
856 1976 875 1994 a
897 1970 1145 2020 usurparint
1164 1976 1340 2020 praeter
1362 1976 1543 2009 coetera
1559 1971 1788 2019 uocabula,

162 2055 277 2082 noua
299 2042 355 2081 de
385 2042 512 2081 nobis
544 2041 843 2092 confingendj.
882 2042 1039 2092 Neque
1069 2054 1178 2080 vero
1211 2042 1424 2080 minorem
1457 2055 1633 2094 operam
1663 2056 1791 2082 naua·

163 2120 261 2153 runt
297 2113 434 2163 nostrj
471 2114 513 2151 in
547 2113 730 2163 pietate,
753 2125 880 2163 quam
912 2112 1160 2152 eruditione
1191 2113 1317 2151 huius
1347 2113 1588 2152 iuuentutis
1617 2127 1791 2164 promo-

162 2185 319 2233 uenda,
344 2198 394 2224 ac
413 2189 536 2223 tanto
555 2184 692 2235 magis
709 2183 751 2222 in
769 2196 822 2222 eo
840 2183 1087 2222 insudatum
1107 2190 1188 2231 est,
1208 2190 1371 2234 quanto
1394 2185 1530 2223 maior
1547 2186 1791 2224 necessitas

161 2258 203 2295 id
235 2257 458 2308 exigebat.
483 2257 565 2295 Vix
599 2261 694 2294 erat
722 2256 833 2293 ullus
863 2269 987 2307 puer,
1011 2257 1083 2307 qui
1113 2270 1199 2295 non
1231 2261 1304 2294 aut
1336 2256 1511 2311 Marotti
1540 2257 1731 2307 psalmos
1764 2259 1788 2304 ⁴,

160 2335 234 2367 aut
256 2329 424 2369 Caluini
448 2328 793 2366 cathechismum
814 2326 937 2367 initio
959 2328 1014 2366 ad
1035 2341 1115 2366 nos
1137 2328 1347 2375 adferret,
1369 2328 1472 2366 nihil
1493 2328 1553 2366 illi
1574 2328 1706 2379 loqui,
1730 2330 1789 2367 ni-

160 2401 217 2439 hil
238 2413 409 2439 sacrum
431 2399 579 2438 dicere
615 2403 844 2446 nouerant,
868 2404 1043 2450 praeter
1064 2399 1220 2450 gallica
1237 2399 1451 2450 quaedam
1473 2399 1678 2447 carmina,
1702 2412 1789 2438 me-

160 2486 228 2510 ras
250 2471 379 2510 animi
400 2476 566 2522 pestes.
593 2471 836 2509 Occursum
859 2470 960 2509 huic
981 2471 1110 2518 malo,
1144 2472 1327 2522 primum
1355 2470 1457 2521 igne
1484 2470 1642 2509 libellis
1674 2483 1789 2510 com-

159 2544 313 2590 bustis,
350 2546 442 2580 tum
472 2539 671 2580 antidoto
708 2541 925 2580 Societati
955 2548 1188 2589 consueto,
1213 2542 1412 2580 doctrina
1440 2541 1650 2580 videlieet
1680 2543 1789 2581 chri-

160 2615 315 2662 stiana,
337 2626 449 2663 quae
471 2625 629 2663 magna
658 2612 973 2651 beneuolentia
1003 2625 1053 2651 ac
1085 2613 1324 2664 cupiditate
1349 2617 1537 2663 excepta
1568 2618 1651 2652 est.
1675 2613 1789 2652 Con-

205 2759 225 2778 ²²
274 2759 349 2797 hoc
366 2766 506 2808 supra
525 2772 634 2799 vers.

208 2909 216 2929 ¹
270 2908 464 2946 Clemens
482 2908 618 2946 Marot
644 2908 756 2954 (1495
768 2929 783 2936 -
800 2909 905 2955 1544)
923 2911 1100 2958 psalmos
1118 2912 1160 2948 in
1178 2912 1370 2958 gallicam
1389 2912 1574 2960 linguam
1602 2914 1785 2951 oratione

158 2968 287 3015 ligata
304 2969 518 3012 convertit,
534 2981 656 3016 quam
671 2969 899 3008 versionem
919 2969 1091 3008 facultas
1110 2971 1340 3019 theologica
1360 2972 1607 3019 parisiensis,
1629 2978 1673 3011 ut
1691 2973 1788 3012 hae-

159 3028 342 3073 reticam,
362 3026 582 3066 damnavit.

1841 3039 1868 3067 β
