1908 3446
473 222 744 261 298.—Ovss1N
774 224 812 260 11
842 223 1105 262 SEPTEMBRIS
1134 224 1223 260 1559
1547 225 1617 262 335

809 415 920 467 298

394 558 447 604 P.
495 557 980 605 HURTADUS
1030 557 1311 604 PEREZ

526 712 652 738 ογΒιΝ
684 703 719 737 11
748 712 1001 739 SEPTEMBRIS
1030 701 1120 738 1559
1148 704 1153 721 ¹

46 833 75 872 l.
99 832 337 871 Sociorum
373 845 599 878 umiferum·
632 835 962 883 occnpafiowes.
988 833 1095 884 Spes
1118 834 1310 885 ἱ[νιιυΐιιει
1336 834 1383 872 in
1415 835 1663 884 possernm.

316 898 354 937 2.
381 899 551 937 Mirum
573 899 681 948 quid
705 899 747 937 in
772 901 932 951 templo
956 900 1384 951 hermersdorskmsi.

99 1035 130 1062 Ι.
183 1024 272 1074 Jhs.
299 1024 387 1061 Pax
424 1023 598 1063 Christi.
624 1024 805 1071 Paucis,
840 1028 1064 1075 perquam
1087 1025 1186 1064 ΕΛΘ
1208 1026 1270 1071 Ρ.,
1310 1025 1448 1064 huius
1483 1025 1670 1075 quadri-

44 1093 218 1134 mestris
238 1094 464 1133 rationem
486 1096 676 1133 reddam
691 1096 723 1133 ²¹.
748 1095 906 1134 Sumus
924 1100 989 1133 tot
1007 1109 1188 1134 numero
1213 1109 1263 1134 ac
1280 1096 1412 1146 ijdem
1435 1096 1507 1147 qui
1524 1097 1566 1133 in
1584 1096 1669 1134 fine

46 1165 217 1203 alterius
260 1164 589 1215 quadrimestris
623 1166 650 1213 ²,
688 1167 773 1204 hoc
810 1171 876 1205 est
912 1173 1098 1218 septem;
1137 1167 1273 1205 offitia
1312 1173 1463 1205 nostra
1499 1167 1670 1215 eadem,

47 1237 270 1275 contiones
302 1237 590 1275 communiter
624 1237 824 1283 eaedem,
859 1238 937 1276 sed
968 1238 1051 1276 iam
1084 1239 1221 1277 Zviko
1245 1252 1392 1277 euram
1415 1245 1562 1290 pastor
1583 1240 1673 1290 qui-

6 1309 13 1386 l
47 1307 139 1346 dam
159 1307 351 1345 habebit.
377 1308 474 1346 Non
497 1308 682 1347 omnino
705 1314 907 1359 putamus
929 1311 1021 1348 sine
1044 1310 1187 1348 fructu
1209 1311 1287 1348 has
1311 1311 1551 1349 conciones
1568 1312 1672 1349 exti-

6 1390 14 1473 1
46 1379 161 1426 tisse,
183 1390 266 1416 nee
288 1379 401 1417 enim
423 1380 584 1418 desunt
607 1392 811 1429 unquam
831 1381 866 1428 b,
890 1381 963 1432 qui
993 1381 1047 1419 ad
1078 1382 1338 1420 catholicam
1370 1382 1501 1420 fidem
1533 1382 1673 1420 redie-

49 1454 157 1497 runt,
192 1454 233 1487 et
269 1450 303 1487 si
339 1456 668 1500 perseueretur,
703 1451 899 1491 maxime
933 1452 975 1490 in
1009 1452 1217 1499 futurum,
1255 1466 1342 1491 non
1374 1453 1637 1503 deponimus
1658 1461 1675 1478 0

9 1503 14 1560 i
47 1533 162 1571 spem
193 1521 358 1572 aliquos
387 1520 441 1559 ad
472 1521 685 1572 gremium
719 1523 868 1560 matris
899 1523 1118 1562 redituros
1140 1524 1175 1571 ‘13
1198 1524 1270 1574 qui
1301 1524 1384 1562 iam
1416 1524 1509 1562 sine
1540 1524 1673 1563 dubio

49 1598 190 1631 essent
209 1605 297 1631 non
325 1593 452 1643 pauci
486 1594 598 1631 inter
620 1593 825 1641 rusticos,
864 1595 898 1632 si
934 1595 1065 1632 modo
1090 1595 1210 1632 ciues
1241 1596 1541 1643 zittauienses,
1564 1608 1675 1646 quos

11 1677 15 1729 ἱ
47 1663 263 1715 simplices
284 1663 333 1703 Ιιί
361 1663 629 1715 suspiciunt,
653 1677 740 1703 non
762 1666 983 1713 timerent,
1009 1666 1079 1704 uel
1103 1666 1138 1704 si
1165 1679 1249 1705 nos
1270 1668 1445 1717 penitus
1467 1667 1537 1706 hic
1558 1680 1674 1706 man-

49 1748 166 1773 suros
199 1735 527 1777 arbitrarentur,
562 1735 653 1774 Nec
688 1735 807 1775 enim
838 1740 1010 1786 parum
1037 1736 1162 1788 fidei
1197 1740 1318 1788 apud
1353 1739 1434 1777 hos
1472 1737 1675 1777 homines

47 1807 224 1845 nostrae
246 1806 446 1846 detrahit
468 1808 577 1846 haec
599 1806 890 1847 incertitudo.
914 1808 983 1846 Ad
1006 1808 1310 1847 confessiones
1332 1821 1356 1847 a
1387 1810 1673 1848 zvikauiensi-

48 1877 124 1916 bus
143 1878 422 1924 infirmorum,
454 1891 551 1917 cum
583 1879 857 1930 contingunt,
892 1892 1117 1926 uoeamur3
1149 1881 1364 1932 reliquum
1395 1882 1607 1932 temporis
1630 1888 1675 1920 et

14 1941 15 1947 ¹
51 1961 205 2000 operae
234 1950 276 1987 in
304 1948 589 2000 procurandis
618 1951 749 1988 rebus
778 1951 1047 2000 monasterij‚
1072 1952 1253 1990 fratrum
1283 1957 1327 1990 et
1356 1952 1545 1991 familiae
1576 1965 1674 1991 nos-

11 1995 17 2072 ῖ
51 2024 138 2058 trae
157 2019 371 2070 ponimus.

14 2074 16 2098 ἒ
98 2102 134 2130 2.
192 2092 237 2130 In
264 2093 428 2144 templo
464 2092 875 2140 hermemdorfensi,
914 2094 1037 2132 euius
1073 2106 1220 2133 curam
1256 2095 1428 2145 plenam
1463 2095 1673 2146 gerimus,

15 2144 17 2178 Ξ
48 2160 219 2202 inuenta
239 2163 317 2202 fuit
343 2164 486 2202 hostia
506 2169 608 2202 ante
629 2176 787 2202 annum
803 2164 898 2202 fere
929 2177 1027 2203 eum
1049 2165 1227 2204 dimidio
1259 2178 1284 2204 a
1315 2167 1379 2214 P„
1405 2166 1556 2214 eredo,
1578 2166 1674 2206 Vic-

50 2234 156 2274 toria
177 2239 219 2273 et
241 2237 444 2275 Vrsmaro
466 2238 479 2257 ²
513 2237 555 2274 in
577 2237 766 2275 sacrario
790 2236 997 2287 reposita,
1021 2250 1073 2276 ac
1108 2237 1143 2275 si
1163 2244 1181 2262 Θ
1203 2238 1508 2277 recentissima
1538 2244 1674 2286 esset3

16 2353 18 2360 Ι
51 2306 162 2357 quod
181 2306 281 2346 ideo
303 2308 374 2347 hic
394 2307 615 2362 aseribere
637 2306 813 2358 placuit,
838 2307 956 2359 quod
979 2309 1026 2348 P.
1060 2309 1201 2348 Lucas
1238 2310 1252 2329 ⁴
1274 2309 1510 2348 mirabatur
1531 2309 1586 2348 de
1615 2310 1675 2348 in-

17 2377 19 2419 ÷
50 2379 250 2429 tegritate
270 2379 456 2427 hostiae,
480 2379 598 2430 quod
618 2391 705 2417 non
736 2379 830 2418 sine
860 2381 1068 2419 miraculo
1099 2380 1262 2419 factum
1283 2380 1473 2429 uidetur,
1498 2383 1674 2420 tametsi

96 2525 115 2546 a
162 2539 210 2564 ex
227 2528 311 2565 lris.
332 2527 387 2566 M.
405 2529 566 2566 hurtadi
585 2542 634 2566 ex
653 2528 785 2576 oybin.
842 2529 907 2555 —b
927 2528 1143 2567 defuerunt
1174 2529 1313 2577 aliqui.
1366 2538 1430 2556 —0
1451 2530 1675 2570 abiieimus.

54 2585 117 2611 —d
138 2587 241 2633 quod
260 2587 428 2635 aliqui...
450 2589 618 2626 redituri
637 2588 728 2626 sint.
782 2595 848 2615 -θ
884 2588 917 2624 2
937 2599 1005 2626 vv.
1031 2593 1177 2635 praec.
1210 2594 1348 2636 supra.
1379 2600 1488 2627 vers.
1522 2590 1676 2628 eadem

54 2652 202 2683 manu.

101 2800 109 2820 ¹
159 2800 220 2838 Ex
237 2807 396 2849 autogr.
415 2802 455 2839 in
473 2803 557 2840 cod.
581 2802 722 2841 Germ.
745 2804 837 2846 187,
859 2804 899 2841 fs.
924 2803 1002 2849 172,
1030 2805 1106 2852 173;
1126 2806 1236 2852 prius
1255 2805 1337 2843 749.
1358 2804 1600 2852 Exemplum
1617 2820 1677 2845 se-

56 2862 222 2900 cundum
239 2864 511 2903 correctiones
530 2870 592 2903 est
611 2865 650 2902 in
669 2865 735 2902 fol.
759 2865 838 2902 159.

100 2920 114 2940 ²
161 2921 267 2960 Vide
285 2936 379 2971 pag.
399 2924 481 2961 203.

100 2979 113 3000 ⁸
159 2981 205 3018 P.
225 2982 444 3021 Ursmarus
463 2983 714 3022 Goissonius.

102 3039 115 3059 ⁴
162 3040 204 3078 P.
225 3041 358 3081 Lucas
378 3043 556 3082 Molitor.
