1908 3446
192 289 261 328 896
653 283 872 322 Limnatis
898 280 1254 327 QUAanEsrREs

226 394 291 430 De
322 393 383 430 las
414 390 704 440 ocupaeiones
726 400 750 436 y
773 396 999 424 sermones
1020 381 1091 420 del
1122 382 1193 419 Re
1214 385 1361 419 rector
1383 381 1409 427 ¹,
1442 392 1521 430 por
1543 375 1688 417 donde
1716 388 1764 415 se

148 465 267 501 suele
287 474 529 511 60111611631,
550 473 603 509 ‘ay
622 471 735 510 poco
753 469 837 506 que
855 454 1064 500 escreuir,
1082 464 1249 503 porque
1267 452 1306 489 13
1322 449 1455 490 mitad
1472 450 1526 488 de
1545 450 1584 487 el
1600 450 1763 499 tiempo

150 537 199 573 lia
224 534 375 572 estatio
400 546 478 569 con
505 533 540 569 el
566 533 635 568 Ι).6
658 528 889 577 Fransgisco
913 526 939 573 ²,
964 526 1017 563 (16
1040 525 1170 574 quien
1200 523 1273 561 fue
1296 522 1480 561 llamado
1503 521 1641 559 desde
1663 522 1765 558 Por-

148 606 281 656 tugal,
305 619 330 655 y
352 618 433 642 aun
456 617 510 641 no
536 617 581 640 cs
605 600 779 646 uenido3
803 611 908 649 pero
933 609 986 634 en
1019 596 1057 633 el
1079 608 1191 646 poco
1223 594 1387 644 tiempo
1409 606 1494 644 que
1522 595 1622 643 aqui
1652 597 1766 630 estu-

149 691 219 724 uo,
259 689 304 714 se
347 675 613 723 (111-(56161011
653 673 836 722 algunos
869 668 1083 719 negocios
1117 667 1404 718 importantes
1442 679 1469 715 y
1504 664 1558 703 de
1594 663 1768 703 edifica-

150 749 246 786 ciOn
268 748 296 794 ³3
330 760 382 784 en
415 746 574 797 special
611 758 664 781 un
702 742 919 780 6311311610
953 738 1228 777 661651351160
1260 751 1286 787 y
1315 738 1334 756 a
1363 736 1550 783 letrado,
1584 734 1767 773 estando

196 879 214 897 ἃ
266 879 347 915 Del
366 889 457 923 muy
479 875 539 920 (Ρ).

151 1027 199 1049 ex
229 1011 388 1053 nostris,
422 1010 539 1057 hujus
558 1005 735 1043 ciuitatis
753 1004 899 1041 nobilis
918 1003 1139 1050 municeps.
1162 1001 1267 1039 Cum
1286 1001 1349 1038 1116
1369 1014 1392 1037 3
1410 999 1617 1037 Societate
1636 996 1771 1044 petiis-

149 1078 210 1109 set
229 1078 270 1107 ut
291 1071 366 1107 huc
386 1069 563 1105 mitteret
582 1065 740 1112 aliquos
759 1078 808 1101 ex
826 1063 919 1108 suis,
939 1063 1108 1100 obtinuit
1127 1072 1228 1108 rem;
1248 1072 1421 1108 cumque
1447 1072 1471 1096 a
1501 1058 1667 1096 ciuitate
1697 1057 1772 1093 1136

151 1133 367 1178 impetrare
400 1129 524 1165 vellet
555 1126 729 1162 amicum
760 1123 989 1171 hospitium,
1023 1121 1211 1160 convenit
1241 1121 1348 1158 inter
1374 1121 1485 1157 ciues
1504 1119 1625 1166 ipsos,
1645 1116 1772 1154 eccle-

150 1192 331 1236 siamque
351 1199 571 1235 mayorem‚
592 1190 635 1222 ut
654 1186 702 1234 ijs
721 1184 889 1222 offerret
907 1184 1103 1228 templum
1121 1182 1323 1228 religione
1342 1179 1505 1218 celebre
1520 1178 1603 1215 diui
1622 1176 1772 1214 Secun-

151 1253 188 1288 di
208 1250 323 1298 primi
343 1247 544 1295 aepiscopi
563 1244 782 1290 abulensis,
801 1243 1022 1291 Jacobique
1040 1242 1240 1290 discipuli,
1262 1242 1377 1290 cujus
1395 1252 1539 1287 corpus
1563 1238 1627 1275 hic
1652 1238 1772 1285 jacet,

152 1325 230 1348 vna
248 1323 337 1347 cum
358 1307 550 1345 coenobio
563 1306 736 1354 quodam
756 1316 994 1352 pauperum.
1015 1302 1098 1341 Sed
1113 1302 1206 1349 quia
1221 1314 1300 1338 non
1319 1305 1408 1338 erat
1427 1299 1490 1338 hic
1509 1299 1621 1336 locus
1639 1296 1774 1334 Socie-

152 1372 224 1408 tati
242 1369 485 1411 commodus,
505 1365 658 1412 aliquid
676 1365 788 1402 aliud
807 1368 1065 1411 expectatum
1084 1367 1158 1400 est.
1179 1361 1318 1407 Quare
1337 1360 1501 1407 cognita
1531 1371 1589 1400 re,
1622 1357 1775 1395 obtule-

152 1436 246 1468 runt
274 1430 416 1478 ijsdem
447 1426 616 1471 benefici
647 1425 820 1472 aequale
848 1435 1006 1469 munus,
1035 1423 1230 1470 templum
1249 1422 1404 1460 scilicet
1423 1420 1475 1458 D.
1498 1417 1665 1465 Aegidii
1685 1429 1776 1454 cum

153 1490 322 1538 hospitio
341 1490 437 1525 item
456 1498 693 1534 pauperum,
714 1496 893 1531 paupere
913 1483 1034 1520 etiam
1053 1482 1125 1519 illo
1144 1494 1190 1518 36
1209 1482 1316 1518 111316
1335 1480 1562 1524 materiat0;
1583 1478 1655 1515 sed
1681 1476 1776 1524 quia

154 1554 376 1597 opportuno
394 1549 493 1589 loco,
521 1551 729 1592 receptum
761 1548 823 1580 est
853 1555 944 1580 cum
975 1541 1202 1589 gratiarum
1233 1540 1404 1578 actione.
1438 1538 1585 1576 Abfuit
1614 1537 1777 1585 quidem

154 1609 384 1647 resistentia
414 1607 478 1655 pio
507 1605 716 1649 beneficio,
745 1602 931 1650 quamuis
949 1602 1106 1639 occasio
1124 1601 1268 1639 adesse
1286 1600 1517 1646 uidebatur,
1538 1611 1587 1636 ex
1607 1611 1654 1635 eo
1672 1596 1778 1645 quod

156 1669 357 1716 coenobijs
375 1666 552 1704 abundet
570 1666 644 1702 hec
662 1664 805 1701 ciuitas
823 1663 1109 1709 religiosorum
1127 1662 1338 1709 vtriusque
1356 1670 1490 1705 sexus;
1511 1663 1634 1705 atque
1664 1657 1778 1695 nobis

156 1731 272 1766 datus
302 1728 352 1764 sit
382 1729 493 1764 locus
523 1725 815 1762 saluberrimus
845 1729 967 1770 atque
1001 1721 1286 1766 aeditissimus‚
1319 1722 1425 1757 vnde
1460 1720 1574 1757 velut
1605 1731 1654 1755 ex
1684 1730 1777 1763 3166

157 1789 328 1837 quadam
359 1785 556 1823 dominari
588 1785 773 1821 videmur
807 1783 945 1820 multis
979 1781 1184 1830 coenobijs
1214 1782 1365 1818 circum
1397 1779 1505 1817 circa
1537 1777 1778 1827 jacentibus.

158 1850 264 1886 Hinc
283 1851 467 1893 coeptum
487 1850 547 1882 est
566 1845 616 1881 ab
635 1845 682 1892 ijs
701 1843 768 1890 qui
787 1844 858 1880 has
877 1843 1001 1880 aedes
1018 1846 1252 1889 coeperant,
1273 1840 1581 1877 fundamentum
1599 1838 1678 1887 1361
1702 1837 1779 1884 spi-

158 1907 315 1945 ritualis
346 1904 530 1953 aedificii.
558 1905 669 1953 juxta
695 1909 875 1940 nostrum
894 1903 1136 1940 institutum.
1158 1901 1303 1948 Neque
1324 1901 1379 1937 ita
1398 1900 1525 1936 multo
1543 1904 1630 1945 post
1649 1896 1781 1943 coepit

159 1968 301 2005 ciuitas
319 1966 439 2003 rebus
459 1965 604 2001 nostris
630 1963 750 2010 affici,
780 1964 981 2009 rebusque
1013 1961 1093 2000 Dei
1123 1974 1223 2008 quas
1253 1966 1412 1998 nostras
1442 1959 1566 1996 etiam
1595 1957 1778 2002 dicimus,

160 2025 487 2073 fraequentandis
516 2024 672 2061 scilicet
701 2029 1048 2060 sacramentorum
1079 2022 1267 2064 fontibus,
1298 2025 1338 2057 et
1355 2019 1584 2057 animarum
1603 2017 1779 2055 utilitate

160 2086 349 2124 curanda.
384 2085 459 2121 Hic
493 2084 564 2120 viri
594 2084 747 2131 aliquot
778 2095 929 2129 graues
960 2087 999 2119 et
1026 2081 1132 2119 docti
1161 2079 1372 2119 adversari
1397 2079 1511 2116 nobis
1542 2081 1779 2124 coeperunt;

162 2158 301 2184 verum
316 2158 406 2182 cum
422 2146 446 2193 ij
465 2144 622 2190 pietatis
641 2145 727 2180 zelo
742 2148 1017 2187 mouerentur,
1035 2154 1115 2178 non
1129 2139 1332 2188 permissit
1349 2138 1547 2176 Dominus
1562 2137 1779 2185 quidquam

162 2206 271 2251 mali;
290 2205 385 2251 quin
404 2204 533 2251 potius
552 2204 591 2239 in
609 2216 723 2240 suam
749 2203 922 2249 gloriam
953 2201 1244 2239 adversitatem
1263 2212 1353 2236 eam
1372 2197 1588 2235 detorsisse
1607 2196 1779 2233 videtur.

162 2265 206 2301 In
225 2266 272 2313 ijs
290 2265 460 2312 alijsque
481 2263 675 2311 ejusmodi
694 2275 738 2299 se
758 2267 1030 2299 exercuerunt
1060 2261 1177 2309 primi
1207 2260 1269 2296 illi
1295 2259 1451 2304 Patres,
1480 2257 1626 2305 quibus
1652 2261 1696 2293 ut
1726 2256 1783 2292 in-

161 2324 396 2362 strumentis
414 2324 541 2359 multa
558 2322 736 2369 profecto
755 2322 892 2358 diuina
910 2322 1067 2358 bonitas
1085 2326 1253 2367 operata
1273 2326 1347 2356 est.
1369 2318 1475 2356 Nam
1492 2323 1536 2354 ut
1554 2316 1655 2353 nihil
1673 2316 1783 2352 aliud

163 2385 336 2430 egerint,
368 2395 516 2429 magna
547 2381 724 2429 profecto
755 2386 937 2428 patrasse
966 2381 1095 2418 uideri
1128 2381 1289 2426 debent,
1319 2379 1414 2416 dum
1444 2378 1605 2416 labores
1635 2377 1784 2423 primos

161 2450 283 2490 atque
302 2442 559 2479 difficultates
577 2448 818 2488 superarunt
836 2441 1141 2478 adversantium
1160 2439 1380 2484 hominum,
1400 2437 1560 2484 inopiae
1579 2448 1626 2474 ac
1657 2435 1784 2473 mirae

163 2502 412 2551 paupertatis
430 2502 640 2546 sociorum,
661 2502 728 2548 qui
747 2506 931 2548 quatuor,
952 2501 1130 2550 quinque
1161 2500 1300 2548 plures
1329 2511 1409 2536 non
1440 2502 1569 2536 erant.
1590 2495 1785 2533 Animad-

163 2576 325 2600 uersum
356 2566 415 2599 est
446 2575 469 2598 a
495 2561 675 2607 patribus
695 2562 932 2608 praepositis
951 2560 1180 2606 [deletum.·
1196 2559 1343 2597 nostris
1361 2556 1571 2605 praelatis]
1592 2567 1784 2602 magnam

163 2622 485 2660 commoditatem
503 2623 543 2658 in
563 2623 636 2658 hac
655 2621 755 2658 urbe
774 2633 863 2658 esse
881 2621 1096 2667 augendae
1126 2619 1343 2658 Societatis
1373 2623 1536 2655 nostrae
1566 2629 1613 2653 36
1643 2628 1784 2664 proue—

164 2683 307 2727 hende,
329 2687 412 2718 tum
431 2687 595 2729 propter
613 2680 865 2718 nobilitatem
879 2680 1042 2726 ciuium,
1063 2686 1185 2728 atque
1204 2679 1392 2717 acumina
1410 2676 1679 2725 ingeniorum,
1699 2680 1785 2712 tum

165 2747 328 2789 propter
356 2742 535 2779 innatam
569 2740 771 2787 quandam
801 2741 994 2786 pietatem
1029 2752 1150 2787 quam
1184 2740 1402 2776 multorum
1432 2736 1709 2774 confessorum
1740 2747 1787 2771 36

165 2801 373 2838 martirum
404 2801 588 2848 (quorum
620 2812 787 2846 corpora
817 2812 921 2846 quae
940 2800 1004 2836 hic
1021 2800 1182 2846 sepulta
1202 2802 1380 2841 manent,
1399 2797 1462 2835 hic
1481 2796 1628 2835 eximie
1648 2796 1782 2832 colun-

165 2863 244 2906 tur)
263 2860 483 2907 predicatio
502 2865 541 2896 et
557 2858 766 2905 sanguinis
785 2858 927 2896 effusio
946 2859 1185 2906 impressam
1204 2858 1445 2905 reliquissee
1465 2856 1689 2893 videntur».

215 2922 222 2940 ¹
275 2920 320 2956 Ρ.
342 2919 564 2966 Dionysius
583 2917 791 2965 Vazquez.

213 2980 226 2999 ²
276 2978 383 3017 Stus.
405 2978 648 3016 Franciscus
666 2977 831 3024 Borgia.

211 3040 224 3059 ⁸
276 3038 518 3085 Exemplum
546 3037 715 3074 latinum
742 3036 774 3073 Β
806 3038 905 3074 11366
935 3038 1028 3074 dicit
1060 3028 1109 3075 de
1140 3037 1184 3074 P.
1218 3037 1396 3074 Rectore
1431 3041 1471 3073 et
1500 3036 1550 3072 de
1581 3033 1788 3072 doctrinae

166 3098 409 3136 christianae
429 3097 690 3144 expositione:
714 3095 778 3133 «P.
802 3096 1009 3134 Dionisius
1028 3109 1106 3133 non
1132 3098 1262 3134 solum
1289 3095 1458 3133 rectoris
1489 3107 1586 3131 cura
1616 3093 1789 3140 3111611111·
