1908 3446
266 245 335 282 330
738 244 956 281 [ΑΗΕ-ΒΑΕ
985 246 1339 289 QUADRIMESTRES

223 346 365 396 pidem
388 359 440 383 ne
473 346 599 383 nobis
621 358 826 384 accessus
849 346 901 384 ad
923 346 1007 384 hoc
1028 345 1142 396 pium
1168 358 1275 395 opus
1296 350 1457 395 pateat.
1482 345 1638 385 Vincet
1661 352 1805 384 tamen
1825 347 1843 366 ³⁴

222 417 352 455 (lubio
372 417 536 467 procul
558 415 770 467 patientia
789 430 875 455 susa
897 430 947 455 ac
976 416 1300 467 longanimitate
1320 417 1339 441 b
1361 417 1426 455 leo
1445 417 1496 455 de
1526 416 1644 455 tribu
1669 417 1794 466 suda
1816 424 1842 465 ¹3

223 490 354 538 abque
376 489 494 526 lianc
530 487 582 525 ob
619 500 807 526 cansam
837 500 913 539 per
950 487 1138 526 ciuitatis
1161 495 1175 512 c
1197 488 1403 538 primates
1438 487 1649 538 quosdam
1684 500 1843 538 pugna-

224 573 331 606 mus,
355 571 406 597 ac
429 559 607 596 efficere
632 559 848 606 enitimur,
872 572 927 597 ne
950 558 1120 597 radices
1142 559 1321 597 altiores
1342 559 1500 596 malum
1530 558 1634 596 illud
1656 562 1770 610 agat,
1802 564 1844 596 et

223 635 267 668 ut
292 629 614 669 xenodochium
637 643 763 681 quam
793 630 955 681 optime
986 631 1249 668 instituatur.
1283 631 1346 668 Eo
1376 630 1581 668 libentius
1611 631 1693 668 hac
1722 631 1764 668 in
1798 643 1844 669 re

225 707 290 740 est
312 702 437 740 nobis
461 701 788 749 elaborandum,
808 701 925 753 quod
947 702 1158 740 exercitia
1179 702 1348 740 isthaec
1368 715 1455 740 non
1472 701 1603 740 modo
1627 701 1845 740 adiumen-

224 780 312 812 tum
335 774 544 811 desolatis
575 786 626 811 ac
655 774 781 823 plane
813 773 1034 812 destitutis
1064 773 1326 823 pauperibus
1355 773 1437 811 illis
1466 773 1670 820 afferunt,
1695 785 1844 811 verum

223 845 347 883 nobis
371 845 500 882 etiam
531 844 928 895 praesentissimam
960 844 1154 882 referunt
1191 849 1234 881 et
1271 844 1480 881 exhibent
1511 843 1780 882 memoriam
1809 846 1846 883 et

225 916 576 954 recordationem
612 916 826 954 humanae
862 916 1119 954 calamitatis
1156 921 1199 953 et
1234 916 1451 960 miseriae,
1489 929 1573 966 quo
1596 915 1846 953 humilitatis

228 987 464 1025 euadamus
487 986 790 1025 studiosiores.

283 1070 341 1096 ΙΙ.
403 1058 512 1096 Tres
543 1070 679 1108 nuper
710 1057 979 1095 diuersarum
1016 1057 1239 1096 nationum
1274 1058 1338 1106 (ut
1370 1057 1424 1095 de
1459 1058 1621 1108 polono
1659 1057 1846 1107 optimae

227 1129 319 1180 spei
341 1129 501 1167 iuuene
523 1141 574 1167 ac
595 1128 877 1167 mediocriter
900 1128 1049 1175 docto,
1074 1129 1143 1179 qui
1168 1141 1264 1167 cum
1296 1134 1470 1167 rectore
1497 1133 1648 1166 nostro
1671 1128 1755 1166 huc
1777 1140 1847 1165 ue-

226 1201 301 1247 nit,
326 1199 496 1238 interim
515 1200 703 1249 taceam)
725 1213 823 1238 sese
846 1200 972 1238 nobis
993 1200 1300 1246 adiunxerunt,
1324 1199 1514 1249 fideique
1535 1206 1712 1237 nostrae
1735 1211 1848 1237 corn-

228 1273 452 1319 miserunt,
485 1272 668 1310 iuuenes
701 1278 822 1309 certe
853 1284 1037 1323 magnae
1069 1271 1314 1309 modestiae
1345 1271 1576 1321 bonaeque
1607 1271 1714 1321 spei,
1747 1283 1848 1322 quo-

226 1357 317 1381 rum
354 1355 462 1381 unus
496 1344 684 1381 bauarus
720 1348 801 1390 est,
838 1343 1008 1380 iuuenis
1043 1343 1225 1393 simplex
1262 1348 1306 1380 et
1340 1347 1502 1390 rectus,
1542 1347 1585 1380 et
1620 1341 1673 1380 ad
1710 1341 1850 1380 omnia

226 1414 402 1464 pietatis
434 1414 579 1453 officia
608 1419 850 1465 promptus3
882 1415 1102 1464 hungarus
1133 1415 1257 1460 alter,
1291 1414 1333 1451 in
1362 1414 1527 1464 pietate
1559 1413 1769 1451 educatus
1797 1413 1848 1451 ab

226 1485 512 1532 incunabulis3
537 1486 692 1523 tertius
722 1498 828 1523 uero
852 1485 993 1532 italus,
1018 1485 1089 1536 qui
1112 1497 1164 1523 eo
1188 1485 1329 1523 animo
1362 1485 1511 1536 recipi,
1536 1497 1743 1535 suamque
1765 1485 1849 1523 ani-

228 1570 339 1595 mam
361 1556 462 1595 huic
483 1557 526 1595 S.
552 1556 767 1595 Societati
789 1556 965 1594 tradere
987 1556 1141 1603 uoluit,
1166 1561 1211 1594 ut
1232 1561 1447 1607 perpetuo
1465 1556 1640 1594 Christo
1666 1557 1848 1595 Domino

227 1628 268 1665 in
309 1627 464 1666 culina
499 1627 518 1652 d
554 1626 742 1665 seruiret
776 1627 802 1667 ².
845 1628 954 1665 Sunt
989 1627 1059 1676 alij
1102 1627 1296 1665 nonrmlli
1335 1626 1519 1665 studiosi
1558 1626 1851 1665 uniuersitatis

226 1699 367 1747 huius,
391 1700 503 1737 inter
525 1712 635 1750 quos
656 1698 829 1749 quidam
853 1704 919 1737 est
941 1700 1095 1736 artium
1118 1698 1325 1749 magister
1348 1703 1392 1736 et
1413 1696 1759 1743 mathematicus,
1781 1697 1850 1749 qui

228 1771 494 1818 desiderant,
520 1776 564 1808 et
587 1784 641 1809 ex
672 1771 815 1809 animo
838 1771 1017 1821 cupiunt
1038 1770 1251 1809 Societati
1283 1782 1381 1807 sese
1412 1769 1633 1820 regendos
1661 1769 1848 1815 tradere,

227 1854 410 1892 quorum
442 1842 744 1888 constantiam,
768 1841 1015 1892 priusquam
1037 1841 1315 1891 recipiantur,
1340 1840 1541 1879 duximus
1573 1840 1848 1891 probandam.

231 1914 433 1963 Quinque
455 1922 687 1964 praeterea
717 1913 837 1951 ciues
868 1925 971 1950 suos
992 1912 1105 1950 filios
1126 1916 1246 1950 totos
1267 1912 1363 1950 Deo
1385 1912 1605 1962 ipsiusque
1628 1910 1761 1949 cultui
1781 1911 1852 1949 de-

230 1985 375 2024 dicare
412 1986 635 2032 uolebant,
672 1997 724 2023 ac
762 1989 1012 2023 nostrorum
1048 1996 1230 2022 numero
1273 1989 1320 2021 ut
1358 1983 1681 2022 ascriberentur
1723 1982 1853 2021 multa

231 2056 515 2095 contentione
539 2057 762 2094 curabant.
786 2056 949 2093 Verum
971 2054 1013 2092 id
1037 2060 1103 2093 est
1124 2054 1206 2092 illis
1233 2055 1412 2092 liberius
1434 2054 1715 2105 denegatum,
1739 2052 1853 2103 quod

230 2134 392 2175 aetate,
426 2128 639 2174 doctrina,
671 2127 926 2178 pietateque
961 2126 1082 2176 parui
1115 2127 1360 2164 admodum
1390 2133 1408 2151 e
1441 2124 1694 2163 uiderentur
1727 2130 1771 2163 et
1802 2123 1853 2162 ad

229 2200 474 2239 institutum
496 2204 693 2238 nostrum
715 2211 802 2237 non
824 2198 929 2236 satis
951 2197 1049 2248 apti
1070 2199 1149 2236 aut
1170 2197 1340 2244 maturi,
1365 2197 1540 2235 tametsi
1562 2209 1682 2248 spem
1704 2208 1852 2247 paren-

277 2397 296 2417 a
347 2409 415 2435 eos
430 2398 583 2444 procul.
637 2398 702 2423 -b
724 2395 1025 2443 longanimitas.
1096 2403 1143 2420 —0
1163 2399 1312 2432 autem.
1363 2394 1430 2420 -d
1450 2393 1596 2431 infimis
1611 2392 1852 2430 ministeriis.

279 2465 297 2483 e
351 2457 493 2494 adhuc.

281 2643 290 2662 ¹
344 2641 409 2679 Cf.
430 2641 580 2686 Apoo,
615 2641 671 2686 V,
690 2642 724 2678 5.

280 2702 293 2722 ²
344 2701 388 2738 In
407 2701 492 2738 cod.
517 2701 657 2739 Germ.
684 2701 769 2743 [31.
803 2700 849 2738 ff.
882 2701 1064 2747 215 216;
1096 2700 1265 2738 235-236
1295 2703 1426 2737 exstet
1456 2698 1667 2744 catalogus
1696 2694 1855 2741 collegii

235 2761 466 2798 viennensis
492 2773 614 2798 manu
640 2760 684 2797 P.
711 2760 828 2798 Grim
855 2761 1028 2807 scriptus
1054 2760 1104 2798 ad
1123 2760 1237 2808 cujus
1255 2760 1409 2797 calcem
1428 2759 1508 2795 alia
1526 2769 1647 2795 manu
1666 2755 1854 2803 scriptum

235 2825 306 2856 est.
331 2819 455 2857 «1559.
476 2818 729 2866 Cathalogus
755 2818 924 2856 fratrum
952 2819 1271 2856 viennensium.»
1293 2817 1345 2855 Et
1371 2817 1537 2854 Polanci
1563 2825 1697 2853 manu:
1724 2813 1854 2852 Credo

234 2879 299 2915 del
327 2880 485 2925 Agosto
520 2878 643 2915 1559.»
673 2878 735 2915 Ex
761 2890 839 2924 quo
858 2878 941 2923 (fol.
962 2878 1047 2923 236)
1066 2877 1279 2925 sequentia
1298 2876 1575 2920 exscribimus,
1595 2886 1701 2922 quae
1719 2873 1769 2911 ad
1786 2872 1854 2910 hos

234 2937 379 2974 fratres
397 2936 541 2974 referri
560 2938 760 2974 videntur:
785 2937 940 2974 «Lucas
960 2937 1148 2980 Polonus,
1169 2940 1364 2984 quantum
1383 2935 1617 2984 conijcimus
1634 2932 1681 2971 20
1709 2942 1854 2970 annum

236 2998 303 3034 vix
330 3001 399 3033 aut
426 2995 561 3043 attigit
597 3002 666 3033 aut
698 2997 882 3034 excessit.
913 2995 986 3033 Est
1014 2995 1167 3033 familia
1193 2995 1338 3033 nobilis
1356 3008 1402 3033 ac
1421 2995 1534 3032 diues
1552 2994 1681 3030 altero
1699 2991 1857 3029 orbatus

237 3060 451 3104 parente...
