1908 3446
221 210 291 248 376
712 213 931 251 LlTTERAE
958 214 1050 259 QUA
1059 225 1317 251 DR1MEsrRES

177 312 231 351 de
263 315 411 365 elapso
442 316 749 367 quadrimestri
780 316 1104 355 desiderentur.
1148 316 1452 367 [Imperitiam
1480 320 1695 367 excusat]
1728 319 1802 358 Su·
1842 350 1846 362 ,
1902 315 1907 349 ἶ

176 398 271 424 mus
291 386 333 424 in
363 388 448 425 hoc
479 388 669 439 collegio
702 400 884 426 numero
919 387 1169 435 duodecim,
1204 388 1366 427 Patres
1397 388 1605 439 quinque,
1639 389 1805 440 reliqui
1842 367 1847 457 ς
1902 417 1908 420 -·

168 456 352 508 fratres
373 466 405 505 a,
430 472 613 509 quorum
649 473 760 497 vnus
794 460 866 510 qui
903 464 945 497 et
966 460 985 484 b
1007 459 1299 510 phylosophia
1334 465 1378 497 et
1400 467 1416 485 c
1436 461 1665 511 theologia
1693 462 1803 512 plus·
1843 459 1862 524 j
1903 471 1908 493 11

176 541 303 579 quam
335 530 618 568 mediocriter
647 531 852 582 profecit,
882 532 964 569 iam
986 531 1070 569 iam
1092 529 1146 568 ad
1169 543 1319 569 sacros
1343 532 1534 580 ordines,
1557 533 1652 570 Deo
1676 533 1802 582 duce,
1852 527 1854 530 ’
1904 528 1908 564 ’ᾗ

175 600 522 650 promouebitur.
546 601 712 639 Omnes
736 614 939 652 corpore,
965 602 1047 640 Dei
1069 601 1284 649 bonitate,
1310 603 1520 645 valemus.
1545 608 1590 641 et
1610 608 1657 641 ut
1688 604 1804 654 spiri-

177 676 223 708 tu
246 671 444 721 ejusdem
467 673 642 710 Domini
662 672 803 723 gratia
824 674 1065 720 valeamus,
1084 686 1172 711 non
1189 673 1365 712 minima
1385 675 1635 713 sollicitudo
1661 683 1742 723 est,
1761 681 1806 714 ut
1846 663 1849 668 ’
1905 692 1908 700 r

179 748 222 780 et
244 744 425 794 regulae
448 751 681 782 seruentur
706 750 749 782 et
780 750 952 796 tempus
984 745 1251 796 assignatum
1285 746 1472 784 orationi
1500 746 1729 794 tribuatur,
1764 753 1807 786 et

179 818 223 851 ut
248 814 530 853 obedientiae
548 815 789 863 deferatur,
816 817 948 866 atque
970 816 989 841 d
1010 817 1209 855 humane
1231 817 1481 863 deficientes
1501 817 1652 856 solitis
1674 831 1806 857 reme-

180 884 270 923 diis
292 885 597 925 adizfmantur.
622 887 755 925 Dedit
777 888 819 926 in
840 888 906 925 his
929 888 1141 925 Dominus
1162 888 1426 938 profectum,
1461 894 1506 926 et
1537 889 1629 927 eius
1660 889 1805 928 diuino

179 957 339 996 auxilio
372 970 597 1008 speramus
624 959 735 1006 fore,
761 965 807 998 ut
829 960 870 997 in
893 959 986 997 dies
1008 960 1146 1010 magis
1168 966 1383 1011 augeatur
1404 960 1445 998 in
1469 961 1682 999 omnibus.
1708 961 1806 1000 Om-

178 1041 257 1067 nes
279 1029 512 1068 domestici
534 1031 757 1069 charitatis
780 1036 1016 1069 nectuntur
1037 1043 1202 1079 amore,
1234 1044 1319 1082 quo
1353 1033 1483 1071 etiam
1516 1038 1725 1072 externos
1755 1033 1807 1072 ad

179 1100 262 1138 Dei
293 1101 456 1139 cultum
479 1099 702 1140 adducere
725 1106 948 1153 satagunt3
973 1108 1017 1140 et
1040 1101 1156 1140 circa
1176 1103 1257 1142 hos
1279 1104 1462 1153 quilibet
1485 1117 1539 1142 ex
1560 1105 1723 1142 nostris
1744 1117 1807 1143 se-

180 1171 369 1210 cundum
392 1173 674 1212 commissum
698 1173 780 1212 sibi
801 1187 825 1212 a
846 1173 1035 1212 Domino
1064 1174 1279 1213 talentum
1311 1181 1355 1214 et
1387 1175 1667 1215 obedientiae
1698 1176 1807 1215 ordi-

177 1255 278 1282 nem
301 1249 553 1294 occupatur.

234 1326 271 1354 2.
334 1316 455 1354 Multi
492 1316 546 1354 ad
581 1330 661 1356 nos
695 1324 711 1341 e
749 1330 802 1355 ex
838 1318 1056 1356 nobilibus
1087 1319 1098 1343 f
1124 1318 1356 1366 accedunt,
1393 1320 1629 1371 praecipue
1664 1325 1808 1359 autem

180 1387 401 1426 foeminae
422 1387 678 1436 nobiliores,
705 1394 750 1426 ut
771 1394 954 1440 peccata
978 1391 1287 1430 confiteantur.
1311 1392 1519 1430 Nonnulli
1539 1392 1806 1444 frequenter,

180 1459 454 1510 frequentius
475 1464 623 1498 tamen
645 1460 687 1498 in
708 1461 1023 1499 iestiuitatibus
1046 1462 1401 1509 solemnioribus;
1421 1468 1464 1501 et
1484 1462 1527 1501 in
1547 1464 1614 1502 his
1635 1464 1808 1515 quidem

181 1536 326 1569 tantus
347 1532 462 1569 solet
485 1544 584 1570 esse
606 1545 684 1583 per
706 1532 800 1570 dies
822 1533 989 1583 aliquot
1010 1533 1149 1573 etiam
1170 1540 1272 1573 ante
1300 1534 1462 1573 festum
1493 1537 1654 1574 nostris
1684 1537 1808 1575 confi-

180 1603 265 1641 teri
294 1601 639 1641 desiderantium
671 1617 925 1652 concursus,
960 1610 1006 1643 ut
1037 1605 1407 1644 confessariorum
1436 1620 1643 1645 numerus
1678 1620 1809 1658 saepe

182 1674 373 1722 deficiat,
407 1680 453 1712 vt
484 1675 547 1713 sic
576 1676 700 1713 multi
731 1681 938 1715 votorum
960 1677 1150 1728 impotes
1171 1685 1194 1710 g
1215 1690 1301 1716 vno
1325 1677 1396 1716 die
1429 1678 1655 1727 recedant,
1687 1685 1734 1717 ut
1762 1679 1810 1718 in
1863 1695 1868 1718 .1

180 1746 265 1785 alio
288 1746 307 1770 h
331 1745 500 1797 copiam
522 1746 715 1785 habeant
737 1748 1012 1798 confessarij.
1037 1748 1169 1797 Quod
1191 1754 1235 1787 et
1265 1749 1307 1787 in
1337 1750 1419 1788 hac
1449 1749 1691 1789 lestiuitate
1723 1764 1809 1790 om-

180 1817 297 1855 nium
328 1823 579 1855 sanctorum
603 1818 766 1865 euenit,
791 1819 833 1857 in
855 1832 939 1870 qua
959 1820 1167 1870 permulti
1188 1821 1512 1860 sanctissimum
1534 1822 1697 1861 Christi
1718 1836 1808 1862 cor-

180 1902 260 1939 pus
280 1889 323 1926 in
343 1892 492 1927 nostra
513 1895 791 1939 sumpserunt
820 1890 1026 1938 ecclesia3
1049 1892 1411 1943 permaximeque
1446 1892 1488 1931 in
1517 1892 1673 1931 diebus
1704 1893 1809 1932 iubi-

183 1959 240 1998 lei
260 1960 271 1985 i
299 1960 412 1998 solet
432 1960 627 1998 euenire.
647 1960 793 2011 Atque
811 1962 853 2000 in
870 1963 957 2000 hoc
975 1963 1216 2002 confitendi
1237 1964 1257 1988 k
1278 1976 1461 2003 munere
1480 1964 1698 2004 credimus
1715 1966 1808 2004 Deo

185 2031 349 2082 optimo
381 2030 392 2055 ¹
436 2044 523 2069 non
554 2031 841 2072 mediocriter
873 2033 1097 2073 inseruirz'
1125 2042 1171 2082 ¹1¹,
1195 2039 1286 2073 tum
1307 2041 1488 2087 propter
1509 2037 1743 2074 multorum
1770 2037 1810 2074 in

185 2103 336 2154 spiritu
357 2102 620 2154 profectum,
644 2107 735 2141 tum
769 2104 899 2143 etiam
931 2106 1032 2156 quia
1062 2119 1160 2145 cum
1192 2106 1329 2158 gratis
1361 2112 1405 2145 et
1441 2120 1594 2146 omnes
1623 2108 1810 2146 libenter

184 2175 399 2223 audimus,
423 2186 641 2226 personae
663 2178 975 2227 pauperculae,
999 2190 1111 2229 quae
1133 2179 1187 2217 ab
1209 2178 1302 2217 aliis
1323 2191 1410 2217 non
1432 2179 1494 2217 sic
1523 2178 1710 2218 libenter
1739 2179 1809 2218 ad-

185 2248 431 2296 mittuntur,
456 2249 510 2287 ad
531 2263 612 2288 nos
635 2250 862 2288 confluunt
886 2255 930 2287 et
952 2262 1049 2288 cum
1073 2250 1379 2289 consolatione
1400 2250 1626 2290 recedunt.

237 2331 275 2368 3.
338 2322 492 2359 Patres
526 2321 581 2359 ad
615 2320 872 2360 inuisendos
902 2322 1097 2360 infirmos
1130 2327 1175 2360 et
1203 2321 1489 2373 agonizantes
1511 2323 1718 2361 accersiri
1745 2335 1811 2360 so-

186 2392 294 2440 lent;
316 2390 370 2430 ad
391 2392 509 2442 quod
532 2406 686 2431 munus
708 2392 858 2432 vocati
879 2393 1115 2444 diligenter
1137 2398 1386 2441 accurrunt3
1414 2393 1682 2432 infirmorum
1711 2406 1810 2445 pau-

184 2477 338 2514 perum
372 2463 548 2503 domum
583 2464 650 2503 bis
685 2465 865 2516 singulis
901 2464 1190 2504 hebdomadis
1225 2465 1365 2505 Pater
1385 2472 1406 2490 ¹²
1440 2465 1615 2517 quidam
1649 2465 1808 2513 inuisit‚

187 2548 354 2586 eosque
377 2541 421 2575 et
442 2537 662 2576 consolari
684 2542 882 2585 conatur,
908 2540 952 2575 et
974 2535 1207 2588 aliquando
1238 2549 1391 2575 eorum
1423 2537 1542 2575 audit
1574 2536 1811 2576 confessio-

186 2619 279 2654 nes,
314 2612 358 2646 et
386 2608 616 2647 nonnullas
646 2621 701 2647 ex
724 2609 869 2647 multis
890 2614 1010 2648 retro
1033 2609 1171 2656 annis,
1194 2608 1313 2659 quod
1335 2608 1449 2659 apud
1471 2620 1695 2647 carcerem
1711 2607 1811 2658 plu-

187 2677 278 2718 ries
299 2686 317 2704 ⁰
346 2678 576 2731 contingit3
609 2692 740 2731 quem
771 2680 922 2732 vtique
953 2680 1099 2719 locum
1129 2692 1240 2719 vnus
1277 2692 1331 2718 ex
1367 2678 1567 2718 Patribus
1601 2679 1739 2718 semel
1770 2679 1812 2717 in
1872 2702 1877 2710 -

233 2853 254 2873 a
302 2866 352 2890 ex
371 2853 429 2891 eis
447 2853 625 2901 quinque
644 2853 889 2890 sacerdotes.
954 2855 1020 2879 —b
1041 2852 1094 2890 in.
1161 2859 1225 2879 —c
1245 2852 1300 2889 in.
1366 2853 1433 2878 ——d
1456 2851 1650 2890 Obscura
1678 2853 1808 2890 lectio.

188 2921 254 2940 -θ
298 2912 436 2950 etiam.
497 2913 557 2938 —f
594 2912 718 2948 etiam
760 2912 806 2958 (Ρ)
848 2912 973 2950 delet.
1038 2920 1109 2947 -,g
1146 2911 1332 2950 Emend.
1382 2922 1433 2949 ex
1467 2912 1714 2957 incompotes
1753 2911 1809 2956 (Ρ).

189 2974 255 2999 -h
288 2972 424 3010 Prius
453 2972 557 3009 aliis.
623 2972 681 2998 —i
719 2972 769 3008 id.
837 2973 903 2997 —k
936 2971 1121 3009 Emend.
1155 2982 1206 3009 ex
1230 2971 1525 3009 confitentium.
1593 2971 1650 2996 —1
1689 2971 1812 3008 max.⁰

189 3041 268 3059 -m
294 3031 496 3069 mediocre
515 3030 754 3078 obsequium
771 3031 962 3079 impendi.
1016 3039 1085 3057 -Π
1106 3044 1155 3069 ex
1173 3031 1268 3068 nris.
1322 3037 1389 3057 —0
1409 3042 1545 3078 saepe.
