<?xml version="1.0" encoding="UTF-8"?>
<!DOCTYPE html PUBLIC "-//W3C//DTD XHTML 1.0 Transitional//EN"
    "http://www.w3.org/TR/xhtml1/DTD/xhtml1-transitional.dtd">
<html xmlns="http://www.w3.org/1999/xhtml" xml:lang="en" lang="en">
 <head>
  <title>
</title>
<meta http-equiv="Content-Type" content="text/html;charset=utf-8" />
  <meta name='ocr-system' content='tesseract 3.04.00' />
  <meta name='ocr-capabilities' content='ocr_page ocr_carea ocr_par ocr_line ocrx_word'/>
</head>
<body>
  <div class='ocr_page' id='page_1' title='image "./litteraequadrime1806lain_0733.png"; bbox 0 0 1908 3446; ppageno 0'>
   <div class='ocr_carea' id='block_1_1' title="bbox 0 1982 23 3446">
    <p class='ocr_par' dir='ltr' id='par_1_1' title="bbox 0 1982 23 3446">
     <span class='ocr_line' id='line_1_1' title="bbox 0 1982 23 3446; baseline 0 0"><span class='ocrx_word' id='word_1_1' title='bbox 0 1982 23 3446; x_wconf 95' lang='lat' dir='ltr'> </span> 
     </span>
    </p>
   </div>
   <div class='ocr_carea' id='block_1_2' title="bbox 588 211 1725 249">
    <p class='ocr_par' dir='ltr' id='par_1_2' title="bbox 588 211 1725 249">
     <span class='ocr_line' id='line_1_2' title="bbox 588 211 1725 249; baseline -0.001 -1"><span class='ocrx_word' id='word_1_2' title='bbox 588 211 953 249; x_wconf 30' lang='lat' dir='ltr'>*looffiMoNAcfflo</span> <span class='ocrx_word' id='word_1_3' title='bbox 977 211 1000 247; x_wconf 99' lang='lat'>6</span> <span class='ocrx_word' id='word_1_4' title='bbox 1027 211 1217 248; x_wconf 70' lang='lat' dir='ltr'>Aut-,usn</span> <span class='ocrx_word' id='word_1_5' title='bbox 1249 211 1336 247; x_wconf 75' lang='lat'>1560</span> <span class='ocrx_word' id='word_1_6' title='bbox 1656 212 1725 249; x_wconf 82' lang='lat'>713</span> 
     </span>
    </p>
   </div>
   <div class='ocr_carea' id='block_1_3' title="bbox 148 312 1775 1578">
    <p class='ocr_par' dir='ltr' id='par_1_3' title="bbox 148 312 1775 1578">
     <span class='ocr_line' id='line_1_3' title="bbox 151 312 1771 367; baseline 0 -16"><span class='ocrx_word' id='word_1_7' title='bbox 151 314 233 352; x_wconf 68' lang='lat' dir='ltr'>sint</span> <span class='ocrx_word' id='word_1_8' title='bbox 257 328 440 367; x_wconf 84' lang='lat' dir='ltr'>magnae</span> <span class='ocrx_word' id='word_1_9' title='bbox 464 315 670 353; x_wconf 85' lang='lat' dir='ltr'>iuuenum</span> <span class='ocrx_word' id='word_1_10' title='bbox 694 312 982 361; x_wconf 67' lang='lat' dir='ltr'>multitudiuis</span> <span class='ocrx_word' id='word_1_11' title='bbox 1005 326 1203 363; x_wconf 46' lang='lat' dir='ltr'>capace&amp;</span> <span class='ocrx_word' id='word_1_12' title='bbox 1229 314 1283 351; x_wconf 91' lang='lat' dir='ltr'>M.</span> <span class='ocrx_word' id='word_1_13' title='bbox 1305 314 1520 352; x_wconf 75' lang='lat' dir='ltr'>Henricus</span> <span class='ocrx_word' id='word_1_14' title='bbox 1540 315 1771 364; x_wconf 72' lang='lat' dir='ltr'>Dionysius</span> 
     </span>
     <span class='ocr_line' id='line_1_4' title="bbox 152 384 1772 435; baseline 0.001 -14"><span class='ocrx_word' id='word_1_15' title='bbox 152 385 552 435; x_wconf 76' lang='lat' dir='ltr'>frequentissimum</span> <span class='ocrx_word' id='word_1_16' title='bbox 585 399 635 423; x_wconf 86' lang='lat' dir='ltr'>ac</span> <span class='ocrx_word' id='word_1_17' title='bbox 672 385 1007 422; x_wconf 60' lang='lat' dir='ltr'>celeberrimum</span> <span class='ocrx_word' id='word_1_18' title='bbox 1040 385 1173 421; x_wconf 82' lang='lat' dir='ltr'>habet</span> <span class='ocrx_word' id='word_1_19' title='bbox 1207 384 1485 427; x_wconf 66' lang='lat' dir='ltr'>auditorium,</span> <span class='ocrx_word' id='word_1_20' title='bbox 1520 385 1617 422; x_wconf 55' lang='lat' dir='ltr'>(lum</span> <span class='ocrx_word' id='word_1_21' title='bbox 1650 385 1772 423; x_wconf 76' lang='lat' dir='ltr'>festis</span> 
     </span>
     <span class='ocr_line' id='line_1_5' title="bbox 150 455 1773 504; baseline 0 -10"><span class='ocrx_word' id='word_1_22' title='bbox 150 469 200 493; x_wconf 87' lang='lat' dir='ltr'>ac</span> <span class='ocrx_word' id='word_1_23' title='bbox 231 457 363 494; x_wconf 78' lang='lat' dir='ltr'>sacris</span> <span class='ocrx_word' id='word_1_24' title='bbox 393 456 548 494; x_wconf 84' lang='lat' dir='ltr'>diebus</span> <span class='ocrx_word' id='word_1_25' title='bbox 579 456 620 493; x_wconf 84' lang='lat' dir='ltr'>in</span> <span class='ocrx_word' id='word_1_26' title='bbox 658 468 826 493; x_wconf 81' lang='lat' dir='ltr'>summo</span> <span class='ocrx_word' id='word_1_27' title='bbox 861 456 1025 504; x_wconf 79' lang='lat' dir='ltr'>templo</span> <span class='ocrx_word' id='word_1_28' title='bbox 1063 455 1363 493; x_wconf 86' lang='lat' dir='ltr'>concionatur.</span> <span class='ocrx_word' id='word_1_29' title='bbox 1404 456 1511 504; x_wconf 62' lang='lat' dir='ltr'>Quis</span> <span class='ocrx_word' id='word_1_30' title='bbox 1542 460 1687 493; x_wconf 84' lang='lat' dir='ltr'>autem</span> <span class='ocrx_word' id='word_1_31' title='bbox 1720 456 1773 494; x_wconf 84' lang='lat' dir='ltr'>sit</span> 
     </span>
     <span class='ocr_line' id='line_1_6' title="bbox 150 526 1771 577; baseline 0 -13"><span class='ocrx_word' id='word_1_32' title='bbox 150 527 275 565; x_wconf 88' lang='lat' dir='ltr'>huius</span> <span class='ocrx_word' id='word_1_33' title='bbox 299 527 486 566; x_wconf 87' lang='lat' dir='ltr'>ciuitatis</span> <span class='ocrx_word' id='word_1_34' title='bbox 508 533 662 574; x_wconf 80' lang='lat' dir='ltr'>status,</span> <span class='ocrx_word' id='word_1_35' title='bbox 687 527 792 565; x_wconf 88' lang='lat' dir='ltr'>item</span> <span class='ocrx_word' id='word_1_36' title='bbox 815 527 909 576; x_wconf 84' lang='lat' dir='ltr'>alijs</span> <span class='ocrx_word' id='word_1_37' title='bbox 932 526 985 563; x_wconf 86' lang='lat' dir='ltr'>de</span> <span class='ocrx_word' id='word_1_38' title='bbox 1005 527 1150 572; x_wconf 78' lang='lat' dir='ltr'>rebus,</span> <span class='ocrx_word' id='word_1_39' title='bbox 1175 527 1270 575; x_wconf 86' lang='lat' dir='ltr'>alijs</span> <span class='ocrx_word' id='word_1_40' title='bbox 1287 527 1423 564; x_wconf 86' lang='lat' dir='ltr'>literis</span> <span class='ocrx_word' id='word_1_41' title='bbox 1443 528 1643 577; x_wconf 58' lang='lat' dir='ltr'>expmuj,</span> <span class='ocrx_word' id='word_1_42' title='bbox 1663 540 1771 577; x_wconf 64' lang='lat' dir='ltr'>quae</span> 
     </span>
     <span class='ocr_line' id='line_1_7' title="bbox 152 596 1771 636; baseline -0.001 0"><span class='ocrx_word' id='word_1_43' title='bbox 152 611 247 636; x_wconf 86' lang='lat' dir='ltr'>cum</span> <span class='ocrx_word' id='word_1_44' title='bbox 270 599 335 636; x_wconf 76' lang='lat' dir='ltr'>his</span> <span class='ocrx_word' id='word_1_45' title='bbox 358 599 585 636; x_wconf 85' lang='lat' dir='ltr'>mittuntur</span> <span class='ocrx_word' id='word_1_46' title='bbox 609 601 635 636; x_wconf 83' lang='lat'>¹.</span> <span class='ocrx_word' id='word_1_47' title='bbox 662 598 873 636; x_wconf 78' lang='lat' dir='ltr'>Dominus</span> <span class='ocrx_word' id='word_1_48' title='bbox 896 599 1014 635; x_wconf 80' lang='lat' dir='ltr'>Deus</span> <span class='ocrx_word' id='word_1_49' title='bbox 1046 610 1122 634; x_wconf 80' lang='lat' dir='ltr'>sua</span> <span class='ocrx_word' id='word_1_50' title='bbox 1145 596 1378 635; x_wconf 86' lang='lat' dir='ltr'>clementia</span> <span class='ocrx_word' id='word_1_51' title='bbox 1407 598 1460 635; x_wconf 88' lang='lat' dir='ltr'>ad</span> <span class='ocrx_word' id='word_1_52' title='bbox 1492 603 1652 635; x_wconf 80' lang='lat' dir='ltr'>tautam</span> <span class='ocrx_word' id='word_1_53' title='bbox 1687 600 1771 635; x_wconf 83' lang='lat' dir='ltr'>col-</span> 
     </span>
     <span class='ocr_line' id='line_1_8' title="bbox 150 669 1772 721; baseline -0.002 -13"><span class='ocrx_word' id='word_1_54' title='bbox 150 671 295 721; x_wconf 73' lang='lat' dir='ltr'>lapsae</span> <span class='ocrx_word' id='word_1_55' title='bbox 320 670 583 709; x_wconf 72' lang='lat' dir='ltr'>Germaniae</span> <span class='ocrx_word' id='word_1_56' title='bbox 618 670 788 707; x_wconf 87' lang='lat' dir='ltr'>uineam</span> <span class='ocrx_word' id='word_1_57' title='bbox 820 669 1073 719; x_wconf 74' lang='lat' dir='ltr'>erigendam</span> <span class='ocrx_word' id='word_1_58' title='bbox 1110 674 1152 706; x_wconf 93' lang='lat' dir='ltr'>et</span> <span class='ocrx_word' id='word_1_59' title='bbox 1185 669 1472 707; x_wconf 77' lang='lat' dir='ltr'>excolendam</span> <span class='ocrx_word' id='word_1_60' title='bbox 1502 675 1772 719; x_wconf 68' lang='lat' dir='ltr'>opportunos</span> 
     </span>
     <span class='ocr_line' id='line_1_9' title="bbox 149 738 1772 791; baseline -0.001 -13"><span class='ocrx_word' id='word_1_61' title='bbox 149 741 340 780; x_wconf 83' lang='lat' dir='ltr'>artifices</span> <span class='ocrx_word' id='word_1_62' title='bbox 376 747 505 791; x_wconf 77' lang='lat' dir='ltr'>atque</span> <span class='ocrx_word' id='word_1_63' title='bbox 549 740 788 778; x_wconf 70' lang='lat' dir='ltr'>industrios</span> <span class='ocrx_word' id='word_1_64' title='bbox 826 741 1050 790; x_wconf 78' lang='lat' dir='ltr'>operarios</span> <span class='ocrx_word' id='word_1_65' title='bbox 1092 740 1267 777; x_wconf 87' lang='lat' dir='ltr'>mittere</span> <span class='ocrx_word' id='word_1_66' title='bbox 1307 738 1526 790; x_wconf 77' lang='lat' dir='ltr'>dignetur.</span> <span class='ocrx_word' id='word_1_67' title='bbox 1564 740 1772 777; x_wconf 71' lang='lat' dir='ltr'>Audimus·</span> 
     </span>
     <span class='ocr_line' id='line_1_10' title="bbox 150 810 1771 863; baseline -0.002 -12"><span class='ocrx_word' id='word_1_68' title='bbox 150 812 385 863; x_wconf 79' lang='lat' dir='ltr'>collegium</span> <span class='ocrx_word' id='word_1_69' title='bbox 403 817 664 850; x_wconf 85' lang='lat' dir='ltr'>treuerense</span> <span class='ocrx_word' id='word_1_70' title='bbox 696 811 915 849; x_wconf 86' lang='lat' dir='ltr'>foeliciter</span> <span class='ocrx_word' id='word_1_71' title='bbox 940 810 1162 862; x_wconf 79' lang='lat' dir='ltr'>progredi,</span> <span class='ocrx_word' id='word_1_72' title='bbox 1188 811 1453 861; x_wconf 83' lang='lat' dir='ltr'>domumque</span> <span class='ocrx_word' id='word_1_73' title='bbox 1482 812 1708 860; x_wconf 82' lang='lat' dir='ltr'>instaurarj</span> <span class='ocrx_word' id='word_1_74' title='bbox 1732 811 1771 848; x_wconf 81' lang='lat' dir='ltr'>in</span> 
     </span>
     <span class='ocr_line' id='line_1_11' title="bbox 148 882 1772 922; baseline -0.001 -1"><span class='ocrx_word' id='word_1_75' title='bbox 148 884 327 922; x_wconf 77' lang='lat' dir='ltr'><strong>fratrum</strong></span> <span class='ocrx_word' id='word_1_76' title='bbox 351 883 607 921; x_wconf 82' lang='lat' dir='ltr'>aduentum.</span> <span class='ocrx_word' id='word_1_77' title='bbox 633 884 678 922; x_wconf 87' lang='lat' dir='ltr'>Si</span> <span class='ocrx_word' id='word_1_78' title='bbox 700 883 803 920; x_wconf 86' lang='lat' dir='ltr'>illud</span> <span class='ocrx_word' id='word_1_79' title='bbox 825 883 930 921; x_wconf 86' lang='lat' dir='ltr'>item</span> <span class='ocrx_word' id='word_1_80' title='bbox 950 889 993 920; x_wconf 87' lang='lat' dir='ltr'>et</span> <span class='ocrx_word' id='word_1_81' title='bbox 1016 883 1271 920; x_wconf 86' lang='lat' dir='ltr'>louaniense</span> <span class='ocrx_word' id='word_1_82' title='bbox 1293 882 1377 919; x_wconf 78' lang='lat' dir='ltr'>fixa</span> <span class='ocrx_word' id='word_1_83' title='bbox 1400 883 1607 920; x_wconf 75' lang='lat' dir='ltr'>iecissent</span> <span class='ocrx_word' id='word_1_84' title='bbox 1624 882 1772 920; x_wconf 77' lang='lat' dir='ltr'>funda-</span> 
     </span>
     <span class='ocr_line' id='line_1_12' title="bbox 150 954 1771 1005; baseline 0 -13"><span class='ocrx_word' id='word_1_85' title='bbox 150 962 310 1002; x_wconf 84' lang='lat' dir='ltr'>menta,</span> <span class='ocrx_word' id='word_1_86' title='bbox 336 955 600 993; x_wconf 76' lang='lat' dir='ltr'><strong>duceremur</strong></span> <span class='ocrx_word' id='word_1_87' title='bbox 633 954 931 993; x_wconf 81' lang='lat' dir='ltr'>subleuandae</span> <span class='ocrx_word' id='word_1_88' title='bbox 953 955 1079 993; x_wconf 87' lang='lat' dir='ltr'>huius</span> <span class='ocrx_word' id='word_1_89' title='bbox 1108 955 1361 1005; x_wconf 88' lang='lat' dir='ltr'>prouinciae</span> <span class='ocrx_word' id='word_1_90' title='bbox 1392 955 1445 1004; x_wconf 65' lang='grc' dir='ltr'>(ἓ)</span> <span class='ocrx_word' id='word_1_91' title='bbox 1477 962 1494 979; x_wconf 63' lang='lat'>²¹</span> <span class='ocrx_word' id='word_1_92' title='bbox 1530 968 1604 1004; x_wconf 72' lang='lat' dir='ltr'>spe</span> <span class='ocrx_word' id='word_1_93' title='bbox 1642 956 1771 1005; x_wconf 44' lang='lat' dir='ltr'>longi¹</span> 
     </span>
     <span class='ocr_line' id='line_1_13' title="bbox 150 1026 1773 1077; baseline -0.001 -12"><span class='ocrx_word' id='word_1_94' title='bbox 150 1028 350 1065; x_wconf 80' lang='lat' dir='ltr'>maxima.</span> <span class='ocrx_word' id='word_1_95' title='bbox 373 1027 650 1077; x_wconf 73' lang='lat' dir='ltr'>Quicumque</span> <span class='ocrx_word' id='word_1_96' title='bbox 671 1032 816 1065; x_wconf 87' lang='lat' dir='ltr'>autem</span> <span class='ocrx_word' id='word_1_97' title='bbox 840 1027 1014 1077; x_wconf 86' lang='lat' dir='ltr'>collegij</span> <span class='ocrx_word' id='word_1_98' title='bbox 1038 1026 1173 1074; x_wconf 83' lang='lat' dir='ltr'>nostrj</span> <span class='ocrx_word' id='word_1_99' title='bbox 1195 1026 1433 1064; x_wconf 71' lang='lat' dir='ltr'>obseruant</span> <span class='ocrx_word' id='word_1_100' title='bbox 1454 1026 1658 1064; x_wconf 82' lang='lat' dir='ltr'>foelicem</span> <span class='ocrx_word' id='word_1_101' title='bbox 1677 1040 1773 1076; x_wconf 79' lang='lat' dir='ltr'>pro-</span> 
     </span>
     <span class='ocr_line' id='line_1_14' title="bbox 149 1097 1774 1148; baseline 0 -13"><span class='ocrx_word' id='word_1_102' title='bbox 149 1110 362 1148; x_wconf 81' lang='lat' dir='ltr'>gressum,</span> <span class='ocrx_word' id='word_1_103' title='bbox 389 1102 432 1136; x_wconf 85' lang='lat' dir='ltr'>et</span> <span class='ocrx_word' id='word_1_104' title='bbox 454 1098 736 1144; x_wconf 80' lang='lat' dir='ltr'>admirantur,</span> <span class='ocrx_word' id='word_1_105' title='bbox 762 1103 805 1135; x_wconf 91' lang='lat' dir='ltr'>et</span> <span class='ocrx_word' id='word_1_106' title='bbox 824 1099 919 1136; x_wconf 89' lang='lat' dir='ltr'>Deo</span> <span class='ocrx_word' id='word_1_107' title='bbox 943 1097 1044 1148; x_wconf 87' lang='lat' dir='ltr'>Opt.</span> <span class='ocrx_word' id='word_1_108' title='bbox 1066 1099 1179 1136; x_wconf 84' lang='lat' dir='ltr'>Max.</span> <span class='ocrx_word' id='word_1_109' title='bbox 1212 1098 1374 1148; x_wconf 86' lang='lat' dir='ltr'>gratias</span> <span class='ocrx_word' id='word_1_110' title='bbox 1396 1097 1628 1136; x_wconf 71' lang='lat' dir='ltr'>immensas</span> <span class='ocrx_word' id='word_1_111' title='bbox 1664 1098 1774 1135; x_wconf 82' lang='lat' dir='ltr'>refe-</span> 
     </span>
     <span class='ocr_line' id='line_1_15' title="bbox 150 1169 1775 1221; baseline -0.001 -14"><span class='ocrx_word' id='word_1_112' title='bbox 150 1175 248 1208; x_wconf 89' lang='lat' dir='ltr'>runt</span> <span class='ocrx_word' id='word_1_113' title='bbox 269 1183 346 1221; x_wconf 91' lang='lat' dir='ltr'>pro</span> <span class='ocrx_word' id='word_1_114' title='bbox 371 1170 592 1207; x_wconf 83' lang='lat' dir='ltr'>uberrima</span> <span class='ocrx_word' id='word_1_115' title='bbox 613 1169 829 1208; x_wconf 89' lang='lat' dir='ltr'>donorum</span> <span class='ocrx_word' id='word_1_116' title='bbox 853 1182 1029 1207; x_wconf 79' lang='lat' dir='ltr'>suorum</span> <span class='ocrx_word' id='word_1_117' title='bbox 1052 1170 1298 1220; x_wconf 74' lang='lat' dir='ltr'>largitione,</span> <span class='ocrx_word' id='word_1_118' title='bbox 1329 1182 1440 1220; x_wconf 84' lang='lat' dir='ltr'>quae</span> <span class='ocrx_word' id='word_1_119' title='bbox 1463 1169 1516 1207; x_wconf 80' lang='lat' dir='ltr'>ad</span> <span class='ocrx_word' id='word_1_120' title='bbox 1539 1169 1775 1219; x_wconf 66' lang='lat' dir='ltr'>discipulos</span> 
     </span>
     <span class='ocr_line' id='line_1_16' title="bbox 150 1240 1774 1292; baseline -0.001 -13"><span class='ocrx_word' id='word_1_121' title='bbox 150 1253 286 1292; x_wconf 87' lang='lat' dir='ltr'>usque</span> <span class='ocrx_word' id='word_1_122' title='bbox 305 1253 481 1278; x_wconf 84' lang='lat' dir='ltr'>manare</span> <span class='ocrx_word' id='word_1_123' title='bbox 501 1240 720 1278; x_wconf 86' lang='lat' dir='ltr'>uidentur.</span> <span class='ocrx_word' id='word_1_124' title='bbox 742 1241 977 1278; x_wconf 87' lang='lat' dir='ltr'>Precamur</span> <span class='ocrx_word' id='word_1_125' title='bbox 993 1252 1108 1278; x_wconf 91' lang='lat' dir='ltr'>nunc</span> <span class='ocrx_word' id='word_1_126' title='bbox 1125 1240 1261 1291; x_wconf 89' lang='lat' dir='ltr'>(quod</span> <span class='ocrx_word' id='word_1_127' title='bbox 1279 1240 1491 1291; x_wconf 87' lang='lat' dir='ltr'>reliquum</span> <span class='ocrx_word' id='word_1_128' title='bbox 1516 1242 1600 1289; x_wconf 83' lang='lat' dir='ltr'>est)</span> <span class='ocrx_word' id='word_1_129' title='bbox 1633 1241 1774 1292; x_wconf 76' lang='lat' dir='ltr'>singu-</span> 
     </span>
     <span class='ocr_line' id='line_1_17' title="bbox 149 1310 1773 1363; baseline 0 -13"><span class='ocrx_word' id='word_1_130' title='bbox 149 1313 192 1361; x_wconf 91' lang='lat' dir='ltr'>lj,</span> <span class='ocrx_word' id='word_1_131' title='bbox 213 1318 257 1350; x_wconf 92' lang='lat' dir='ltr'>ut</span> <span class='ocrx_word' id='word_1_132' title='bbox 278 1318 321 1350; x_wconf 89' lang='lat' dir='ltr'>et</span> <span class='ocrx_word' id='word_1_133' title='bbox 339 1313 389 1351; x_wconf 88' lang='lat' dir='ltr'>V.</span> <span class='ocrx_word' id='word_1_134' title='bbox 410 1313 459 1350; x_wconf 84' lang='lat' dir='ltr'>R.</span> <span class='ocrx_word' id='word_1_135' title='bbox 481 1310 762 1350; x_wconf 84' lang='lat' dir='ltr'>Paternitatis</span> <span class='ocrx_word' id='word_1_136' title='bbox 780 1311 980 1349; x_wconf 89' lang='lat' dir='ltr'>iuuemur</span> <span class='ocrx_word' id='word_1_137' title='bbox 997 1311 1216 1362; x_wconf 82' lang='lat' dir='ltr'>precibus,</span> <span class='ocrx_word' id='word_1_138' title='bbox 1239 1316 1281 1349; x_wconf 85' lang='lat' dir='ltr'>et</span> <span class='ocrx_word' id='word_1_139' title='bbox 1295 1313 1487 1359; x_wconf 84' lang='lat' dir='ltr'>Patrum,</span> <span class='ocrx_word' id='word_1_140' title='bbox 1507 1313 1773 1363; x_wconf 75' lang='lat' dir='ltr'>fratrumque</span> 
     </span>
     <span class='ocr_line' id='line_1_18' title="bbox 150 1383 1773 1435; baseline -0.001 -12"><span class='ocrx_word' id='word_1_141' title='bbox 150 1385 340 1423; x_wconf 86' lang='lat' dir='ltr'>omnium</span> <span class='ocrx_word' id='word_1_142' title='bbox 362 1384 433 1433; x_wconf 86' lang='lat' dir='ltr'>qui</span> <span class='ocrx_word' id='word_1_143' title='bbox 455 1383 585 1421; x_wconf 85' lang='lat' dir='ltr'>isthic</span> <span class='ocrx_word' id='word_1_144' title='bbox 608 1389 951 1431; x_wconf 78' lang='lat' dir='ltr'>commorantur,</span> <span class='ocrx_word' id='word_1_145' title='bbox 990 1390 1036 1421; x_wconf 92' lang='lat' dir='ltr'>ut</span> <span class='ocrx_word' id='word_1_146' title='bbox 1059 1396 1155 1422; x_wconf 87' lang='lat' dir='ltr'>cum</span> <span class='ocrx_word' id='word_1_147' title='bbox 1178 1396 1336 1435; x_wconf 88' lang='lat' dir='ltr'>magno</span> <span class='ocrx_word' id='word_1_148' title='bbox 1359 1384 1600 1422; x_wconf 87' lang='lat' dir='ltr'>animorum</span> <span class='ocrx_word' id='word_1_149' title='bbox 1622 1385 1773 1423; x_wconf 88' lang='lat' dir='ltr'>foeno-</span> 
     </span>
     <span class='ocr_line' id='line_1_19' title="bbox 149 1454 1572 1507; baseline 0 -13"><span class='ocrx_word' id='word_1_150' title='bbox 149 1470 195 1494; x_wconf 85' lang='lat' dir='ltr'>re</span> <span class='ocrx_word' id='word_1_151' title='bbox 218 1456 351 1494; x_wconf 88' lang='lat' dir='ltr'>uitam</span> <span class='ocrx_word' id='word_1_152' title='bbox 372 1461 566 1494; x_wconf 86' lang='lat' dir='ltr'>nostram</span> <span class='ocrx_word' id='word_1_153' title='bbox 590 1454 883 1494; x_wconf 82' lang='lat' dir='ltr'>traducamus.</span> <span class='ocrx_word' id='word_1_154' title='bbox 909 1455 1122 1494; x_wconf 90' lang='lat' dir='ltr'>Coloniae</span> <span class='ocrx_word' id='word_1_155' title='bbox 1150 1456 1262 1504; x_wconf 77' lang='lat'>1560.</span> <span class='ocrx_word' id='word_1_156' title='bbox 1289 1456 1349 1504; x_wconf 68' lang='grc' dir='ltr'>5.ἱι</span> <span class='ocrx_word' id='word_1_157' title='bbox 1371 1456 1572 1507; x_wconf 84' lang='lat' dir='ltr'>Augusti.</span> 
     </span>
     <span class='ocr_line' id='line_1_20' title="bbox 230 1527 847 1578; baseline -0.002 -12"><span class='ocrx_word' id='word_1_158' title='bbox 230 1529 278 1567; x_wconf 80' lang='lat' dir='ltr'>R.</span> <span class='ocrx_word' id='word_1_159' title='bbox 304 1529 349 1566; x_wconf 86' lang='lat' dir='ltr'>P.</span> <span class='ocrx_word' id='word_1_160' title='bbox 372 1528 424 1565; x_wconf 92' lang='lat' dir='ltr'>V.</span> <span class='ocrx_word' id='word_1_161' title='bbox 451 1540 606 1566; x_wconf 89' lang='lat' dir='ltr'>seruus</span> <span class='ocrx_word' id='word_1_162' title='bbox 628 1527 847 1578; x_wconf 87' lang='lat' dir='ltr'>indignus,</span> 
     </span>
    </p>
   </div>
   <div class='ocr_carea' id='block_1_4' title="bbox 999 1654 1612 1703">
    <p class='ocr_par' dir='ltr' id='par_1_4' title="bbox 999 1654 1612 1703">
     <span class='ocr_line' id='line_1_21' title="bbox 999 1654 1612 1703; baseline 0.002 -12"><span class='ocrx_word' id='word_1_163' title='bbox 999 1658 1017 1699; x_wconf 72' lang='lat'><strong>†</strong></span> <span class='ocrx_word' id='word_1_164' title='bbox 1051 1654 1302 1692; x_wconf 77' lang='lat' dir='ltr'><strong>LEONARDUS</strong></span> <span class='ocrx_word' id='word_1_165' title='bbox 1334 1654 1498 1692; x_wconf 76' lang='lat' dir='ltr'>KESSEL</span> <span class='ocrx_word' id='word_1_166' title='bbox 1529 1656 1555 1703; x_wconf 77' lang='lat'><strong>†</strong></span> <span class='ocrx_word' id='word_1_167' title='bbox 1587 1654 1612 1691; x_wconf 75' lang='lat'>².</span> 
     </span>
    </p>
   </div>
   <div class='ocr_carea' id='block_1_5' title="bbox 229 1735 674 1788">
    <p class='ocr_par' dir='ltr' id='par_1_5' title="bbox 229 1735 674 1788">
     <span class='ocr_line' id='line_1_22' title="bbox 229 1735 674 1788; baseline 0.002 -14"><span class='ocrx_word' id='word_1_168' title='bbox 229 1735 390 1788; x_wconf 68' lang='lat' dir='ltr'>sigilli</span> <span class='ocrx_word' id='word_1_169' title='bbox 412 1736 674 1787; x_wconf 76' lang='lat' dir='ltr'>vestigium.</span> 
     </span>
    </p>
   </div>
   <div class='ocr_carea' id='block_1_6' title="bbox 493 1916 1430 2108">
    <p class='ocr_par' dir='ltr' id='par_1_6' title="bbox 493 1916 1430 2108">
     <span class='ocr_line' id='line_1_23' title="bbox 913 1916 1030 1966; baseline 0 0"><span class='ocrx_word' id='word_1_170' title='bbox 913 1916 1030 1966; x_wconf 70' lang='lat'>400</span> 
     </span>
     <span class='ocr_line' id='line_1_24' title="bbox 493 2058 1430 2108; baseline 0.002 -4"><span class='ocrx_word' id='word_1_171' title='bbox 493 2059 544 2104; x_wconf 86' lang='grc' dir='ltr'>Ρ.</span> <span class='ocrx_word' id='word_1_172' title='bbox 584 2058 1079 2107; x_wconf 84' lang='lat' dir='ltr'><strong>THEODORICUS</strong></span> <span class='ocrx_word' id='word_1_173' title='bbox 1114 2059 1430 2108; x_wconf 81' lang='lat' dir='ltr'><strong>CANISIUS</strong></span> 
     </span>
    </p>
   </div>
   <div class='ocr_carea' id='block_1_7' title="bbox 638 2174 1276 2210">
    <p class='ocr_par' dir='ltr' id='par_1_7' title="bbox 638 2174 1276 2210">
     <span class='ocr_line' id='line_1_25' title="bbox 638 2174 1276 2210; baseline 0.003 -2"><span class='ocrx_word' id='word_1_174' title='bbox 638 2183 851 2210; x_wconf 75' lang='lat' dir='ltr'>MONAcmo</span> <span class='ocrx_word' id='word_1_175' title='bbox 877 2174 900 2209; x_wconf 88' lang='lat'>6</span> <span class='ocrx_word' id='word_1_176' title='bbox 927 2183 1105 2210; x_wconf 78' lang='lat' dir='ltr'>AUGUSTI</span> <span class='ocrx_word' id='word_1_177' title='bbox 1138 2174 1226 2210; x_wconf 72' lang='lat'>1560</span> <span class='ocrx_word' id='word_1_178' title='bbox 1252 2175 1276 2209; x_wconf 76' lang='lat'>³.</span> 
     </span>
    </p>
   </div>
   <div class='ocr_carea' id='block_1_8' title="bbox 149 2273 1776 2525">
    <p class='ocr_par' dir='ltr' id='par_1_8' title="bbox 149 2273 1776 2525">
     <span class='ocr_line' id='line_1_26' title="bbox 149 2273 1776 2326; baseline -0.001 -12"><span class='ocrx_word' id='word_1_179' title='bbox 149 2277 180 2314; x_wconf 84' lang='lat'>1.</span> <span class='ocrx_word' id='word_1_180' title='bbox 219 2273 462 2314; x_wconf 74' lang='lat' dir='ltr'>Sociorum</span> <span class='ocrx_word' id='word_1_181' title='bbox 497 2286 730 2321; x_wconf 71' lang='lat' dir='ltr'>numerus,</span> <span class='ocrx_word' id='word_1_182' title='bbox 769 2275 1099 2326; x_wconf 74' lang='lat' dir='ltr'>occupationes.</span> <span class='ocrx_word' id='word_1_183' title='bbox 1140 2274 1400 2315; x_wconf 73' lang='lat' dir='ltr'>Domestica</span> <span class='ocrx_word' id='word_1_184' title='bbox 1436 2274 1678 2326; x_wconf 76' lang='lat' dir='ltr'>disciplina</span> <span class='ocrx_word' id='word_1_185' title='bbox 1716 2274 1776 2313; x_wconf 86' lang='lat' dir='ltr'>vi-</span> 
     </span>
     <span class='ocr_line' id='line_1_27' title="bbox 223 2338 1776 2393; baseline 0 -15"><span class='ocrx_word' id='word_1_186' title='bbox 223 2338 445 2390; x_wconf 60' lang='lat' dir='ltr'>gens—2.</span> <span class='ocrx_word' id='word_1_187' title='bbox 471 2340 520 2378; x_wconf 92' lang='lat' dir='ltr'>P.</span> <span class='ocrx_word' id='word_1_188' title='bbox 546 2339 844 2380; x_wconf 76' lang='lat' dir='ltr'>Stevordiam&#39;</span> <span class='ocrx_word' id='word_1_189' title='bbox 865 2341 1110 2389; x_wconf 77' lang='lat' dir='ltr'>contiones,</span> <span class='ocrx_word' id='word_1_190' title='bbox 1134 2354 1382 2392; x_wconf 76' lang='lat' dir='ltr'>earumque</span> <span class='ocrx_word' id='word_1_191' title='bbox 1412 2341 1621 2393; x_wconf 70' lang='lat' dir='ltr'>copiosus</span> <span class='ocrx_word' id='word_1_192' title='bbox 1643 2341 1776 2392; x_wconf 71' lang='lat' dir='ltr'>sruc-</span> 
     </span>
     <span class='ocr_line' id='line_1_28' title="bbox 227 2405 1776 2459; baseline 0 -15"><span class='ocrx_word' id='word_1_193' title='bbox 227 2405 412 2446; x_wconf 77' lang='lat' dir='ltr'>tus.—3.</span> <span class='ocrx_word' id='word_1_194' title='bbox 451 2405 767 2458; x_wconf 79' lang='lat' dir='ltr'>Confessiones</span> <span class='ocrx_word' id='word_1_195' title='bbox 793 2406 1213 2458; x_wconf 77' lang='lat' dir='ltr'>frequentissimae.</span> <span class='ocrx_word' id='word_1_196' title='bbox 1251 2407 1514 2459; x_wconf 74' lang='lat' dir='ltr'>Complures</span> <span class='ocrx_word' id='word_1_197' title='bbox 1549 2407 1691 2446; x_wconf 80' lang='lat' dir='ltr'>vitam</span> <span class='ocrx_word' id='word_1_198' title='bbox 1729 2406 1776 2444; x_wconf 70' lang='lat' dir='ltr'>iu</span> 
     </span>
     <span class='ocr_line' id='line_1_29' title="bbox 227 2471 1776 2525; baseline -0.001 -14"><span class='ocrx_word' id='word_1_199' title='bbox 227 2471 387 2512; x_wconf 79' lang='lat' dir='ltr'>melius</span> <span class='ocrx_word' id='word_1_200' title='bbox 418 2473 614 2519; x_wconf 72' lang='lat' dir='ltr'><em>mutant,</em></span> <span class='ocrx_word' id='word_1_201' title='bbox 650 2472 854 2523; x_wconf 80' lang='lat' dir='ltr'>aliosque</span> <span class='ocrx_word' id='word_1_202' title='bbox 885 2475 944 2511; x_wconf 83' lang='lat' dir='ltr'>ad</span> <span class='ocrx_word' id='word_1_203' title='bbox 975 2473 1304 2524; x_wconf 77' lang='lat' dir='ltr'>confessionem</span> <span class='ocrx_word' id='word_1_204' title='bbox 1320 2474 1590 2525; x_wconf 76' lang='lat' dir='ltr'>pertrahere</span> <span class='ocrx_word' id='word_1_205' title='bbox 1612 2486 1776 2512; x_wconf 77' lang='lat' dir='ltr'>conan-</span> 
     </span>
    </p>
   </div>
   <div class='ocr_carea' id='block_1_9' title="bbox 262 2649 385 2654">
    <p class='ocr_par' dir='ltr' id='par_1_9' title="bbox 262 2649 385 2654">
     <span class='ocr_line' id='line_1_30' title="bbox 262 2649 385 2654; baseline 0 0"><span class='ocrx_word' id='word_1_206' title='bbox 262 2649 385 2654; x_wconf 95' lang='lat' dir='ltr'> </span> 
     </span>
    </p>
   </div>
   <div class='ocr_carea' id='block_1_10' title="bbox 196 2660 495 2706">
    <p class='ocr_par' dir='ltr' id='par_1_10' title="bbox 196 2660 495 2706">
     <span class='ocr_line' id='line_1_31' title="bbox 196 2660 495 2706; baseline 0 -10"><span class='ocrx_word' id='word_1_207' title='bbox 196 2660 216 2679; x_wconf 82' lang='lat' dir='ltr'>a</span> <span class='ocrx_word' id='word_1_208' title='bbox 266 2661 393 2706; x_wconf 86' lang='lat' dir='ltr'>priae.</span> <span class='ocrx_word' id='word_1_209' title='bbox 415 2670 495 2696; x_wconf 89' lang='lat' dir='ltr'>ms.</span> 
     </span>
    </p>
   </div>
   <div class='ocr_carea' id='block_1_11' title="bbox 194 2828 1458 2935">
    <p class='ocr_par' dir='ltr' id='par_1_11' title="bbox 194 2828 1458 2935">
     <span class='ocr_line' id='line_1_32' title="bbox 194 2828 1458 2877; baseline 0.002 -12"><span class='ocrx_word' id='word_1_210' title='bbox 194 2830 203 2849; x_wconf 96' lang='lat'>¹</span> <span class='ocrx_word' id='word_1_211' title='bbox 257 2828 343 2865; x_wconf 86' lang='lat' dir='ltr'>Eae</span> <span class='ocrx_word' id='word_1_212' title='bbox 362 2841 452 2866; x_wconf 85' lang='lat' dir='ltr'>esse</span> <span class='ocrx_word' id='word_1_213' title='bbox 472 2828 671 2874; x_wconf 87' lang='lat' dir='ltr'>videntur,</span> <span class='ocrx_word' id='word_1_214' title='bbox 693 2842 793 2876; x_wconf 86' lang='lat' dir='ltr'>quas</span> <span class='ocrx_word' id='word_1_215' title='bbox 812 2829 936 2867; x_wconf 85' lang='lat' dir='ltr'>edidit</span> <span class='ocrx_word' id='word_1_216' title='bbox 955 2830 1145 2875; x_wconf 76' lang='lat' dir='ltr'>HANSEN‚</span> <span class='ocrx_word' id='word_1_217' title='bbox 1166 2831 1193 2867; x_wconf 93' lang='lat' dir='ltr'>l.</span> <span class='ocrx_word' id='word_1_218' title='bbox 1214 2843 1263 2875; x_wconf 72' lang='lat' dir='ltr'>c..</span> <span class='ocrx_word' id='word_1_219' title='bbox 1285 2830 1354 2867; x_wconf 78' lang='lat'>364</span> <span class='ocrx_word' id='word_1_220' title='bbox 1373 2843 1458 2877; x_wconf 91' lang='lat' dir='ltr'>sqq.</span> 
     </span>
     <span class='ocr_line' id='line_1_33' title="bbox 195 2887 1107 2935; baseline 0.003 -11"><span class='ocrx_word' id='word_1_221' title='bbox 195 2889 207 2907; x_wconf 82' lang='lat'><em>²</em></span> <span class='ocrx_word' id='word_1_222' title='bbox 258 2887 366 2925; x_wconf 85' lang='lat' dir='ltr'>Vide</span> <span class='ocrx_word' id='word_1_223' title='bbox 385 2888 489 2925; x_wconf 86' lang='lat' dir='ltr'><em>Lz‘tt.</em></span> <span class='ocrx_word' id='word_1_224' title='bbox 511 2888 763 2935; x_wconf 79' lang='lat' dir='ltr'>Quadrim.‚</span> <span class='ocrx_word' id='word_1_225' title='bbox 788 2889 839 2933; x_wconf 79' lang='lat' dir='ltr'>V,</span> <span class='ocrx_word' id='word_1_226' title='bbox 861 2891 895 2931; x_wconf 70' lang='lat'>4,</span> <span class='ocrx_word' id='word_1_227' title='bbox 917 2894 1053 2928; x_wconf 81' lang='lat' dir='ltr'>annot.</span> <span class='ocrx_word' id='word_1_228' title='bbox 1074 2890 1107 2927; x_wconf 84' lang='lat'>3.</span> 
     </span>
    </p>
   </div>
   <div class='ocr_carea' id='block_1_12' title="bbox 149 2952 1775 3061">
    <p class='ocr_par' dir='ltr' id='par_1_12' title="bbox 149 2952 1775 3061">
     <span class='ocr_line' id='line_1_34' title="bbox 193 2952 1775 3002; baseline 0.002 -13"><span class='ocrx_word' id='word_1_229' title='bbox 193 2954 205 2973; x_wconf 79' lang='lat'>³</span> <span class='ocrx_word' id='word_1_230' title='bbox 258 2952 318 2990; x_wconf 83' lang='lat' dir='ltr'>Ex</span> <span class='ocrx_word' id='word_1_231' title='bbox 336 2958 496 3000; x_wconf 85' lang='lat' dir='ltr'>autogr.</span> <span class='ocrx_word' id='word_1_232' title='bbox 518 2953 558 2990; x_wconf 90' lang='lat' dir='ltr'>in</span> <span class='ocrx_word' id='word_1_233' title='bbox 576 2953 661 2990; x_wconf 89' lang='lat' dir='ltr'>cod.</span> <span class='ocrx_word' id='word_1_234' title='bbox 682 2954 824 2992; x_wconf 85' lang='lat' dir='ltr'>Germ.</span> <span class='ocrx_word' id='word_1_235' title='bbox 847 2954 941 2998; x_wconf 79' lang='lat'>139,</span> <span class='ocrx_word' id='word_1_236' title='bbox 963 2953 1003 2991; x_wconf 80' lang='lat' dir='ltr'>ff.</span> <span class='ocrx_word' id='word_1_237' title='bbox 1026 2955 1083 2996; x_wconf 85' lang='grc'>31,</span> <span class='ocrx_word' id='word_1_238' title='bbox 1104 2955 1163 3002; x_wconf 85' lang='grc'>32;</span> <span class='ocrx_word' id='word_1_239' title='bbox 1196 2955 1307 3002; x_wconf 88' lang='lat' dir='ltr'>prius</span> <span class='ocrx_word' id='word_1_240' title='bbox 1342 2955 1419 3000; x_wconf 78' lang='lat'>156,</span> <span class='ocrx_word' id='word_1_241' title='bbox 1454 2955 1517 2991; x_wconf 79' lang='lat'>157</span> <span class='ocrx_word' id='word_1_242' title='bbox 1543 2955 1642 3000; x_wconf 84' lang='grc'>(124,</span> <span class='ocrx_word' id='word_1_243' title='bbox 1682 2954 1775 2997; x_wconf 80' lang='grc'>125),</span> 
     </span>
     <span class='ocr_line' id='line_1_35' title="bbox 149 3013 958 3061; baseline 0.002 -11"><span class='ocrx_word' id='word_1_244' title='bbox 149 3013 194 3051; x_wconf 93' lang='lat' dir='ltr'>In</span> <span class='ocrx_word' id='word_1_245' title='bbox 212 3013 351 3061; x_wconf 90' lang='lat' dir='ltr'>paucis</span> <span class='ocrx_word' id='word_1_246' title='bbox 369 3014 468 3052; x_wconf 89' lang='lat' dir='ltr'>locis</span> <span class='ocrx_word' id='word_1_247' title='bbox 487 3027 510 3052; x_wconf 87' lang='lat' dir='ltr'>a</span> <span class='ocrx_word' id='word_1_248' title='bbox 529 3013 710 3053; x_wconf 85' lang='lat' dir='ltr'>Polanco</span> <span class='ocrx_word' id='word_1_249' title='bbox 729 3015 958 3052; x_wconf 88' lang='lat' dir='ltr'>emendata.</span> 
     </span>
    </p>
   </div>
  </div>
 </body>
</html>
