1908 3446
494 223 784 261 Sur—MONTE
812 224 950 261 REG10
975 223 998 260 7
1023 222 1259 259 FEBRUARH
1288 222 1379 259 1560
1640 220 1709 257 517

117 330 301 374 quatuor
323 326 453 377 igitur
474 324 696 363 tradendis
724 325 1033 376 grammaticae
1065 325 1312 375 praeceptis
1343 325 1629 372 stringuntur,
1654 336 1754 360 mox

115 396 289 447 quintus
311 403 386 442 3³1¹
416 396 696 446 physicorum
728 397 882 434 librum
914 396 1118 446 explicat,
1154 401 1305 433 sextus
1336 396 1509 433 demum
1542 408 1668 433 casus
1700 395 1753 431 (lc

98 467 399 513 -conscientia‚
432 468 656 504 materiam
689 468 858 505 scilicet
880 467 935 505 de
957 467 1162 517 coniugio
1196 467 1347 509 dietae
1370 466 1411 503 in
1433 479 1560 516 quam
1591 466 1753 504 conflu‘

115 543 191 575 unt
212 538 341 589 aliqui
362 538 580 589 paroecijs
602 539 829 588 praefecti.
864 540 992 576 Pater
1028 543 1175 576 rector
1213 541 1221 559 ¹
1258 539 1296 575 in
1331 539 1632 584 concionibus,
1666 538 1753 575 col-

114 609 361 660 loquijsque
385 610 648 660 spiritalibus
672 622 827 660 magna
850 623 903 648 ex
925 615 1048 660 parte
1070 616 1242 659 tempus
1265 610 1469 647 conterit.

165 690 203 718 2.
265 681 481 719 Numerus
504 682 871 719 scholasticorum
893 681 1007 731 (Deo
1030 681 1187 731 gratia)
1209 681 1250 718 in
1272 681 1365 719 dies
1388 681 1524 731 magis
1546 685 1746 730 augetur,

112 751 183 802 qui
206 752 401 789 crebrius
424 765 501 790 sua
522 753 738 803 detegunt
760 753 955 802 peccata3
978 753 1161 802 quanuis
1190 756 1439 790 nostrorum
1464 753 1649 802 exiguus
1678 765 1751 788 nu—

112 834 257 860 merus
280 823 478 861 omnibus
501 824 754 862 satisfacere
784 825 949 874 nequit.
973 825 1029 862 Vt
1053 837 1203 862 omnes
1225 824 1359 862 sacris
1380 824 1596 871 intersint,
1622 823 1750 861 enixe

112 894 306 943 magistri
328 894 430 931 dant
454 907 646 945 operam,
671 896 876 945 quoniam
897 895 996 934 hinc
1018 895 1402 933 nonscholasticis
1433 895 1581 941 modo,
1606 895 1684 932 sed
1707 899 1751 931 et

109 964 279 1015 regioni
301 966 418 1003 omni
439 966 593 1016 ingens
625 967 902 1004 commodum
933 967 1238 1017 proficiscitur.
1262 967 1371 1004 Nam
1403 967 1444 1003 in
1476 967 1630 1014 stuslijs
1653 978 1748 1003 cum

109 1036 335 1075 audiendis
367 1038 500 1075 sacris
531 1044 801 1086 assuescant,
834 1043 991 1089 postea
1019 1039 1201 1088 patriam
1233 1044 1498 1085 remeantes,
1523 1042 1565 1075 et
1589 1038 1667 1087 ipsi
1690 1037 1748 1075 in-

110 1114 293 1155 tersunt,
328 1114 371 1146 et
402 1114 563 1160 patres,
597 1123 790 1157 sorores,
825 1110 955 1148 vicini
991 1109 1191 1148 intersint
1226 1110 1477 1148 admonent.
1501 1110 1545 1147 Si
1575 1109 1746 1159 quando

107 1184 312 1229 parentes
335 1181 404 1218 vel
427 1180 497 1229 alij
521 1181 735 1228 deierant,
770 1181 1021 1219 scholastici
1058 1194 1135 1219 eos
1166 1181 1403 1231 corrigunt.
1425 1180 1579 1218 Solent
1603 1185 1646 1217 et
1669 1180 1745 1230 ipsi

108 1251 337 1289 studentes
367 1251 454 1289 hoc
482 1252 756 1301 potissimum
787 1258 986 1303 tempore
1020 1253 1295 1290 christianam
1327 1252 1568 1290 doctrinam
1599 1258 1617 1276 a
1652 1250 1747 1299 alijs

105 1320 392 1359 inscientibus
429 1335 669 1372 exponere.
696 1323 821 1360 Adeo
853 1323 895 1361 id
927 1324 1064 1374 uiget,
1098 1329 1145 1361 vt
1178 1336 1395 1374 pauperes
1425 1336 1502 1372 per
1532 1323 1656 1360 vicos
1687 1322 1745 1359 in-

108 1392 395 1430 structionem
412 1393 524 1430 hanc
541 1393 819 1431 christianam
843 1394 1129 1431 decantantes
1161 1394 1395 1432 corradunt
1413 1394 1491 1431 toti
1517 1406 1619 1431 sane
1641 1394 1745 1430 heb-

107 1463 321 1502 domadae
344 1465 502 1511 cibum,
527 1463 697 1503 scilicet
718 1478 874 1516 panem
896 1464 1131 1515 tiphacium
1153 1464 1180 1513 ²,
1200 1465 1271 1515 qui
1292 1466 1491 1503 nimirum
1513 1465 1745 1515 peculiaris

106 1534 232 1573 huius
254 1535 449 1586 regionis
470 1536 696 1574 hominum
720 1542 786 1574 est
809 1536 945 1583 cibus,
970 1538 1041 1588 qui
1063 1537 1236 1588 quando
1257 1537 1455 1587 opiparas
1484 1550 1635 1587 parare
1673 1537 1743 1575 da-

104 1619 182 1656 pes
203 1607 413 1657 gestiunt,
437 1607 542 1646 folia
561 1621 761 1658 raparum
784 1614 976 1659 coquunt
999 1610 1178 1658 porcino
1202 1609 1328 1659 adipe
1352 1609 1536 1646 immiso.

157 1688 195 1724 3.
256 1678 384 1716 Domi
404 1679 470 1728 (vt
491 1679 595 1717 alias
618 1679 788 1729 scripsi)
809 1686 885 1726 3.m
908 1681 960 1718 D.
980 1680 1176 1717 Thomae
1199 1685 1366 1730 partem
1389 1679 1443 1717 de
1466 1684 1740 1717 sacramento

94 1750 395 1792 ‚eucharistiae
417 1751 586 1801 legunt;
618 1756 751 1789 nocte
773 1750 986 1802 repetitur
1017 1752 1167 1799 lectio3
1200 1752 1233 1789 si
1265 1752 1382 1802 quod
1414 1752 1591 1789 dubium
1614 1752 1741 1789 alicui

104 1832 151 1858 se
175 1820 320 1867 offert,
343 1822 562 1872 proponit.
588 1822 828 1860 Dominicis
851 1823 981 1860 etiam
1013 1822 1167 1860 diebus
1194 1823 1409 1860 habentur
1431 1823 1496 1869 (vt
1519 1822 1651 1860 moris
1674 1827 1741 1859 est

104 1891 357 1941 Societatis)
383 1892 642 1942 positiones,
676 1893 826 1931 Mense
856 1893 1003 1943 itaque
1033 1894 1266 1931 Decembri
1298 1893 1509 1930 subtinuit
1534 1893 1624 1942 [sic]
1650 1893 1739 1943 qui-

105 1961 200 1999 dam
225 1975 279 2000 ex
314 1963 491 2009 nostris,
525 1976 683 2014 magno
717 1964 907 2001 omnium
937 1965 1159 2014 applausu,
1191 1964 1385 2014 publicas
1414 1964 1736 2002 conclusiones.

105 2034 236 2083 Quod
265 2032 440 2084 quidem
470 2035 556 2073 hoc
586 2048 723 2086 regno
756 2041 800 2074 et
830 2035 1070 2073 inauditum
1102 2041 1146 2073 et
1177 2037 1345 2074 cunctis
1373 2041 1543 2087 gratum
1575 2035 1735 2073 extitit.

104 2105 418 2144 Conuenerunt
440 2118 495 2144 ex
516 2106 708 2144 finitimis
732 2106 871 2157 opidis
902 2107 1102 2158 theologi
1125 2112 1169 2144 et
1190 2107 1424 2157 iurisperiti
1446 2108 1647 2157 (quorum
1671 2111 1737 2144 est

103 2176 228 2227 copia
248 2177 334 2215 hoc
355 2177 396 2214 in
418 2182 579 2225 castro,
613 2178 713 2228 quia
742 2178 877 2215 totius
909 2179 1141 2216 comitatus
1163 2178 1233 2217 hic
1256 2178 1420 2216 residet
1442 2178 1649 2216 iuridicus
1671 2190 1736 2215 se-

101 2247 261 2298 natus),
293 2253 421 2286 acute
452 2253 709 2299 argumenta
736 2254 1074 2299 proposuerunt.
1108 2249 1334 2300 Agebatur
1365 2250 1479 2287 enim
1508 2249 1550 2287 in
1577 2249 1659 2286 illis
1681 2247 1735 2286 de

101 2319 395 2367 restitutione,
419 2319 672 2367 homicidio,
696 2320 868 2371 legibus
892 2325 936 2358 et
957 2320 1134 2367 iudici03
1158 2321 1363 2358 materies
1384 2320 1559 2371 quidem
1580 2332 1735 2370 perne-

103 2390 291 2428 cessaria
306 2390 371 2428 his
392 2382 562 2430 inc‘olis.
589 2392 789 2441 Quatuor
810 2391 992 2442 integris
1013 2392 1132 2430 horis
1149 2397 1501 2443 argumentatum
1521 2391 1616 2429 fuit.
1641 2392 1734 2429 Pla-

103 2461 190 2498 cuit
224 2463 620 2512 argumentantium
650 2462 888 2513 ingenium,
925 2463 1262 2514 propugnatoris
1285 2463 1498 2510 doctrina,
1523 2463 1733 2513 praesidis

100 2532 218 2571 acies
246 2538 292 2571 et
312 2532 533 2573 iudicium.
565 2534 655 2572 Sed
689 2535 802 2572 inter
832 2535 942 2573 haec
971 2535 1133 2585 placuit
1163 2535 1380 2573 modestia
1408 2540 1660 2573 nostrorum
1689 2533 1731 2572 in

85 2603 425 2654 respondendo,
458 2610 589 2656 atque
620 2605 840 2656 quoddam
871 2607 1136 2657 colloquium
1158 2606 1546 2656 interloquentium
1574 2618 1730 2656 puero-

144 2796 163 2816 a
213 2797 488 2835 doctrinanam
513 2809 592 2836 ms.

148 2971 156 2991 ¹
210 2970 254 3006 P.
269 2969 451 3017 Joannes
469 2970 518 3007 de
538 2969 865 3008 Valderrabano.

147 3029 161 3049 ²
213 3029 392 3067 Videtur
411 3029 724 3076 intelligendum
743 3031 894 3075 secale,
914 3043 987 3068 seu
1006 3038 1235 3071 centenum.
