1908 3446
207 257 274 293 490
654 258 870 295 LlTTERAE
898 259 1256 304 QUADmMESTREs

158 359 271 395 ribus
295 361 379 396 suis
401 358 636 409 discipulis,
662 367 706 397 ut
729 361 845 398 dorni
867 374 971 398 suae
994 375 1070 412 pro
1100 375 1146 399 se
1177 363 1359 414 quisque
1390 366 1634 406 doctrinam
1666 369 1773 406 chri-

155 430 333 466 stianam
357 430 557 476 edoceat,
584 443 679 468 cum
702 438 906 480 parentes
929 438 972 469 et
994 432 1150 470 fratres
1172 440 1217 472 et
1239 448 1430 483 sorores,
1469 438 1503 475 si
1534 439 1771 487 nescirent,

156 506 243 537 tum
267 501 394 537 etiam
419 514 569 538 omnes
601 515 703 539 suos
733 502 965 541 familiare>=
998 507 1040 539 et
1071 502 1357 553 domesticos;
1379 509 1497 557 quod
1526 509 1700 559 quidem
1729 515 1773 549 et

155 571 349 620 discipuli
379 577 601 621 praestant
631 572 878 622 diligenter,
913 578 956 611 et
986 574 1081 611 fieri
1110 588 1197 613 non
1227 577 1319 616 sine
1350 581 1486 617 multo
1519 580 1773 620 christiano-

155 654 245 678 rum
268 641 497 679 commodo
521 642 749 679 credimus.
776 643 888 681 Octo
910 646 1016 681 sunt
1038 646 1308 695 sacerdotes,
1342 649 1505 699 quippe
1536 650 1614 700 qui
1647 653 1773 690 naui-

155 714 220 750 ter
242 726 294 750 ac
315 713 508 750 studiose
530 714 570 750 in
589 714 890 753 confessiones
908 716 1146 754 audiendas
1167 718 1435 768 incumbunt,
1454 733 1598 771 neque
1620 736 1730 762 uero
1754 731 1773 749 a

156 784 256 820 satis
291 784 485 821 omnibus
519 783 847 833 poenitentibus
879 786 1026 824 facere
1060 793 1259 838 possunt,
1296 792 1367 840 qui
1402 792 1577 842 quidem
1612 794 1654 831 in
1674 807 1771 832 nos-

154 860 262 892 trum
304 855 536 904 collegium
578 855 764 905 undique
807 857 1074 896 conueniunt
1113 864 1243 909 atque
1285 863 1525 910 confluunt3
1567 869 1612 902 et
1650 864 1773 903 festis

154 930 270 963 certe
294 925 446 963 diebus
468 932 598 975 atque
622 927 957 974 solennioribus,
990 929 1171 980 saepius
1185 944 1309 979 sane,
1333 936 1461 983 saepe
1481 934 1502 959 b
1527 936 1771 974 confitenti-

152 996 229 1032 bus
253 1003 268 1019 Ε
299 996 545 1045 neutiquam
577 996 776 1034 satisfieri
794 1002 955 1047 potest,
978 1000 1226 1049 Quinimmo
1256 1003 1452 1054 plerique
1483 1004 1618 1043 multi
1645 1020 1770 1057 prop-

152 1073 217 1104 ter
253 1079 489 1104 nnmerum
515 1067 724 1117 gentium
754 1070 794 1106 et
836 1069 1171 1118 multitudinem,
1219 1081 1543 1115 sacrosanctam
1573 1079 1769 1127 synaxim

153 1143 273 1175 extra
294 1137 467 1176 domum
502 1146 694 1177 nostram
717 1141 973 1190 suscipiunt3
996 1142 1043 1181 id
1064 1147 1183 1194 quod
1204 1147 1355 1185 tamen
1390 1146 1437 1185 in
1467 1149 1772 1189 celeberrimis

148 1209 417 1258 praesertim
452 1211 605 1250 diebus
641 1225 724 1256 usn
760 1215 897 1253 uenit.
931 1215 1076 1266 Atque
1109 1217 1239 1255 etiam
1273 1231 1362 1257 non
1395 1221 1523 1271 pauci
1554 1227 1667 1269 sunt,
1700 1222 1772 1273 qui

153 1292 246 1318 cum
268 1287 400 1319 antea.
422 1282 441 1306 d
466 1283 665 1321 confiteri
694 1298 781 1323 non
810 1287 1049 1336 potuerint,
1082 1293 1239 1338 postea
1259 1289 1539 1330 nihilominus
1562 1293 1771 1331 confiten-

152 1357 218 1388 tur
241 1353 356 1390 etad
386 1354 702 1393 sanctissimum
733 1362 1052 1396 sacramentum
1085 1361 1318 1401 accedunt.
1353 1361 1484 1410 Quod
1514 1363 1693 1413 quidem
1722 1367 1771 1403 ut

150 1421 243 1469 fiat,
267 1422 383 1461 nihil
405 1426 464 1462 est
481 1424 686 1476 profecto
710 1427 840 1465 alind
862 1427 909 1467 in
937 1442 1093 1476 causa,
1131 1430 1224 1469 nisi
1244 1432 1449 1472 maxima
1478 1433 1770 1473 assiduorum

146 1492 454 1542 poenitentium
476 1496 711 1534 celebritas
732 1499 771 1536 et
792 1499 936 1549 copia.
976 1500 1192 1540 Numerus
1215 1507 1361 1541 autem
1384 1517 1537 1543 eorum
1558 1505 1631 1556 qui
1653 1511 1769 1544 octa-

151 1576 205 1601 uo
227 1577 399 1614 quoque
417 1565 502 1612 die,
522 1566 787 1619 singulisque
810 1569 1048 1609 Dominicis
1066 1570 1220 1610 diebus
1237 1575 1573 1614 sacratissimam
1596 1582 1770 1614 sumunt

152 1636 468 1683 eucharistiam,
499 1639 695 1676 ascendit
722 1640 815 1678 fere
851 1655 1023 1692 semper
1053 1644 1106 1681 ad
1138 1649 1364 1684 trecentos
1397 1645 1513 1685 uiros
1545 1653 1589 1685 et
1619 1648 1769 1686 mulie-

151 1718 234 1743 res:
267 1707 293 1755 ij
326 1719 430 1744 uero
462 1709 532 1759 qui
567 1709 712 1760 primis
748 1713 907 1751 mensis
938 1713 1166 1753 dominicis
1198 1715 1352 1755 diebus
1382 1718 1499 1756 idem
1528 1724 1766 1769 praestant,

148 1790 371 1816 numerum
393 1793 505 1829 pene
529 1781 726 1820 obtinent
747 1783 1179 1836 quadringentorum.
1207 1788 1262 1825 At
1284 1789 1398 1827 enim
1420 1789 1492 1840 qui
1519 1790 1768 1829 celebriori-

150 1848 229 1885 bus
251 1849 334 1886 hoc
355 1850 491 1899 ipsum
519 1852 642 1890 festis
673 1854 827 1892 diebus
856 1855 1034 1903 faciunt,
1067 1857 1120 1894 ad
1151 1859 1532 1910 septingentorum
1564 1867 1608 1899 et
1637 1863 1768 1901 inter-

149 1918 248 1957 dum
271 1921 619 1972 octingentorum
650 1938 785 1976 prope
821 1940 1048 1966 numerum
1079 1930 1355 1979 perueniunt.
1390 1930 1667 1982 Quinetiam,
1700 1932 1768 1984 (ut

149 1989 315 2028 dictum
337 1994 398 2030 est
417 1994 641 2045 superius)
656 1996 869 2036 nonnulli
888 2001 1008 2046 sunt,
1033 1999 1112 2049 qni
1134 2001 1203 2039 uel
1226 2003 1344 2050 ante,
1364 2004 1413 2040 ut
1434 2003 1566 2042 illum
1589 2005 1766 2043 tantum

149 2063 319 2099 coetum
341 2063 548 2111 deuitent,
569 2066 652 2104 hoc
672 2068 949 2107 sacritissimo
971 2071 1364 2123 saluberrimoque
1386 2074 1482 2113 cibo
1504 2078 1764 2121 nascuntur,

149 2131 218 2168 uel
240 2134 354 2171 certe
371 2136 527 2182 postea
545 2139 735 2186 propter
764 2152 922 2179 eorum
948 2141 1195 2191 penu-riam
1217 2143 1298 2193 qui
1326 2144 1492 2184 talium
1522 2146 1765 2198 confessio-

149 2214 224 2240 nes
244 2205 402 2243 andire
419 2206 681 2254 potuissent.
706 2210 782 2248 Est
805 2215 848 2249 et
864 2212 977 2250 inter
999 2213 1079 2252 hos
1101 2214 1378 2254 consociatio
1415 2223 1433 2242 e
1453 2216 1665 2268 quaedam
1688 2219 1765 2257 ho-

151 2273 307 2311 minum
330 2276 725 2328 integerrimorum,
750 2284 905 2333 quippe
937 2285 1009 2335 qui
1030 2285 1363 2337 diligentissime
1385 2301 1485 2327 sese
1502 2289 1544 2327 in
1567 2289 1765 2328 omnibus

150 2345 475 2385 misericordiae
507 2350 765 2403 pietatisque
799 2357 1003 2405 operibus
1036 2365 1264 2407 exercent3
1287 2360 1357 2409 alij
1390 2360 1566 2411 quidem
1595 2362 1638 2400 in
1670 2375 1764 2401 ero-

148 2416 288 2465 ganda
309 2420 567 2468 pauperibus
590 2423 715 2473 stipe,
740 2425 808 2474 alij
832 2426 873 2464 in
890 2427 984 2477 alijs
1003 2430 1254 2471 elemosinis
1271 2433 1600 2481 distribuendis,
1622 2434 1691 2483 alij
1721 2433 1764 2472 in

147 2488 338 2537 aegrotis
359 2488 563 2529 uidendis
582 2492 614 2539 f,
647 2495 714 2544 alij
749 2497 789 2534 in
820 2501 1066 2540 carceribus
1095 2503 1334 2542 inuisendis
1355 2511 1392 2551 g,
1416 2504 1485 2554 alij
1507 2503 1551 2542 in
1581 2504 1763 2555 captiuis

147 2558 200 2595 ab
220 2558 417 2598 hostibus
448 2563 727 2613 redimendis,
752 2568 836 2618 alij
856 2569 904 2608 in
933 2571 1156 2612 eiusmodi
1171 2574 1267 2627 pijs
1296 2575 1565 2627 optimisque
1578 2575 1763 2627 facino-

146 2628 273 2667 ribus
295 2630 541 2682 faciendis.

198 2709 235 2738 2.
295 2702 492 2741 Studium
522 2706 638 2755 quod
669 2709 842 2758 quidem
875 2712 916 2750 in
951 2713 1225 2756 Societatem
1254 2723 1450 2768 nostram
1478 2723 1574 2757 tota
1608 2718 1762 2765 ciuitas

146 2770 277 2809 habet
298 2773 397 2821 (etsi
419 2787 505 2812 non
527 2776 684 2816 desunt
705 2780 777 2830 filij
802 2783 937 2822 Belial
959 2785 1030 2835 qui
1050 2787 1161 2827 hanc
1182 2792 1376 2828 nostram
1398 2790 1761 2829 exercitationem

146 2841 368 2892 exagitent
403 2850 532 2895 atque
568 2853 878 2903 contemnant),
914 2860 979 2894 est
1007 2858 1136 2908 plane
1167 2860 1418 2909 maximum3
1449 2861 1595 2913 itaque
1615 2861 1678 2909 fit,
1714 2866 1761 2900 ut

190 2995 209 3013 a
236 2992 381 3026 tamen·
414 2993 475 3017 ”b
497 2994 649 3030 crebr0.
692 3004 754 3022 —0
775 3010 884 3044 sepe.
927 3003 993 3028 —d
1013 3008 1107 3041 ante
1128 3004 1244 3043 festa.
1286 3014 1351 3033 -θ
1371 3007 1555 3045 societas.
1597 3008 1657 3034 -t
1679 3007 1760 3046 Su-

144 3050 227 3092 pra
244 3057 352 3086 vers.
373 3048 606 3098 inuisendis,
628 3054 786 3092 iterum
805 3058 887 3096 del.
942 3069 1008 3096 -g
1029 3062 1166 3101 Prius
1183 3065 1283 3109 del„
1300 3069 1400 3113 post
1417 3069 1682 3106 restitutum.

1191 3187 1201 3202 ἡ
