2095 3623
593 287 662 324 225
681 285 881 325 —GENUA
908 286 931 323 6
952 286 1047 333 JAN.
1079 286 1169 323 1559
1597 286 1636 323 21

62 385 265 438 permulti
286 386 372 424 hoc
392 386 543 436 spiritu
566 384 796 422 ducuntur.
820 383 947 421 Adde
968 384 1200 421 nonnullos
1222 383 1275 421 ad
1296 388 1473 422 nostrae.
1497 384 1691 422 Societa-

62 457 117 495 tis
138 457 381 495 institutum
404 456 570 494 animos
593 455 882 501 conuertisse,
908 453 1171 505 summisque
1210 455 1458 505 efflagitasse
1490 455 1692 505 precibus

63 541 87 566 a
109 529 204 565 Pre.
230 533 407 566 rectore
428 528 470 565 in
492 532 686 565 nostram
708 526 979 564 Societatem
1002 525 1353 564 admitterentur.
1379 524 1466 564 Sed
1504 539 1599 563 cum
1623 526 1693 563 ad-

63 598 261 637 mittendi
296 604 468 649 tempus
502 598 585 636 illis
616 611 639 635 a
674 599 804 635 Patre
835 598 1180 647 protraheretur,
1215 595 1268 635 de
1300 596 1535 634 Societatis
1571 610 1692 634 more

65 669 320 720 experiendi
356 670 496 720 gratia
530 669 700 707 illorum
738 668 1042 708 constantiam„
1075 668 1352 718 impatientes
1388 667 1606 705 dilationis
1642 666 1694 705 ad

63 739 167 778 alias
190 753 236 778 se
259 739 511 790 religiones,
543 740 585 777 in
608 752 713 789 quas
743 738 912 777 facilius
933 737 1234 786 admittuntur,
1269 739 1563 777 contulerunt.
1588 739 1695 775 Sunt

64 817 209 849 tamen
232 812 304 861 qui
334 809 478 849 adhuc
506 810 692 849 infracto
724 810 866 848 animo
898 815 1204 861 perseuerent,
1228 810 1357 860 idque
1381 823 1404 848 a
1435 810 1561 847 nobis
1584 824 1694 847 sum-

64 896 244 934 mopere
281 882 564 921 contendant.
602 882 728 919 Faxit
761 881 881 919 Deus
916 880 1034 931 quod
1068 881 1216 919 diuino
1252 882 1409 919 honori
1445 882 1582 932 magis
1623 894 1696 918 ex-

64 955 225 1006 pediat.

116 1037 155 1075 4.
215 1027 281 1064 De
306 1025 597 1064 xenodochiis
627 1024 836 1072 visendis,
860 1023 1004 1075 deque
1035 1024 1235 1063 ludorum
1265 1025 1584 1075 interruptione
1616 1026 1697 1062 lus-

65 1110 300 1149 sorumque
331 1096 505 1144 timore,
530 1096 634 1135 alias
658 1096 860 1134 existimo
892 1101 936 1133 te
965 1096 1200 1134 certiorem
1222 1096 1383 1135 factum
1409 1098 1432 1141 ¹,
1457 1096 1698 1147 quafm]ob-

65 1182 155 1207 rem
178 1169 244 1207 his
267 1166 584 1219 supersedebo.
609 1167 717 1205 Illud
741 1171 863 1205 certe
884 1179 1158 1217 nequaquam
1187 1167 1557 1205 contemnendum
1580 1167 1699 1205 vide-

65 1246 147 1287 tur,
172 1240 258 1278 imo
279 1240 417 1290 primo
447 1239 546 1277 loco
570 1239 726 1277 merito
759 1238 1190 1276 commemorandum
1221 1238 1317 1287 fuit3
1340 1239 1451 1277 duos
1481 1239 1697 1285 homines,

66 1313 138 1362 qui
153 1316 358 1362 tanquam
376 1310 547 1362 putrida
564 1311 760 1348 membra
776 1323 800 1348 a
817 1309 991 1349 Christo
1011 1309 1153 1360 capite
1171 1309 1353 1348 abscissi
1370 1314 1506 1358 erant,
1527 1315 1571 1349 et
1588 1323 1611 1348 a
1634 1323 1699 1348 ca-

65 1385 229 1423 tholica
259 1384 473 1435 religione
497 1382 720 1430 eradicati,
752 1394 830 1432 per
850 1385 1101 1420 nostrorum
1134 1383 1309 1420 Patrum
1339 1383 1584 1433 fatrumque
1614 1383 1701 1420 col-

66 1454 313 1495 locutiones
336 1456 510 1495 Christo
534 1453 843 1493 reconciliatos
867 1466 980 1500 esse,
1006 1457 1049 1491 et
1071 1454 1197 1491 matri
1215 1454 1432 1492 ecclesiae
1454 1454 1698 1493 restitutos.

68 1528 263 1577 Quorum
286 1527 411 1573 alter,
437 1539 535 1564 cum
556 1525 699 1563 adhuc
724 1537 832 1575 puer
856 1530 990 1571 esset,
1014 1525 1220 1575 hispanus
1255 1538 1437 1575 genere,
1462 1538 1487 1563 a
1507 1526 1701 1564 barbaris

62 1598 211 1649 piratis
234 1600 402 1648 captus,
428 1602 472 1635 et
493 1597 536 1634 in
558 1595 747 1634 Africam
766 1594 939 1642 ductus,
958 1608 1046 1633 non
1069 1595 1209 1633 solum
1231 1596 1509 1634 christianam
1526 1596 1701 1648 religio-

64 1681 164 1707 nem
177 1668 387 1715 deseruit,
403 1667 482 1706 sed
497 1667 736 1705 acerrimus
759 1666 1094 1705 christianorum
1110 1666 1250 1704 hostis
1268 1667 1476 1705 continuo
1497 1668 1699 1715 effectus,

66 1740 230 1778 rabiem
251 1740 293 1778 in
316 1752 469 1778 omnes
485 1737 648 1778 Christi
670 1738 863 1776 cultores
886 1736 1049 1788 spirare
1072 1737 1320 1777 videbatur.
1345 1738 1472 1776 Adde
1493 1739 1699 1790 linguam,

68 1824 212 1851 mores
235 1815 278 1850 et
301 1811 561 1850 sceleratam
590 1810 838 1848 turcharum
863 1814 1028 1848 sectam
1058 1809 1119 1847 ita
1139 1809 1265 1847 breui
1293 1813 1494 1860 tempore
1517 1810 1702 1848 caluisse

67 1883 132 1932 (ut
155 1883 350 1921 omittam
371 1883 512 1933 ipsum
534 1881 724 1920 maximo
755 1881 932 1932 ingenio
963 1881 1147 1931 pollere,
1180 1881 1473 1931 ubertateque
1495 1881 1536 1919 in
1558 1880 1702 1920 dicen-

69 1953 124 1992 do
146 1966 234 1992 non
254 1953 424 2005 vulgari
453 1951 673 2004 preditum
705 1951 838 2001 esse),
871 1956 918 1989 ut
948 1951 1060 1989 illius
1091 1951 1320 1990 laetiferae
1350 1952 1488 2002 pestis
1522 1951 1704 1991 fortissi-

69 2039 163 2064 mus
184 2025 393 2064 defensor
416 2029 460 2063 et
482 2024 771 2063 concionator
787 2023 1203 2061 vehementissimus
1225 2023 1312 2061 cito
1336 2023 1541 2063 euaserit.
1566 2024 1606 2061 Is
1627 2024 1704 2062 ita-

68 2109 153 2148 que
175 2109 272 2135 cum
294 2096 348 2135 ab
371 2096 574 2134 omnibus
596 2095 834 2142 coleretur,
859 2107 1052 2145 praeque
1077 2094 1214 2133 oculis
1234 2094 1486 2142 haberetur,
1510 2095 1704 2133 occasio-

70 2181 169 2207 nem
192 2166 459 2206 obtinendae
480 2166 700 2205 facultatis
720 2165 848 2203 facile
870 2169 1025 2203 nactus
1048 2170 1129 2212 est,
1167 2171 1214 2204 ut
1248 2166 1290 2204 in
1325 2166 1492 2205 Italiam
1516 2166 1701 2205 veniret.

72 2239 203 2290 Quod
231 2240 315 2278 iter
338 2251 391 2277 eo
414 2236 590 2290 quidem
613 2238 755 2276 animo
785 2237 974 2275 libenter
995 2237 1277 2288 suscipiebat,
1314 2243 1360 2276 ut
1380 2251 1507 2289 quam
1538 2239 1704 2277 rabiem

70 2312 162 2363 ipse
183 2310 327 2350 animo
358 2314 639 2360 conceperat,
663 2309 706 2347 in
737 2309 845 2347 alios
866 2308 1206 2359 quamplurimos
1237 2309 1496 2348 christianos
1529 2322 1706 2348 enome-

67 2387 152 2435 ret3
170 2381 408 2433 praecipue
429 2364 591 2428 tamen,
611 2385 659 2418 ut
674 2379 785 2418 duos
806 2380 980 2427 fratres,
1000 2392 1111 2430 quos
1128 2379 1242 2430 apud
1274 2381 1502 2431 anglorum
1524 2393 1677 2432 regem
1694 2379 1707 2399 ²

70 2453 123 2504 (si
143 2454 257 2492 bene
280 2453 476 2502 memini)
496 2452 704 2499 habebat,
729 2451 966 2490 seduceret
998 2463 1074 2501 spe
1096 2451 1317 2502 amplioris
1333 2452 1552 2500 fortunae,
1588 2457 1630 2490 et
1661 2452 1707 2490 il-

70 2526 136 2564 los
157 2526 199 2564 in
223 2525 411 2563 Africam
434 2524 508 2562 ubi
527 2523 781 2562 foeliciores
811 2523 981 2561 futuros
1002 2522 1307 2573 pollicebatur,
1332 2535 1482 2561 secum
1505 2523 1703 2561 duceret.

74 2596 131 2634 At
151 2596 400 2634 mitissimus
416 2595 490 2634 ille
506 2595 807 2642 samaritanus,
838 2606 935 2632 cum
957 2592 1268 2632 misserrimum
1289 2594 1405 2632 hunc
1421 2594 1642 2632 hominem
1665 2594 1706 2631 in

73 2667 265 2705 latrones
298 2665 504 2705 incidisse
540 2665 729 2713 videret,
768 2670 812 2703 et
846 2665 1057 2703 laetiferis
1089 2665 1282 2703 saucium
1314 2678 1411 2704 esse
1434 2666 1704 2711 vulneribus,

75 2736 388 2785 misericordia,
412 2749 523 2788 quae
544 2736 663 2775 nulla
681 2736 743 2775 illi
763 2735 1023 2783 debebatur,
1047 2740 1192 2774 motus
1222 2736 1370 2774 vinum
1394 2741 1437 2774 et
1474 2736 1618 2774 oleum
1641 2749 1707 2774 su-

74 2806 279 2859 perfudit,
312 2805 594 2858 alligauitque
623 2807 807 2845 vulnera
837 2805 930 2845 eius
956 2818 1012 2844 ne
1032 2806 1198 2857 periret
1218 2811 1246 2845 ⁸.
1269 2807 1379 2845 Nam
1403 2807 1587 2846 Genuae
1609 2819 1706 2844 curn

125 2932 134 2952 ¹
188 2931 317 2975 Ibid.,
341 2930 419 2974 127,
439 2929 524 2974 292,
540 2930 623 2968 501.

123 2993 136 3013 ²
184 2989 366 3037 Intelligi
384 2989 546 3027 videtur
572 2990 781 3037 Philippus
807 2989 844 3027 II
870 2989 1108 3036 Hispaniae,
1139 2989 1323 3036 Angliae
1350 3002 1423 3026 rex
1449 2989 1498 3026 ob
1530 2988 1706 3026 Mariam

77 3051 292 3099 conjugem
310 3049 452 3087 dietus.

124 3110 138 3131 ⁸
194 3107 259 3147 Cf.
281 3106 401 3154 Luc„
422 3107 475 3154 X,
493 3107 541 3145 30
557 3121 644 3155 sqq.
