1908 3446
226 209 296 245 756
690 211 909 247 LITTERAE
936 210 1291 255 QUADRlMESTRES

176 310 241 348 bis
263 311 438 351 tandem
461 314 524 351 uir
555 314 625 351 ille
658 313 910 351 consolatus
940 311 1210 359 discesserit3
1241 325 1385 363 neque
1419 318 1577 364 postea
1606 311 1799 350 auditum

177 386 244 419 est
265 383 495 433 quicquam
517 384 570 422 de
595 397 647 422 eo
671 384 784 421 mali.
809 383 1042 422 Studiosus
1063 383 1251 434 quidam,
1278 383 1459 433 Philippi
1482 383 1799 421 Melanchtonis

175 464 327 502 nepos,
352 454 507 492 artium
530 455 753 505 magister,
779 466 875 492 cum
895 454 915 472 a
935 454 1156 504 aliquanto
1188 460 1387 505 tempore
1417 455 1693 505 theologicas
1724 454 1799 490 Pa-

175 528 287 561 trum
317 530 566 562 nostrorum
601 526 817 562 lectiones
849 523 1082 575 diligenter
1116 524 1372 571 audiuisset,
1409 524 1648 575 praemissa
1687 523 1799 574 apud

174 607 254 632 nos
276 597 487 646 generali,
512 602 559 633 ut
580 596 662 634 dici
686 596 814 642 solet,
835 595 1131 642 confessione,
1152 608 1250 633 cum
1271 596 1436 644 aliquot
1457 595 1551 644 alijs
1573 595 1614 632 in
1634 594 1798 644 templo

174 671 325 704 nostro
347 667 481 704 sacris
502 667 570 716 pie
593 667 696 704 satis
720 666 943 704 ordinibus
964 666 1157 704 initiatus
1180 672 1261 704 est.
1286 666 1491 704 Nonnulli
1514 678 1687 716 quoque
1710 665 1797 714 alij,

174 738 246 787 qui
286 739 624 776 conuersatione
665 738 819 775 saltem
858 737 1070 776 haeretici
1104 738 1291 784 fuerant,
1334 738 1651 776 sanctissimam
1690 737 1800 775 hanc

175 810 547 860 metamorphosin
575 811 616 848 in
647 824 692 848 se
715 809 832 860 ipsis,
866 810 961 848 Deo
993 811 1102 857 laus,
1128 823 1263 860 opera
1282 815 1547 856 nostrorum,
1571 808 1701 859 idque
1724 821 1801 859 per

173 880 474 929 poenitentiae
510 887 828 918 sacramentum
860 893 957 919 cum
988 881 1156 918 animae
1192 881 1359 918 laetitia
1390 879 1687 930 experiuntur.
1721 879 1800 917 Ca-

172 951 347 988 tholicis
368 951 543 1002 quidem
565 952 780 990 nonnullis
801 952 887 989 hoc
909 963 1008 989 esse
1029 952 1251 1002 peculiare
1273 952 1343 989 hic
1364 952 1447 989 iam
1471 951 1631 1002 coepit,
1662 956 1708 988 ut
1730 950 1800 988 uel

172 1034 259 1059 non
281 1022 498 1060 retineant
520 1022 637 1060 domi
657 1035 778 1069 suae,
803 1024 873 1060 uel
895 1035 982 1061 non
1003 1023 1121 1073 prius
1139 1028 1259 1061 certe
1282 1035 1457 1060 seruum
1479 1022 1735 1060 ancillamue
1759 1022 1800 1058 in

172 1105 292 1130 suam
314 1092 517 1131 familiam
539 1093 783 1140 admittant,
803 1106 930 1144 quam
951 1093 1113 1132 nostris
1135 1094 1336 1131 Patribus
1352 1093 1512 1131 fuerint
1531 1093 1736 1139 confessi,
1757 1097 1800 1130 et

172 1165 213 1202 in
244 1178 350 1204 uera
379 1166 592 1215 religione
623 1177 675 1203 ac
708 1165 873 1214 pietate
906 1165 1139 1202 examinati
1174 1170 1304 1215 atque
1341 1164 1600 1202 confirmati.
1638 1163 1801 1201 Famuli

172 1248 279 1274 uero
310 1243 383 1274 aut
414 1236 595 1274 ancillae
629 1235 774 1282 etiam,
808 1236 879 1273 uel
911 1235 979 1284 alij
1012 1236 1085 1286 qui
1114 1236 1276 1273 nostris
1296 1240 1480 1285 peccata
1502 1247 1578 1273 sua
1599 1235 1800 1273 confiteri

173 1313 513 1353 consueuerunt‚
550 1306 677 1344 nullis
712 1305 854 1344 ullius
884 1309 1107 1356 personae
1142 1306 1523 1344 adhortationibus
1562 1311 1635 1344 aut
1675 1305 1799 1344 minis

172 1379 272 1430 cogi
306 1384 503 1429 possunt,
542 1383 586 1416 ut
617 1378 848 1428 quicquam
880 1384 1034 1416 contra
1067 1378 1215 1416 matris
1251 1378 1476 1416 Ecclesiae
1511 1377 1709 1415 instituta
1741 1377 1799 1415 fa-

171 1450 300 1487 ciant.
327 1449 458 1499 Quod
479 1450 513 1487 si
534 1450 675 1487 acrius
697 1461 749 1486 ea
769 1449 811 1486 in
832 1462 878 1487 re
902 1448 1065 1487 domini
1085 1449 1201 1487 forte
1222 1449 1438 1495 insistant,
1471 1454 1517 1486 ut
1547 1449 1799 1486 haereticae

170 1521 395 1571 prauitatis
416 1521 594 1558 inuenta
616 1521 870 1565 obseruent,
907 1520 1053 1570 potius
1088 1520 1328 1558 ministeria
1349 1519 1574 1566 deserunt,
1598 1532 1725 1570 quarn
1753 1525 1799 1557 ut

171 1605 323 1629 eorum
344 1591 639 1642 impietatibus
661 1591 830 1630 foedari
852 1604 950 1630 sese
973 1591 1206 1642 patiantur.
1231 1591 1286 1629 Et
1306 1603 1444 1642 nuper
1466 1590 1641 1641 quidem
1669 1591 1798 1628 ancil-

168 1665 209 1701 la
229 1663 458 1713 quaedam,
482 1664 670 1701 honesta
690 1664 831 1714 virgo,
855 1675 966 1714 quae
988 1664 1031 1701 in
1051 1664 1216 1713 templo
1238 1668 1390 1701 nostro
1412 1663 1556 1700 fuerat
1578 1662 1795 1709 confessa,

169 1747 263 1773 cum
287 1735 329 1772 in
349 1735 620 1773 haereticum
638 1733 861 1772 dominum
880 1733 996 1772 forte
1018 1733 1244 1772 incidisset
1264 1734 1298 1781 b,
1323 1746 1374 1772 ac
1394 1734 1447 1771 ab
1466 1733 1624 1772 eodem
1643 1738 1796 1771 contra

170 1805 535 1844 consuetudinem
558 1806 818 1844 catholicam
840 1805 995 1843 diebus
1021 1804 1266 1843 interdictis
1298 1805 1498 1843 carnibus
1529 1803 1651 1842 uesci
1681 1817 1797 1843 com-

168 1879 422 1928 pelleretur,
442 1878 592 1916 maluit
613 1891 660 1916 se
683 1891 786 1916 sane
808 1877 862 1915 ad
883 1878 1009 1915 aliam
1030 1878 1234 1915 familiam
1257 1876 1396 1915 minus
1418 1878 1601 1927 amplam
1623 1889 1673 1915 ac
1692 1877 1797 1915 libe-

169 1950 303 1987 ralem
334 1940 548 1999 recipere,
580 1961 707 2000 quam
729 1949 954 1987 haeretico
978 1948 1154 1987 domino
1177 1950 1220 1987 in
1240 1962 1374 2000 praua
1392 1948 1608 2000 petitione
1630 1961 1796 1987 morem

169 2032 342 2071 gerere.
366 2021 460 2058 Hac
482 2021 612 2058 etiam
635 2019 804 2058 ratione
827 2020 889 2067 fit,
913 2025 959 2058 ut
983 2020 1130 2067 libros,
1155 2021 1189 2058 si
1211 2033 1320 2071 quos
1342 2020 1505 2058 habent
1528 2020 1794 2066 haereticos,

168 2092 227 2129 illi
247 2091 320 2141 qui
340 2091 454 2142 apud
474 2104 554 2130 nos
584 2097 869 2141 peccatorum
901 2104 1078 2129 suorum
1100 2097 1117 2115 0
1138 2091 1351 2130 sarcinam
1382 2091 1622 2142 deponunt,
1656 2090 1796 2141 despi-

169 2164 284 2201 ciant
314 2163 458 2201 statim
489 2175 539 2201 ac
568 2163 658 2213 igni
687 2176 774 2201 non
805 2162 1019 2214 grauatim
1039 2163 1230 2210 tradant3
1255 2169 1300 2201 et
1322 2168 1367 2200 ut
1389 2162 1497 2212 socij
1521 2163 1591 2200 uel
1614 2162 1684 2211 alij
1708 2161 1796 2213 qui-

169 2237 348 2273 buscum
371 2241 522 2286 agunt,
544 2233 661 2272 idem
682 2235 822 2285 ipsum
852 2235 1012 2273 faciant
1043 2240 1221 2273 strenue
1254 2247 1385 2272 suasu
1414 2240 1664 2273 nostrorum
1696 2246 1796 2272 con-

169 2306 367 2345 tendunt.
411 2306 454 2344 Si
493 2307 565 2356 qui
603 2311 702 2344 sunt
740 2312 973 2356 praeterea
1001 2306 1073 2355 qui
1112 2306 1198 2344 hoc
1235 2305 1397 2344 auxilio
1437 2318 1489 2344 ac
1519 2310 1794 2344 sacramento

168 2378 467 2428 poenitentiae
503 2379 690 2415 maxime
728 2382 876 2428 egent,
913 2391 937 2415 a
971 2377 1080 2415 R.11¹0
1111 2377 1207 2415 S.1¹1i
1237 2378 1289 2415 D.
1313 2377 1367 2415 N.
1402 2377 1464 2426 Pij
1499 2376 1654 2426 Quarti
1683 2376 1796 2427 apud

169 2462 391 2488 caesarem
427 2449 574 2499 legato
608 2448 615 2466 ¹
648 2450 733 2487 huc
763 2448 817 2486 ad
846 2461 927 2486 nos
948 2462 1076 2499 quam
1097 2449 1296 2499 primum,
1321 2448 1439 2499 quod
1460 2460 1547 2486 non
1569 2448 1706 2486 semel
1729 2454 1795 2485 est

167 2521 344 2567 factum,
368 2521 612 2562 mittuntur;
635 2520 706 2569 qui
727 2520 902 2570 quidem
923 2533 1010 2557 non
1030 2531 1109 2569 per
1137 2532 1183 2557 se
1215 2519 1355 2557 solum
1386 2519 1487 2570 quid
1519 2517 1794 2557 sentiendum

167 2592 221 2630 sit
243 2591 298 2629 de
320 2591 401 2629 hac
422 2591 493 2629 uel
514 2591 585 2628 illa
606 2603 667 2637 re,
691 2604 801 2640 quae
825 2591 895 2628 uel
916 2590 970 2628 ad
991 2590 1321 2640 profundiorem
1343 2589 1613 2641 theologiam
1641 2590 1712 2628 uel
1742 2590 1795 2628 ad

167 2662 465 2701 conscientiae
494 2662 640 2699 laesae
671 2661 904 2699 discrimen
938 2666 1123 2712 spectat,
1156 2674 1180 2699 a
1201 2662 1391 2699 Rectore
1413 2666 1564 2699 nostro
1587 2661 1670 2711 (uir
1691 2661 1794 2699 alio-

213 2812 232 2832 a
282 2824 373 2849 cum
391 2816 529 2857 supra
547 2822 656 2848 vers.
710 2812 776 2836 —b
798 2811 950 2848 Praec.
979 2823 1018 2848 v.
1048 2813 1094 2848 in
1126 2822 1284 2857 marg..
1313 2812 1418 2858 quia
1449 2812 1496 2848 in
1528 2813 1645 2848 textu
1676 2814 1793 2847 atra-

167 2873 306 2909 menti
321 2870 499 2908 macula
518 2869 800 2908 obscuratum
820 2874 925 2908 erat.
979 2878 1044 2896 —0
1063 2883 1228 2908 suorum
1245 2875 1384 2918 supra
1406 2881 1515 2908 vers.

215 3016 223 3035 ¹
275 3013 505 3051 Stanislaus
523 3013 686 3059 Hosius,
706 3015 956 3052 warmiensis
976 3015 1202 3062 episcopus,
1224 3019 1267 3051 ut
1286 3013 1392 3051 infra
1411 3014 1570 3051 dicitur.
