1908 3446
174 219 242 257 776
639 219 857 255 LITTERAE
884 217 1241 262 QUADmMESTREs

894 453 997 503 410

424 596 779 645 HERMES
828 582 1463 641 SEMICOLANUS

559 736 835 766 INGOLSTADlo
864 727 876 761 1
909 733 1164 761 SEPTEMBRIS
1192 722 1282 759 1560
1309 723 1333 756 ¹.

136 852 167 890 1.
202 850 444 891 Sociorum
474 850 513 888 et
543 846 854 886 convictorum
888 855 1120 882 numeruS.
1156 839 1414 879 Domestica
1445 836 1761 888 disciplina—-

215 916 300 956 2·3.
328 915 650 955 Convictorum
671 914 710 951 et
741 910 944 949 aliorum
973 906 1353 947 scholasticorum
1379 904 1525 955 pietas
1555 905 1593 943 et
1623 903 1757 942 zelus.

220 978 594 1031 Confirmationis
609 977 950 1016 sacramentum
968 972 1101 1013 multi
1117 986 1169 1012 ex
1185 972 1247 1012 eis
1263 970 1605 1021 recipiunt—74.
1628 969 1762 1007 Fruc-

219 1051 289 1086 tus
310 1061 361 1087 ex
383 1044 653 1097 theologicis
684 1041 964 1082 lectionibus.
997 1040 1298 1078 Instauratur
1328 1035 1628 1088 confessionis
1656 1047 1765 1072 usus

220 1116 322 1153 ante
356 1112 604 1163 nuptialem
636 1107 999 1148 benedictionem.
1043 1103 1360 1155 Improborum
1395 1101 1563 1140 irritae
1597 1102 1765 1151 oppug-

219 1176 539 1218 nationes.-5.
577 1173 763 1214 Pietatis
798 1172 969 1225 officia
1003 1183 1117 1222 erga
1134 1169 1386 1220 proximos.
1411 1165 1668 1206 Lutherani
1695 1178 1766 1204 cu-

209 1247 401 1298 jusdam
436 1238 784 1282 conversio.—6.
813 1236 1086 1277 Contionum
1114 1235 1321 1287 fructus.
1349 1233 1601 1284 Cujusdam
1621 1230 1767 1282 virgi-

220 1311 292 1350 nis
312 1310 459 1350 virtus
480 1306 646 1346 matris
668 1304 890 1344 astutiam
912 1303 959 1342 vin
979 1303 1123 1342 vitam
1146 1300 1414 1352 religiosam
1436 1297 1672 1338 convertit.

202 1447 234 1474 1.
296 1438 323 1483 ἦ·
354 1432 600 1472 Admodum
624 1431 720 1470 R.d0
741 1431 783 1468 in
804 1430 879 1468 X.0
902 1430 1030 1467 Pater
1056 1428 1089 1465 a.
1123 1427 1176 1465 In
1207 1426 1293 1464 hac
1313 1424 1501 1475 epistola
1527 1420 1690 1473 paucis
1720 1434 1771 1460 ex

148 1521 267 1547 more
290 1507 389 1545 Pat.
415 1507 518 1544 tuae
539 1502 752 1542 indicabo
775 1502 996 1552 quantum
1030 1499 1050 1524 b
1086 1497 1182 1549 opis
1216 1505 1232 1523 0
1268 1494 1424 1535 tulerit
1449 1492 1772 1545 proximorum

145 1579 287 1630 salutj
303 1581 385 1629 per
407 1578 491 1616 hoc
513 1574 863 1626 quadrimestre,
902 1573 1179 1623 qnantumue
1213 1567 1362 1607 solitis
1395 1565 1624 1616 exercitijs
1658 1563 1773 1603 diui-

147 1664 256 1690 nam
275 1649 482 1702 gloriam
501 1650 772 1698 promouere
785 1642 987 1696 potuerit
1004 1643 1088 1682 hoc
1104 1640 1346 1680 minimum
1363 1637 1625 1689 collegium.
1647 1634 1775 1675 Sciat

149 1723 302 1773 itaque
321 1722 374 1759 R.
394 1721 443 1759 P.
472 1720 516 1758 T.
541 1732 632 1757 non
650 1719 808 1768 plures
825 1728 962 1767 quam
979 1715 1028 1754 16
1050 1711 1269 1752 Societati
1288 1712 1473 1749 nostrae
1490 1707 1708 1754 addictos,
1728 1706 1776 1746 in

151 1796 233 1834 hoc
255 1791 450 1844 collegio
471 1804 592 1830 nunc
614 1789 786 1836 uiuere,
811 1785 1041 1827 adiunctis
1063 1784 1237 1824 duobus
1262 1780 1435 1834 pueris,
1460 1780 1538 1831 qui
1558 1779 1606 1818 in
1625 1778 1778 1830 uarijs

151 1862 421 1915 ministeriis
440 1861 694 1900 subsidium
715 1859 845 1899 nobis
863 1857 1093 1904 praebent,
1118 1854 1248 1895 cuius
1272 1853 1450 1904 quidem
1480 1850 1662 1898 numerj
1677 1852 1776 1900 per-

151 1948 371 1975 sonarum
392 1933 526 1973 solito
561 1930 758 1971 minoris
779 1929 903 1968 ratio
935 1929 1045 1967 haec
1074 1928 1151 1973 est,
1185 1926 1304 1976 quod
1335 1921 1628 1962 Monachium
1658 1922 1698 1959 et
1720 1921 1778 1958 ad

153 2007 246 2045 alia
267 2006 368 2045 loca
392 2005 444 2043 ob
466 2005 638 2043 certam
668 2000 977 2041 necessitatem
1007 1995 1221 2037 nonnulli
1243 1995 1348 2034 hinc
1378 1992 1691 2044 commigrare
1712 1993 1779 2030 de-

154 2076 347 2117 buerint.
375 2074 663 2115 Conuictores
685 2074 830 2111 autem
852 2072 958 2109 sunt
978 2081 1169 2108 numero
1200 2077 1260 2113 12,
1286 2065 1364 2117 qui
1384 2065 1433 2104 in
1454 2063 1564 2103 locis
1596 2066 1780 2114 separa-

155 2149 212 2188 tis
232 2149 271 2188 et
292 2148 475 2186 manent
496 2147 536 2185 et
557 2145 856 2184 commedunt.
881 2141 1093 2180 Omnibus
1113 2139 1185 2190 qui
1206 2139 1247 2177 in
1268 2139 1354 2176 hoc
1384 2136 1550 2188 degunt
1572 2135 1778 2186 collegio,

156 2223 276 2260 Deus
296 2232 383 2258 non
405 2217 537 2256 modo
560 2217 776 2266 integram
799 2213 996 2265 eorporis
1025 2211 1256 2250 sanitatem
1287 2208 1451 2254 tribuit,
1476 2220 1628 2246 uerum
1652 2206 1781 2244 etiam

156 2292 338 2344 gratiam
361 2289 568 2341 impertit,
592 2293 640 2325 ut
657 2285 917 2325 obedienter
935 2283 1175 2323 secundum
1191 2280 1378 2320 instituti
1393 2278 1531 2328 nostrj
1550 2276 1780 2323 rationem,

159 2370 204 2402 et
223 2362 433 2402 sollerter
455 2360 474 2385 d
495 2360 537 2398 in
559 2358 780 2397 laboribus
796 2370 875 2408 pro
897 2356 1080 2394 aliorum
1102 2355 1242 2392 salute
1273 2350 1512 2402 absumptis
1531 2349 1781 2401 persistant.

160 2434 437 2474 Desiderium
467 2432 640 2481 integre
663 2442 713 2468 ae
746 2428 945 2480 perfecte
982 2424 1233 2471 obediendi,
1267 2436 1317 2462 ac
1337 2422 1475 2474 magis
1497 2421 1722 2472 magisque
1742 2420 1785 2458 in

161 2506 312 2557 spiritu
350 2501 624 2555 proficiendi,
667 2501 891 2539 declarant
929 2496 1245 2550 poenitentiae,
1287 2506 1392 2546 quas
1427 2507 1451 2532 a
1489 2493 1786 2543 superioribus

162 2576 344 2616 subinde
378 2580 534 2626 petunt
573 2585 651 2624 pro
684 2570 1071 2611 constitutionibus
1099 2581 1187 2607 non
1216 2567 1388 2616 integre
1421 2563 1679 2604 obseruatis.
1704 2563 1787 2601 Hic

161 2660 291 2687 nemo
316 2651 399 2693 est,
426 2657 557 2697 quem
577 2657 665 2682 non
688 2641 872 2681 subinde
892 2640 1087 2692 pluribus
1107 2638 1150 2678 in
1171 2638 1303 2677 rebus
1333 2634 1537 2687 occuparj
1561 2634 1615 2673 sit
1635 2646 1787 2673 neces-

209 2804 229 2824 a
279 2803 365 2841 Pax
384 2806 460 2839 etc.
513 2801 579 2826 —b
599 2799 705 2846 quid.
762 2805 825 2824 —0
846 2796 1030 2835 Emend.
1052 2806 1102 2833 ex
1120 2806 1232 2842 opus.
1286 2793 1353 2819 —d
1373 2792 1611 2829 toleranter.

214 2962 223 2982 ¹
276 2959 338 2997 Ex
356 2956 546 3004 originali
564 2969 587 2992 a
606 2954 784 2992 Polanco
804 2952 1031 2996 emendato,
1050 2950 1091 2988 in
1110 2949 1194 2987 cod.
1219 2948 1360 2986 Germ.
1381 2945 1475 2990 139,
1495 2943 1518 2982 2
1542 2943 1600 2989 ff„
1629 2956 1698 2981 nn.
1728 2944 1787 2990 37,

166 3021 225 3069 38;
244 3019 356 3070 prius
377 3016 455 3063 138,
478 3015 545 3053 139
561 3013 660 3062 (198,
682 3012 775 3058 199).
