1908 3446
275 257 344 294 326
740 254 961 291 LITTERAE
988 253 1344 298 QUADmMEsTREs

229 361 392 409 sparsa
414 360 452 397 et
475 357 728 408 diuulgata
752 362 820 394 est
841 354 896 394 de
918 360 1070 394 nostro
1107 354 1296 405 collegio
1327 366 1378 393 ac
1412 355 1573 393 scholis
1610 354 1769 405 opinio,
1805 362 1847 395 ut
1876 400 1879 412 ¹

228 429 417 467 nonnulli
460 427 725 466 viennenses
761 427 1052 465 eleemosinas
1089 425 1322 475 egentibus
1356 437 1408 463 ac
1445 426 1687 476 peregrinis
1716 419 1880 487 nolint}

231 511 430 550 erogare,
455 498 535 536 nisi
555 502 627 536 aut
650 502 903 536 nostrorum
926 496 1179 534 testimonio
1204 495 1582 543 commendentur,
1618 502 1691 534 aut
1730 502 1847 536 certo
1876 502 1879 523 ³

230 574 403 610 constet
426 583 503 608 eos
525 582 611 607 non
636 569 736 607 alibi
758 581 884 619 quam
907 567 1019 619 apud
1040 580 1120 605 nos
1141 566 1278 604 literis
1301 578 1478 617 operam
1514 566 1634 614 dare3
1670 580 1847 617 quorum
1876 577 1879 592 ¹

1876 598 1880 662 Ι

229 716 468 763 supremus
489 712 695 750 sereniss.
721 711 899 762 reginae
922 709 1162 748 Bohemiae
1186 709 1560 748 eleemosinarius.
1875 711 1879 747 1

285 796 319 833 5.
382 782 468 822 Sed
490 785 661 833 tempus
682 784 762 829 est,
788 782 894 820 Rde.
920 782 1073 828 Pater,
1098 782 1143 818 ltl‘
1165 779 1400 819 enarratis
1419 779 1479 831 ijs
1500 793 1612 830 qnae
1634 781 1851 831 proprius
1875 786 1880 831 1

231 655 253 680 e
270 654 451 679 numero
475 645 540 678 est
563 640 604 678 in
625 640 773 691 primis
796 640 843 678 R.
851 640 921 665 <1¹8⁵
943 637 1298 688 archiepiscopus
1319 637 1584 688 Strigoniae,
1613 651 1665 678 ac
1695 638 1848 679 deinde

231 858 289 895 ad
304 854 539 907 publicum
561 854 726 892 bonum
764 853 1037 892 uidebantur
1071 853 1286 902 spectare,
1325 853 1505 891 tandem
1529 854 1587 890 ad
1603 852 1795 903 priuata
1815 855 1851 893 et

231 927 475 967 domestica
509 937 760 965 sermonem
801 925 1064 963 confiteriam
1101 925 1323 962 nostrum.
1349 923 1542 962 Tametsi
1563 929 1737 963 rectore
1758 937 1850 963 nos-
1875 968 1879 976 Ι

230 1002 298 1037 tro
324 1001 329 1018 ¹
354 1003 540 1048 quatuor
561 996 745 1047 integris
769 995 992 1033 mensibus
1011 994 1242 1041 caruimus,
1263 999 1307 1032 et
1329 993 1463 1033 solius
1479 995 1527 1033 R.
1548 995 1595 1033 P.
1616 995 1688 1034 Μ.1
1714 996 1853 1036 Caroli
1875 978 1880 1083 ⁸

232 1072 352 1111 Grrim
374 1067 643 1120 prorectoris
677 1080 811 1119 opera
848 1067 913 1105 usi
949 1080 1112 1114 sumus,
1151 1066 1237 1104 suis
1267 1069 1415 1104 tamen
1448 1067 1521 1105 ille
1555 1079 1688 1118 saepe
1721 1067 1853 1107 literis

233 1142 365 1192 officij
387 1154 468 1180 nos
490 1140 657 1178 monuit
678 1139 831 1178 nostri.
858 1140 967 1178 Cum
988 1138 1089 1176 hinc
1111 1139 1310 1189 Pragam,
1333 1142 1379 1175 ut
1396 1137 1610 1189 quaedam
1631 1137 1742 1177 illius
1773 1139 1854 1177 col·

231 1214 333 1265 legij
357 1211 537 1264 negotia
558 1211 611 1249 ad
633 1211 764 1249 finem
800 1209 1058 1256 deduceret,
1092 1221 1190 1247 sese
1227 1208 1499 1257 contulisset,
1537 1209 1590 1248 ab
1625 1209 1853 1249 archiduce
1888 1232 1889 1236 =

232 1283 509 1324 Ferdinando
542 1280 856 1334 benignissime
878 1281 1278 1332 humanissimeque
1304 1281 1384 1319 fuit
1415 1286 1642 1331 exceptus,
1668 1293 1718 1320 ac
1738 1279 1854 1319 uiati-

233 1370 284 1396 co
326 1355 490 1395 deinde
530 1367 616 1406 quo
657 1354 900 1404 Augustam
930 1352 1286 1403 proficisceretur
1315 1352 1569 1400 instructus;
1602 1365 1655 1391 eo
1688 1353 1800 1391 enim
1831 1365 1854 1391 a

234 1430 281 1467 R.
308 1429 353 1466 Ρ.
380 1425 641 1465 Prouinciali
662 1425 674 1445 ²
696 1429 801 1463 tunc
823 1424 1050 1474 temporis,
1075 1436 1162 1461 non
1198 1423 1338 1462 solum
1367 1428 1546 1474 propter
1575 1423 1854 1475 collegiorum
1884 1443 1888 1446 -

232 1498 411 1550 negotia
431 1502 696 1543 nostrorum,
722 1494 799 1533 sed
823 1495 879 1533 ob
900 1494 1057 1532 arduas
1089 1493 1219 1532 etiam
1254 1494 1359 1533 alias
1393 1506 1444 1533 ac
1478 1495 1622 1546 magni
1655 1494 1855 1545 ponderis

235 1582 385 1609 causas
406 1569 548 1607 fuerat
569 1572 767 1606 uocatus.
806 1566 887 1604 Vbi
919 1566 1053 1604 multa
1088 1578 1184 1604 cum
1221 1566 1268 1604 R.
1303 1566 1350 1603 Ρ.
1388 1565 1566 1615 Lanoyo
1608 1570 1651 1604 et
1686 1570 1854 1604 rectore

234 1647 383 1681 nostro
408 1642 455 1679 R.
481 1641 527 1680 Ρ.
552 1638 831 1690 prouincialis
853 1637 908 1676 de
931 1637 1116 1676 diuersis
1148 1637 1191 1676 in
1221 1637 1458 1676 Germania
1479 1637 1695 1689 collegijs,
1735 1649 1786 1676 ac
1816 1637 1855 1676 in
1877 1666 1879 1671 .

234 1712 381 1763 primis
403 1711 458 1750 de
481 1714 789 1761 oenepontano
822 1714 955 1760 atque
986 1709 1240 1747 monacensi
1275 1709 1511 1760 erigendis,
1535 1708 1678 1759 deque
1702 1709 1856 1760 optima

235 1788 482 1822 erectorum
504 1781 825 1834 gubernatione
847 1780 1065 1819 tractauit.
1091 1780 1190 1830 Quo
1213 1788 1430 1830 tempore,
1462 1793 1549 1819 non
1579 1781 1695 1819 leuia
1722 1781 1803 1820 illis
1833 1793 1856 1819 a

235 1867 443 1894 caesarea
464 1854 594 1892 etiam
616 1853 846 1892 maiestate
869 1851 1063 1903 negotia,
1087 1852 1292 1890 nonnulla
1316 1851 1457 1890 etia-m
1486 1852 1539 1890 ab
1560 1851 1655 1901 alijs
1674 1851 1856 1902 primati-

235 1928 313 1966 bus
335 1939 386 1965 ac
409 1926 695 1965 ecclesiarum
716 1925 1004 1976 praesulibus,
1029 1936 1080 1962 ac
1102 1935 1154 1962 ea
1178 1923 1452 1974 potissimum
1474 1937 1584 1975 quae
1606 1923 1855 1976 religionem

234 2012 286 2038 ac
319 1998 450 2037 fidem
473 1997 735 2036 chatolicam
773 1996 1116 2042 concernebant‚
1149 1994 1376 2033 tractanda
1408 1995 1585 2034 fuerunt
1622 1995 1852 2047 proposita.

1875 1978 1882 2016 l

235 2071 345 2110 Cum
366 2071 478 2108 haec
499 2073 739 2121 agerentur
762 2073 805 2106 et
827 2079 987 2119 graues
1010 2067 1141 2106 etiam
1165 2066 1220 2106 de
1238 2067 1453 2118 religione
1471 2079 1629 2106 causae
1650 2067 1692 2105 in
1709 2079 1856 2119 augus·

236 2143 346 2181 tanis
368 2141 558 2190 comitijs
580 2152 738 2191 magna
774 2152 870 2178 cum
902 2138 1160 2177 difficultate
1196 2143 1328 2189 atque
1362 2138 1519 2177 timore
1555 2143 1854 2186 tractarentur,

238 2218 281 2251 et
301 2213 517 2264 permulta
538 2210 773 2251 admodum
795 2211 1006 2262 perplexa
1027 2214 1176 2248 essent
1197 2221 1249 2248 ac
1269 2209 1485 2257 intricata,
1518 2209 1694 2248 tandem
1728 2221 1856 2261 nego·

236 2285 308 2334 tijs
331 2283 505 2334 quidem
528 2282 747 2322 nonnullis
767 2287 859 2320 tum
880 2283 1051 2333 Pragae
1073 2286 1164 2319 turn
1186 2281 1414 2332 Augustae
1436 2281 1665 2329 confectis,
1683 2281 1856 2320 nonnul-

240 2356 290 2394 lis
312 2367 419 2394 uero
441 2355 581 2402 breui,
606 2355 702 2392 Deo
726 2353 828 2405 Opt.
853 2354 967 2392 Max.
992 2352 1120 2400 duce,
1159 2351 1461 2404 expediendis,
1499 2352 1553 2391 ad
1586 2365 1667 2392 nos
1700 2357 1854 2400 rector,

238 2426 333 2465 Deo
355 2427 463 2474 laus,
486 2430 638 2464 noster
660 2424 807 2474 redijt,
833 2429 877 2462 et
897 2437 978 2463 nos
1001 2435 1154 2462 omnes
1175 2422 1230 2462 ad
1258 2423 1469 2462 maiorem
1505 2435 1529 2461 e
1561 2423 1750 2475 uestigio
1783 2435 1855 2474 pro

235 2495 422 2536 instituti
440 2496 577 2535 nostri
600 2495 771 2535 ratione
792 2495 1114 2547 perfectionem
1136 2494 1327 2545 aspirare
1350 2494 1591 2546 coepimus;
1626 2494 1744 2546 quod
1768 2506 1856 2546 per-

239 2569 388 2616 multa,
409 2579 462 2606 eo
481 2568 720 2616 referente,
739 2566 890 2606 auditu
908 2566 1160 2618 dignissima
1180 2565 1543 2613 intellexerimus3
1564 2570 1656 2604 tum
1677 2566 1856 2604 maxime

239 2638 357 2690 quod
378 2644 539 2690 quanta
554 2639 597 2677 in
613 2639 837 2678 hominum
855 2638 1159 2677 uniuersorum
1176 2637 1452 2688 spectatione
1474 2644 1494 2662 ἃ
1522 2636 1669 2685 simus,
1688 2641 1856 2688 quanta-

239 2721 324 2761 que
347 2708 658 2758 sollicitudine,
683 2710 878 2758 solertia,
899 2708 1200 2757 contentione,
1219 2707 1590 2759 exspectationem
1611 2707 1730 2748 hanc
1749 2708 1769 2734 b
1788 2706 1872 2746 de·-

285 2859 305 2878 ἢ
354 2857 646 2906 expectatione.
701 2860 765 2884 —b
787 2871 890 2896 eam.

289 3002 298 3022 ¹
350 2999 393 3037 P.
407 2999 587 3048 joannes
605 3000 654 3037 de
676 2999 869 3038 Victoria.

288 3060 301 3080 ²
350 3059 397 3096 P.
418 3059 564 3097 Petrus
585 3058 782 3097 Canisius.
