1908 3446
544 162 882 202 377.-LA0R1<:‡0
913 163 954 201 12
982 163 1089 211 MAJi
1117 164 1208 202 1560
1314 196 1320 203 .
1581 162 1650 200 643

77 261 208 310 Quod
231 277 334 303 sane
358 265 566 304 effectum
591 272 657 305 est
680 268 808 305 etiam
826 268 945 306 hisce
969 267 1127 318 elapsis
1149 267 1386 312 mensibus,
1406 266 1595 303 maxime
1612 267 1696 303 hoc

73 336 265 384 paschali
287 341 502 387 tempore,
528 338 699 386 quando
732 352 807 388 pro
831 351 953 377 more
985 339 1234 376 exultantes
1255 337 1588 388 peregrinorum
1611 342 1696 373 tur-

74 405 149 443 bas
172 408 440 458 excepimus,
465 409 709 459 auditisque
730 422 881 448 eorum
900 410 1249 448 confessionibus
1271 421 1322 446 ac
1343 408 1537 445 refectos
1560 408 1696 445 celes-

74 477 104 514 ti
126 478 330 516 alimonia
365 479 417 516 ad
452 480 603 530 propia
637 482 895 520 remisimus.
921 483 1029 521 Cum
1066 480 1312 518 huiusmodi
1343 487 1490 517 autem
1523 485 1566 516 et
1588 477 1695 525 aliis,

73 549 143 598 qui
166 550 384 587 turmatim
406 549 618 600 quotidie,
642 552 773 590 immo
799 559 841 590 et
864 551 1042 603 singulis
1072 552 1167 590 fere
1189 551 1322 598 horis,
1347 550 1401 588 ad
1422 549 1694 588 inuisendum

72 620 157 657 hoc
192 624 518 658 sacrosanctum
541 628 558 646 a
580 623 786 661 sacellum
822 625 1017 670 veniunt,
1058 635 1184 673 quaev
1202 636 1276 672 per
1299 628 1474 660 nostros
1497 621 1697 658 effecerit

74 691 205 735 Deus,
230 691 322 741 ipse
344 693 462 729 solus
485 693 607 729 novit
630 694 700 743 qui
723 694 848 731 finxit
866 693 1085 745 sigillatim
1109 693 1241 731 corda
1262 692 1485 730 hominum
1508 698 1552 729 et
1574 692 1697 729 intel-

70 761 164 812 ligit
188 762 330 800 omnia
366 775 500 812 opera
523 775 674 802 eorum
699 770 722 802 ¹.
748 765 848 803 Mihi
885 779 987 803 sane
1010 766 1081 803 hic
1110 765 1308 816 quotidie
1343 764 1462 814 loqui
1493 763 1697 801 videntur

72 833 192 879 muti,
226 832 344 870 surdi
374 833 540 881 audire,
580 835 720 872 claudi
755 836 991 883 ambulare,
1030 836 1194 887 leprosi
1230 835 1442 881 mundari,
1480 834 1611 872 immo
1654 840 1697 871 et

71 904 231 942 mortui
252 904 454 943 suscitari
475 907 502 952 ²,
528 918 624 943 cum
647 906 815 945 efficaci
837 913 1210 945 sacramentorum
1242 907 1405 945 virtute
1436 912 1479 944 et
1500 906 1697 944 beatissi-

72 987 168 1012 mae
192 976 380 1026 Virginis
402 977 721 1016 intercessione
743 979 897 1017 similia
918 980 960 1017 in
981 980 1216 1017 multorum
1238 979 1391 1016 animis
1412 977 1507 1015 fieri
1529 978 1696 1028 conspi-

71 1046 195 1093 ciam,
220 1060 304 1096 que
328 1047 430 1084 olim
452 1048 493 1085 in
516 1050 774 1099 corporibus
798 1051 1060 1100 operabatur
1093 1050 1319 1088 Dominus.
1354 1048 1528 1087 Crescit
1548 1049 1695 1099 itaque

69 1115 110 1154 in
131 1117 225 1155 dies
256 1118 381 1155 huius
418 1119 528 1156 sacri
559 1119 709 1170 templi
739 1120 921 1159 deuotio
961 1127 1004 1159 et
1039 1127 1186 1159 tantae
1219 1121 1395 1171 pietatis
1425 1120 1693 1158 obseruatio.

69 1189 177 1227 Cum
199 1191 458 1239 praesertim
479 1191 621 1228 nullus
643 1192 712 1238 sit,
736 1193 808 1243 qui
829 1193 929 1231 hinc
950 1194 1097 1231 valeat
1118 1192 1350 1230 discedere
1368 1191 1459 1229 sine
1483 1196 1605 1229 certo
1624 1192 1695 1229 ali—

67 1272 152 1309 quo
175 1260 413 1300 diuinitatis
436 1263 635 1313 pignore,
660 1263 897 1303 dummodo
921 1277 968 1303 se
991 1265 1045 1302 ad
1066 1266 1151 1303 hoc
1174 1266 1242 1302 vel
1266 1264 1549 1302 mediocriter
1570 1276 1695 1314 prae-

69 1333 303 1381 parauerit.
329 1334 374 1371 In
406 1334 479 1371 tali
509 1334 707 1372 nimirum
738 1336 855 1382 loco,
886 1337 928 1374 in
950 1349 1036 1386 quo
1060 1336 1323 1386 complacuit
1347 1336 1464 1372 Patri
1495 1334 1597 1372 dare
1620 1347 1695 1372 no·

67 1403 133 1440 bis
154 1405 426 1454 vnigenitum
448 1406 600 1443 Filium
624 1412 667 1444 et
689 1406 910 1445 dominum
934 1409 1092 1446 Iesum.
1119 1408 1206 1445 Cur
1224 1408 1353 1458 igitur
1376 1419 1472 1444 cum
1495 1407 1568 1444 illo
1593 1413 1636 1443 et
1653 1406 1694 1444 in

68 1474 227 1513 eodem
248 1476 348 1514 1000
371 1489 457 1514 11011
482 1478 612 1515 etiam
636 1479 780 1516 omnia
801 1478 1002 1517 donabit?
1019 1482 1031 1501 ³
1055 1479 1142 1518 Sed
1165 1492 1218 1516 ex
1242 1479 1402 1525 multis,
1436 1490 1546 1528 quae
1569 1478 1694 1516 nobis

66 1546 119 1583 ab
154 1546 324 1594 iisdem,
357 1548 429 1597 qui
460 1547 562 1586 talia
593 1551 763 1599 experti
794 1555 907 1596 sunt,
941 1551 1222 1588 innotescere
1257 1555 1512 1600 potuerunt,
1555 1561 1692 1599 pauca

67 1617 220 1656 saltem
242 1631 569 1658 recenseamus,

119 1699 155 1727 2.
214 1690 312 1727 Fuit
346 1691 411 1728 vir
434 1692 610 1741 quidem
640 1693 812 1731 10011015
833 1694 1052 1740 fortunae,
1087 1692 1165 1732 sed
1202 1707 1371 1731 morum
1403 1693 1691 1731 infoelicitate

66 1772 173 1797 vere
196 1761 341 1809 miser,
366 1763 437 1812 qui
458 1769 690 1813 postquam
722 1777 798 1814 per
820 1766 980 1802 multos
1010 1777 1146 1802 annos
1178 1776 1320 1803 coeno
1352 1764 1612 1814 nephandae
1634 1765 1693 1801 111-

71 1832 218 1870 xuriae
242 1833 377 1871 vitam
400 1847 520 1872 suam
543 1837 923 1883 commaculasset,
957 1836 1145 1875 necdum
1167 1849 1299 1886 puros
1334 1837 1485 1874 oculos
1508 1835 1561 1874 ad
1594 1848 1693 1874 coe-

64 1903 151 1941 lum
175 1904 421 1951 extulisset,
447 1906 648 1944 confiteri
669 1913 814 1946 tamen
838 1909 1033 1958 cupiens,
1057 1907 1110 1945 ad
1133 1921 1264 1944 vnum
1285 1919 1339 1944 ex
1361 1907 1524 1945 nostris
1546 1918 1693 1944 acces-

63 1975 133 2021 sit,
153 1987 177 2012 a
193 1987 278 2024 quo
298 1977 594 2027 reprehensus
617 1990 667 2016 ac
683 1979 963 2029 postmodum
985 1979 1223 2017 instructus
1245 1977 1347 2029 quid
1364 1978 1481 2016 facto
1503 1991 1609 2028 opus
1629 1991 1692 2016 es-

68 2051 153 2093 set,
178 2045 292 2084 sanis
314 2048 506 2085 consiliis
527 2049 666 2086 noluit
701 2050 1008 2099 acquiescere,
1040 2049 1118 2087 sed
1149 2050 1294 2100 potius
1317 2054 1520 2099 tanquam
1552 2049 1694 2086 furriis

62 2123 202 2165 actus,
227 2118 372 2169 coepit
393 2119 448 2156 ad
470 2120 745 2158 excusandas
769 2122 1080 2159 excusationes
1103 2122 1143 2158 in
1165 2121 1360 2171 peccatis
1381 2121 1394 2139 ⁴
1412 2120 1691 2171 eloquentiae

64 2188 181 2226 vires
203 2189 428 2237 adhibere,
453 2202 504 2228 ac
523 2191 770 2241 procaciter
791 2192 1008 2230 affirmare
1032 2190 1238 2242 ‚simplicis
1268 2190 1570 2229 fornicationis
1593 2203 1693 2229 con-

65 2260 258 2298 cubitum
279 2273 367 2298 non
390 2273 488 2299 esse
510 2268 740 2311 peccatum
765 2263 964 2309 mortale,
989 2275 1040 2300 ac
1068 2261 1250 2313 proinde
1273 2275 1405 2312 posse
1438 2274 1485 2300 se
1509 2274 1563 2299 ex
1586 2263 1690 2300 mul-

63 2331 117 2369 tis
138 2332 406 2380 mulieribus,
430 2345 610 2383 quarum
633 2333 954 2371 consuetudine
976 2332 1048 2371 diu
1071 2347 1172 2372 vsus
1193 2334 1352 2380 fuerat,
1384 2346 1511 2371 vnam
1535 2335 1689 2371 saltem

73 2402 190 2441 domi
211 2404 403 2442 retinere
440 2417 495 2443 ex
529 2418 613 2455 qua
645 2406 756 2443 filios
792 2405 1073 2455 suscepisset.
1111 2405 1311 2456 Cumque
1333 2418 1357 2443 a
1387 2411 1508 2443 tanto
1542 2418 1691 2443 errore

62 2475 178 2513 nulla
198 2476 367 2514 ratione
390 2476 547 2537 abduci
567 2482 735 2528 posset,
755 2476 810 2514 ad
846 2489 1015 2515 sacrum
1037 2477 1229 2528 Virginis
1251 2478 1462 2515 sacellum
1485 2478 1687 2523 mittitur,

108 2635 127 2654 ³
179 2636 270 2683 Seq.
291 2636 375 2673 del.
395 2643 641 2674 saerosanct.

171 2787 243 2824 Ps.
266 2787 445 2833 XXXII,
468 2788 523 2826 15.

173 2846 236 2885 Cf.
257 2846 455 2890 Mum„
475 2847 549 2893 XI,
570 2848 604 2885 5.

173 2905 295 2951 Rom..
318 2907 430 2952 VIII,
450 2906 510 2946 32.

172 2966 238 3003 Ps.
261 2965 395 3013 CXL,
414 2967 448 3005 4,

108 2788 122 2986 *wne*—
