<?xml version="1.0" encoding="UTF-8"?>
<!DOCTYPE html PUBLIC "-//W3C//DTD XHTML 1.0 Transitional//EN"
    "http://www.w3.org/TR/xhtml1/DTD/xhtml1-transitional.dtd">
<html xmlns="http://www.w3.org/1999/xhtml" xml:lang="en" lang="en">
 <head>
  <title>
</title>
<meta http-equiv="Content-Type" content="text/html;charset=utf-8" />
  <meta name='ocr-system' content='tesseract 3.04.00' />
  <meta name='ocr-capabilities' content='ocr_page ocr_carea ocr_par ocr_line ocrx_word'/>
</head>
<body>
  <div class='ocr_page' id='page_1' title='image "./litteraequadrime1806lain_0511.png"; bbox 0 0 1908 3446; ppageno 0'>
   <div class='ocr_carea' id='block_1_1' title="bbox 7 0 21 301">
    <p class='ocr_par' dir='ltr' id='par_1_1' title="bbox 7 0 21 301">
     <span class='ocr_line' id='line_1_1' title="bbox 7 0 21 301; textangle 90"><span class='ocrx_word' id='word_1_1' title='bbox 12 291 15 301; x_wconf 42' lang='grc' dir='ltr'><em>Α</em></span> <span class='ocrx_word' id='word_1_2' title='bbox 12 237 21 287; x_wconf 46' lang='lat'>2-5&#39;</span> <span class='ocrx_word' id='word_1_3' title='bbox 12 223 18 233; x_wconf 65' lang='lat'>*⁷</span> <span class='ocrx_word' id='word_1_4' title='bbox 8 169 17 210; x_wconf 52' lang='lat'>&#39;⁴³⁸³‘</span> <span class='ocrx_word' id='word_1_5' title='bbox 11 159 15 165; x_wconf 72' lang='lat'><em>⁴</em></span> <span class='ocrx_word' id='word_1_6' title='bbox 10 145 12 152; x_wconf 58' lang='lat'><strong><em>⁴</em></strong></span> <span class='ocrx_word' id='word_1_7' title='bbox 7 0 21 141; x_wconf 45' lang='lat' dir='ltr'>’fflsssaeaz</span> 
     </span>
    </p>
   </div>
   <div class='ocr_carea' id='block_1_2' title="bbox 15 445 27 1093">
    <p class='ocr_par' dir='ltr' id='par_1_2' title="bbox 15 445 27 1093">
     <span class='ocr_line' id='line_1_2' title="bbox 15 445 27 1093; baseline 0 0"><span class='ocrx_word' id='word_1_8' title='bbox 15 445 27 1093; x_wconf 95' lang='lat' dir='ltr'> </span> 
     </span>
    </p>
   </div>
   <div class='ocr_carea' id='block_1_3' title="bbox 21 2093 28 2700">
    <p class='ocr_par' dir='ltr' id='par_1_3' title="bbox 21 2093 28 2700">
     <span class='ocr_line' id='line_1_3' title="bbox 21 2093 28 2700; baseline 0 0"><span class='ocrx_word' id='word_1_9' title='bbox 21 2093 28 2700; x_wconf 95' lang='lat' dir='ltr'> </span> 
     </span>
    </p>
   </div>
   <div class='ocr_carea' id='block_1_4' title="bbox 548 188 1669 235">
    <p class='ocr_par' dir='ltr' id='par_1_4' title="bbox 548 188 1669 235">
     <span class='ocr_line' id='line_1_4' title="bbox 548 188 1669 235; baseline -0.001 -9"><span class='ocrx_word' id='word_1_10' title='bbox 548 188 877 226; x_wconf 72' lang='lat' dir='ltr'><strong>337.—NEA120L1</strong></span> <span class='ocrx_word' id='word_1_11' title='bbox 907 188 949 225; x_wconf 83' lang='lat'>13</span> <span class='ocrx_word' id='word_1_12' title='bbox 974 198 1168 235; x_wconf 66' lang='lat' dir='ltr'>jANUAlell</span> <span class='ocrx_word' id='word_1_13' title='bbox 1202 189 1289 225; x_wconf 66' lang='lat'>1560</span> <span class='ocrx_word' id='word_1_14' title='bbox 1610 191 1669 225; x_wconf 52' lang='grc'><strong>,191</strong></span> 
     </span>
    </p>
   </div>
   <div class='ocr_carea' id='block_1_5' title="bbox 102 289 1751 2629">
    <p class='ocr_par' dir='ltr' id='par_1_5' title="bbox 102 289 1751 2629">
     <span class='ocr_line' id='line_1_5' title="bbox 102 289 1724 344; baseline -0.003 -12"><span class='ocrx_word' id='word_1_15' title='bbox 102 307 189 333; x_wconf 85' lang='grc'><strong>11011</strong></span> <span class='ocrx_word' id='word_1_16' title='bbox 210 293 335 344; x_wconf 89' lang='lat' dir='ltr'>pauci</span> <span class='ocrx_word' id='word_1_17' title='bbox 357 292 441 330; x_wconf 88' lang='lat' dir='ltr'>sint</span> <span class='ocrx_word' id='word_1_18' title='bbox 463 292 535 342; x_wconf 84' lang='lat' dir='ltr'>qui</span> <span class='ocrx_word' id='word_1_19' title='bbox 556 291 700 329; x_wconf 88' lang='lat' dir='ltr'>locum</span> <span class='ocrx_word' id='word_1_20' title='bbox 728 290 978 340; x_wconf 83' lang='lat' dir='ltr'>sepulturae</span> <span class='ocrx_word' id='word_1_21' title='bbox 1001 289 1111 326; x_wconf 82' lang='lat' dir='ltr'>intra</span> <span class='ocrx_word' id='word_1_22' title='bbox 1141 293 1335 327; x_wconf 81' lang='lat' dir='ltr'>nostruin</span> <span class='ocrx_word' id='word_1_23' title='bbox 1366 292 1569 339; x_wconf 71' lang='lat' dir='ltr'>templum</span> <span class='ocrx_word' id='word_1_24' title='bbox 1596 290 1724 341; x_wconf 63' lang='grc'><strong>1111111·-</strong></span> 
     </span>
     <span class='ocr_line' id='line_1_6' title="bbox 105 360 1725 412; baseline -0.004 -9"><span class='ocrx_word' id='word_1_25' title='bbox 105 371 218 404; x_wconf 90' lang='lat' dir='ltr'>trare</span> <span class='ocrx_word' id='word_1_26' title='bbox 241 363 512 409; x_wconf 78' lang='lat' dir='ltr'>desiderent3</span> <span class='ocrx_word' id='word_1_27' title='bbox 536 360 652 412; x_wconf 86' lang='lat' dir='ltr'>quod</span> <span class='ocrx_word' id='word_1_28' title='bbox 683 366 829 399; x_wconf 86' lang='lat' dir='ltr'>tamen</span> <span class='ocrx_word' id='word_1_29' title='bbox 865 373 951 397; x_wconf 93' lang='lat' dir='ltr'>non</span> <span class='ocrx_word' id='word_1_30' title='bbox 984 360 1255 407; x_wconf 78' lang='lat' dir='ltr'>conceditur,</span> <span class='ocrx_word' id='word_1_31' title='bbox 1288 361 1364 398; x_wconf 77' lang='lat' dir='ltr'>nisi</span> <span class='ocrx_word' id='word_1_32' title='bbox 1399 362 1508 398; x_wconf 56' lang='grc' dir='ltr'><strong>[οι-11·</strong></span> <span class='ocrx_word' id='word_1_33' title='bbox 1545 363 1592 410; x_wconf 70' lang='lat' dir='ltr'>ijs</span> <span class='ocrx_word' id='word_1_34' title='bbox 1623 377 1725 411; x_wconf 64' lang='lat' dir='ltr'>qun-</span> 
     </span>
     <span class='ocr_line' id='line_1_7' title="bbox 104 429 1726 485; baseline -0.003 -11"><span class='ocrx_word' id='word_1_35' title='bbox 104 449 195 474; x_wconf 92' lang='lat' dir='ltr'>rum</span> <span class='ocrx_word' id='word_1_36' title='bbox 216 434 392 485; x_wconf 88' lang='lat' dir='ltr'>quidem</span> <span class='ocrx_word' id='word_1_37' title='bbox 417 438 484 471; x_wconf 88' lang='lat' dir='ltr'>est</span> <span class='ocrx_word' id='word_1_38' title='bbox 512 433 714 471; x_wconf 77' lang='lat' dir='ltr'>Societas</span> <span class='ocrx_word' id='word_1_39' title='bbox 746 444 914 469; x_wconf 87' lang='lat' dir='ltr'>summo</span> <span class='ocrx_word' id='word_1_40' title='bbox 946 429 1163 468; x_wconf 84' lang='lat' dir='ltr'>beneficio</span> <span class='ocrx_word' id='word_1_41' title='bbox 1197 430 1401 468; x_wconf 83' lang='lat' dir='ltr'>deuincta</span> <span class='ocrx_word' id='word_1_42' title='bbox 1431 440 1463 468; x_wconf 70' lang='lat'>³¹.</span> <span class='ocrx_word' id='word_1_43' title='bbox 1488 433 1726 482; x_wconf 56' lang='lat' dir='ltr'>Superiori-</span> 
     </span>
     <span class='ocr_line' id='line_1_8' title="bbox 103 503 1728 554; baseline -0.004 -8"><span class='ocrx_word' id='word_1_44' title='bbox 103 510 182 548; x_wconf 76' lang='lat' dir='ltr'>bus</span> <span class='ocrx_word' id='word_1_45' title='bbox 204 506 359 545; x_wconf 87' lang='lat' dir='ltr'>diebus</span> <span class='ocrx_word' id='word_1_46' title='bbox 381 511 578 543; x_wconf 87' lang='lat' dir='ltr'>matrona</span> <span class='ocrx_word' id='word_1_47' title='bbox 608 504 821 554; x_wconf 75' lang='lat' dir='ltr'>quaedam</span> <span class='ocrx_word' id='word_1_48' title='bbox 844 503 1032 540; x_wconf 80' lang='lat' dir='ltr'>maxime</span> <span class='ocrx_word' id='word_1_49' title='bbox 1063 503 1240 539; x_wconf 78' lang='lat' dir='ltr'>illustris</span> <span class='ocrx_word' id='word_1_50' title='bbox 1262 504 1389 551; x_wconf 68' lang='lat' dir='ltr'>(quae</span> <span class='ocrx_word' id='word_1_51' title='bbox 1416 504 1544 550; x_wconf 51' lang='lat' dir='ltr'>uulgo</span> <span class='ocrx_word' id='word_1_52' title='bbox 1579 504 1728 553; x_wconf 66' lang='lat' dir='ltr'>princi-</span> 
     </span>
     <span class='ocr_line' id='line_1_9' title="bbox 103 574 1728 631; baseline -0.004 -14"><span class='ocrx_word' id='word_1_53' title='bbox 103 580 216 631; x_wconf 88' lang='lat' dir='ltr'>pissa</span> <span class='ocrx_word' id='word_1_54' title='bbox 239 578 472 616; x_wconf 78' lang='lat' dir='ltr'>Molfectae</span> <span class='ocrx_word' id='word_1_55' title='bbox 496 575 742 623; x_wconf 78' lang='lat' dir='ltr'>dicebatur)</span> <span class='ocrx_word' id='word_1_56' title='bbox 774 581 800 621; x_wconf 86' lang='lat'>¹,</span> <span class='ocrx_word' id='word_1_57' title='bbox 835 586 888 611; x_wconf 86' lang='lat' dir='ltr'>ex</span> <span class='ocrx_word' id='word_1_58' title='bbox 920 575 1000 612; x_wconf 88' lang='lat' dir='ltr'>hac</span> <span class='ocrx_word' id='word_1_59' title='bbox 1022 574 1109 610; x_wconf 87' lang='lat' dir='ltr'>uita</span> <span class='ocrx_word' id='word_1_60' title='bbox 1142 574 1348 617; x_wconf 75' lang='lat' dir='ltr'>excessit,</span> <span class='ocrx_word' id='word_1_61' title='bbox 1369 574 1525 623; x_wconf 69' lang='lat' dir='ltr'>quippe</span> <span class='ocrx_word' id='word_1_62' title='bbox 1556 588 1665 623; x_wconf 61' lang='lat' dir='ltr'>quae</span> <span class='ocrx_word' id='word_1_63' title='bbox 1691 576 1728 611; x_wconf 84' lang='lat' dir='ltr'>in</span> 
     </span>
     <span class='ocr_line' id='line_1_10' title="bbox 103 644 1728 699; baseline -0.006 -10"><span class='ocrx_word' id='word_1_64' title='bbox 103 654 253 690; x_wconf 82' lang='lat' dir='ltr'>nostro</span> <span class='ocrx_word' id='word_1_65' title='bbox 291 648 453 699; x_wconf 90' lang='lat' dir='ltr'>templo</span> <span class='ocrx_word' id='word_1_66' title='bbox 486 648 550 685; x_wconf 91' lang='lat' dir='ltr'>sui</span> <span class='ocrx_word' id='word_1_67' title='bbox 579 647 716 696; x_wconf 83' lang='lat' dir='ltr'>jpsius</span> <span class='ocrx_word' id='word_1_68' title='bbox 749 645 951 691; x_wconf 85' lang='lat' dir='ltr'>cadauer,</span> <span class='ocrx_word' id='word_1_69' title='bbox 986 650 1029 683; x_wconf 86' lang='lat' dir='ltr'>et</span> <span class='ocrx_word' id='word_1_70' title='bbox 1060 645 1195 693; x_wconf 80' lang='lat' dir='ltr'>(quod</span> <span class='ocrx_word' id='word_1_71' title='bbox 1226 644 1360 681; x_wconf 87' lang='lat' dir='ltr'>maius</span> <span class='ocrx_word' id='word_1_72' title='bbox 1395 649 1477 692; x_wconf 83' lang='lat' dir='ltr'>est)</span> <span class='ocrx_word' id='word_1_73' title='bbox 1509 645 1547 681; x_wconf 86' lang='lat' dir='ltr'>in</span> <span class='ocrx_word' id='word_1_74' title='bbox 1579 651 1728 681; x_wconf 65' lang='lat' dir='ltr'>nostro</span> 
     </span>
     <span class='ocr_line' id='line_1_11' title="bbox 106 715 1730 769; baseline -0.005 -9"><span class='ocrx_word' id='word_1_75' title='bbox 106 722 392 761; x_wconf 83' lang='lat' dir='ltr'>subterraneo</span> <span class='ocrx_word' id='word_1_76' title='bbox 416 718 663 769; x_wconf 84' lang='lat' dir='ltr'>sepulchro,</span> <span class='ocrx_word' id='word_1_77' title='bbox 698 717 904 755; x_wconf 87' lang='lat' dir='ltr'>constitui</span> <span class='ocrx_word' id='word_1_78' title='bbox 935 715 1074 753; x_wconf 82' lang='lat' dir='ltr'>uoluit</span> <span class='ocrx_word' id='word_1_79' title='bbox 1104 720 1233 765; x_wconf 88' lang='lat' dir='ltr'>atque</span> <span class='ocrx_word' id='word_1_80' title='bbox 1267 715 1411 757; x_wconf 70' lang='lat' dir='ltr'>condi3</span> <span class='ocrx_word' id='word_1_81' title='bbox 1435 715 1476 752; x_wconf 85' lang='lat' dir='ltr'>id</span> <span class='ocrx_word' id='word_1_82' title='bbox 1499 715 1614 764; x_wconf 71' lang='lat' dir='ltr'>quod</span> <span class='ocrx_word' id='word_1_83' title='bbox 1647 728 1730 752; x_wconf 78' lang='lat' dir='ltr'>non</span> 
     </span>
     <span class='ocr_line' id='line_1_12' title="bbox 106 786 1732 839; baseline -0.005 -8"><span class='ocrx_word' id='word_1_84' title='bbox 106 792 197 832; x_wconf 89' lang='lat' dir='ltr'>sine</span> <span class='ocrx_word' id='word_1_85' title='bbox 218 791 348 830; x_wconf 88' lang='lat' dir='ltr'>animi</span> <span class='ocrx_word' id='word_1_86' title='bbox 382 790 625 828; x_wconf 82' lang='lat' dir='ltr'>modestiae</span> <span class='ocrx_word' id='word_1_87' title='bbox 654 786 1002 839; x_wconf 88' lang='lat' dir='ltr'>praeclarissimo</span> <span class='ocrx_word' id='word_1_88' title='bbox 1027 787 1229 837; x_wconf 89' lang='lat' dir='ltr'>exemplo</span> <span class='ocrx_word' id='word_1_89' title='bbox 1264 787 1462 824; x_wconf 86' lang='lat' dir='ltr'>omnibus</span> <span class='ocrx_word' id='word_1_90' title='bbox 1484 786 1657 837; x_wconf 80' lang='lat' dir='ltr'>quidem</span> <span class='ocrx_word' id='word_1_91' title='bbox 1680 787 1732 823; x_wconf 61' lang='lat' dir='ltr'>{Ul</span> 
     </span>
     <span class='ocr_line' id='line_1_13' title="bbox 106 858 1732 912; baseline -0.005 -10"><span class='ocrx_word' id='word_1_92' title='bbox 106 863 356 904; x_wconf 88' lang='lat' dir='ltr'>imitandum</span> <span class='ocrx_word' id='word_1_93' title='bbox 378 861 609 912; x_wconf 87' lang='lat' dir='ltr'>proposito</span> <span class='ocrx_word' id='word_1_94' title='bbox 631 861 793 898; x_wconf 84' lang='lat' dir='ltr'>factum</span> <span class='ocrx_word' id='word_1_95' title='bbox 817 865 900 907; x_wconf 80' lang='lat' dir='ltr'>est3</span> <span class='ocrx_word' id='word_1_96' title='bbox 924 871 1021 897; x_wconf 89' lang='lat' dir='ltr'>cum</span> <span class='ocrx_word' id='word_1_97' title='bbox 1042 858 1299 910; x_wconf 84' lang='lat' dir='ltr'>praesertim</span> <span class='ocrx_word' id='word_1_98' title='bbox 1321 859 1362 896; x_wconf 86' lang='lat' dir='ltr'>in</span> <span class='ocrx_word' id='word_1_99' title='bbox 1390 860 1470 896; x_wconf 90' lang='lat' dir='ltr'>hac</span> <span class='ocrx_word' id='word_1_100' title='bbox 1493 863 1577 895; x_wconf 74' lang='lat' dir='ltr'>tam</span> <span class='ocrx_word' id='word_1_101' title='bbox 1601 858 1732 894; x_wconf 77' lang='lat' dir='ltr'>nobili</span> 
     </span>
     <span class='ocr_line' id='line_1_14' title="bbox 107 930 1732 986; baseline -0.006 -12"><span class='ocrx_word' id='word_1_102' title='bbox 107 938 308 986; x_wconf 89' lang='lat' dir='ltr'>claraque</span> <span class='ocrx_word' id='word_1_103' title='bbox 330 933 526 979; x_wconf 87' lang='lat' dir='ltr'>ciuitate,</span> <span class='ocrx_word' id='word_1_104' title='bbox 551 933 623 983; x_wconf 90' lang='lat' dir='ltr'>qui</span> <span class='ocrx_word' id='word_1_105' title='bbox 655 932 726 970; x_wconf 90' lang='lat' dir='ltr'>uel</span> <span class='ocrx_word' id='word_1_106' title='bbox 758 932 946 969; x_wconf 86' lang='lat' dir='ltr'>honesto</span> <span class='ocrx_word' id='word_1_107' title='bbox 970 931 1085 977; x_wconf 90' lang='lat' dir='ltr'>loco,</span> <span class='ocrx_word' id='word_1_108' title='bbox 1118 943 1173 968; x_wconf 91' lang='lat' dir='ltr'>ne</span> <span class='ocrx_word' id='word_1_109' title='bbox 1196 930 1334 968; x_wconf 88' lang='lat' dir='ltr'>dicam</span> <span class='ocrx_word' id='word_1_110' title='bbox 1368 943 1535 967; x_wconf 85' lang='lat' dir='ltr'>summo</span> <span class='ocrx_word' id='word_1_111' title='bbox 1568 940 1732 979; x_wconf 62' lang='lat' dir='ltr'>genere</span> 
     </span>
     <span class='ocr_line' id='line_1_15' title="bbox 105 1000 1736 1055; baseline -0.006 -9"><span class='ocrx_word' id='word_1_112' title='bbox 105 1008 192 1046; x_wconf 87' lang='lat' dir='ltr'>nati</span> <span class='ocrx_word' id='word_1_113' title='bbox 231 1007 329 1053; x_wconf 86' lang='lat' dir='ltr'>sint,</span> <span class='ocrx_word' id='word_1_114' title='bbox 371 1006 412 1043; x_wconf 91' lang='lat' dir='ltr'>in</span> <span class='ocrx_word' id='word_1_115' title='bbox 448 1004 668 1042; x_wconf 81' lang='lat' dir='ltr'>altissimis</span> <span class='ocrx_word' id='word_1_116' title='bbox 706 1008 807 1055; x_wconf 89' lang='lat' dir='ltr'>post</span> <span class='ocrx_word' id='word_1_117' title='bbox 843 1003 1009 1041; x_wconf 87' lang='lat' dir='ltr'>obitum</span> <span class='ocrx_word' id='word_1_118' title='bbox 1051 1002 1520 1051; x_wconf 71' lang='lat' dir='ltr'>excellentissimisque</span> <span class='ocrx_word' id='word_1_119' title='bbox 1561 1000 1736 1038; x_wconf 85' lang='lat' dir='ltr'>tumulis</span> 
     </span>
     <span class='ocr_line' id='line_1_16' title="bbox 106 1074 1736 1130; baseline -0.004 -13"><span class='ocrx_word' id='word_1_120' title='bbox 106 1079 207 1130; x_wconf 90' lang='lat' dir='ltr'>poni</span> <span class='ocrx_word' id='word_1_121' title='bbox 247 1083 290 1115; x_wconf 90' lang='lat' dir='ltr'>et</span> <span class='ocrx_word' id='word_1_122' title='bbox 329 1077 539 1115; x_wconf 90' lang='lat' dir='ltr'>collocari</span> <span class='ocrx_word' id='word_1_123' title='bbox 578 1075 736 1114; x_wconf 89' lang='lat' dir='ltr'>uelint.</span> <span class='ocrx_word' id='word_1_124' title='bbox 797 1077 921 1113; x_wconf 88' lang='lat' dir='ltr'>Haec</span> <span class='ocrx_word' id='word_1_125' title='bbox 961 1080 1158 1112; x_wconf 89' lang='lat' dir='ltr'>matrona</span> <span class='ocrx_word' id='word_1_126' title='bbox 1198 1074 1386 1111; x_wconf 80' lang='lat' dir='ltr'>maxime</span> <span class='ocrx_word' id='word_1_127' title='bbox 1426 1074 1514 1124; x_wconf 85' lang='lat' dir='ltr'>pia,</span> <span class='ocrx_word' id='word_1_128' title='bbox 1563 1078 1736 1123; x_wconf 76' lang='lat' dir='ltr'>praeter</span> 
     </span>
     <span class='ocr_line' id='line_1_17' title="bbox 107 1144 1736 1198; baseline -0.006 -9"><span class='ocrx_word' id='word_1_129' title='bbox 107 1150 208 1189; x_wconf 86' lang='lat' dir='ltr'>alias</span> <span class='ocrx_word' id='word_1_130' title='bbox 247 1150 449 1195; x_wconf 82' lang='lat' dir='ltr'>uirtutes,</span> <span class='ocrx_word' id='word_1_131' title='bbox 494 1147 649 1198; x_wconf 87' lang='lat' dir='ltr'>quibus</span> <span class='ocrx_word' id='word_1_132' title='bbox 686 1145 863 1197; x_wconf 86' lang='lat' dir='ltr'>quidem</span> <span class='ocrx_word' id='word_1_133' title='bbox 916 1146 1008 1196; x_wconf 86' lang='lat' dir='ltr'>ipsa</span> <span class='ocrx_word' id='word_1_134' title='bbox 1049 1145 1230 1183; x_wconf 86' lang='lat' dir='ltr'>mirifice</span> <span class='ocrx_word' id='word_1_135' title='bbox 1265 1144 1462 1195; x_wconf 89' lang='lat' dir='ltr'>praedita</span> <span class='ocrx_word' id='word_1_136' title='bbox 1499 1148 1736 1193; x_wconf 84' lang='lat' dir='ltr'>ornataque</span> 
     </span>
     <span class='ocr_line' id='line_1_18' title="bbox 111 1215 1734 1270; baseline -0.005 -10"><span class='ocrx_word' id='word_1_137' title='bbox 111 1225 216 1268; x_wconf 78' lang='lat' dir='ltr'>erat,</span> <span class='ocrx_word' id='word_1_138' title='bbox 259 1220 383 1270; x_wconf 92' lang='lat' dir='ltr'>(quas</span> <span class='ocrx_word' id='word_1_139' title='bbox 422 1232 537 1257; x_wconf 90' lang='lat' dir='ltr'>nunc</span> <span class='ocrx_word' id='word_1_140' title='bbox 580 1231 732 1256; x_wconf 91' lang='lat' dir='ltr'>omnes</span> <span class='ocrx_word' id='word_1_141' title='bbox 771 1217 950 1268; x_wconf 83' lang='lat' dir='ltr'>longum</span> <span class='ocrx_word' id='word_1_142' title='bbox 987 1221 1105 1254; x_wconf 86' lang='lat' dir='ltr'>esset</span> <span class='ocrx_word' id='word_1_143' title='bbox 1153 1216 1257 1254; x_wconf 88' lang='lat' dir='ltr'>mihi</span> <span class='ocrx_word' id='word_1_144' title='bbox 1295 1215 1500 1266; x_wconf 83' lang='lat' dir='ltr'>persequi</span> <span class='ocrx_word' id='word_1_145' title='bbox 1536 1227 1734 1265; x_wconf 86' lang='lat' dir='ltr'>praeser-</span> 
     </span>
     <span class='ocr_line' id='line_1_19' title="bbox 109 1287 1733 1341; baseline -0.006 -10"><span class='ocrx_word' id='word_1_146' title='bbox 109 1292 183 1332; x_wconf 88' lang='lat' dir='ltr'>tim</span> <span class='ocrx_word' id='word_1_147' title='bbox 221 1291 275 1330; x_wconf 91' lang='lat' dir='ltr'>ad</span> <span class='ocrx_word' id='word_1_148' title='bbox 314 1292 398 1329; x_wconf 90' lang='lat' dir='ltr'>alia</span> <span class='ocrx_word' id='word_1_149' title='bbox 435 1289 706 1341; x_wconf 67' lang='lat' dir='ltr'>properanti)</span> <span class='ocrx_word' id='word_1_150' title='bbox 746 1288 859 1327; x_wconf 89' lang='lat' dir='ltr'>adeo</span> <span class='ocrx_word' id='word_1_151' title='bbox 899 1289 1025 1339; x_wconf 89' lang='lat' dir='ltr'>plane</span> <span class='ocrx_word' id='word_1_152' title='bbox 1066 1287 1121 1325; x_wconf 87' lang='lat' dir='ltr'>de</span> <span class='ocrx_word' id='word_1_153' title='bbox 1160 1301 1207 1326; x_wconf 88' lang='lat' dir='ltr'>se</span> <span class='ocrx_word' id='word_1_154' title='bbox 1248 1287 1450 1325; x_wconf 83' lang='lat' dir='ltr'>modeste</span> <span class='ocrx_word' id='word_1_155' title='bbox 1492 1287 1733 1332; x_wconf 78' lang='lat' dir='ltr'>sentiebat,</span> 
     </span>
     <span class='ocr_line' id='line_1_20' title="bbox 109 1358 1738 1408; baseline -0.004 -5"><span class='ocrx_word' id='word_1_156' title='bbox 109 1364 218 1403; x_wconf 89' lang='lat' dir='ltr'>adeo</span> <span class='ocrx_word' id='word_1_157' title='bbox 242 1363 414 1401; x_wconf 89' lang='lat' dir='ltr'>diuinae</span> <span class='ocrx_word' id='word_1_158' title='bbox 435 1363 477 1400; x_wconf 93' lang='lat' dir='ltr'>in</span> <span class='ocrx_word' id='word_1_159' title='bbox 502 1361 700 1400; x_wconf 86' lang='lat' dir='ltr'>omnibus</span> <span class='ocrx_word' id='word_1_160' title='bbox 722 1361 935 1399; x_wconf 85' lang='lat' dir='ltr'>uoluntati</span> <span class='ocrx_word' id='word_1_161' title='bbox 959 1360 1124 1399; x_wconf 85' lang='lat' dir='ltr'>seruire</span> <span class='ocrx_word' id='word_1_162' title='bbox 1156 1360 1350 1406; x_wconf 89' lang='lat' dir='ltr'>uolebat,</span> <span class='ocrx_word' id='word_1_163' title='bbox 1391 1358 1503 1397; x_wconf 84' lang='lat' dir='ltr'>adeo</span> <span class='ocrx_word' id='word_1_164' title='bbox 1539 1363 1738 1408; x_wconf 78' lang='lat' dir='ltr'>prompte</span> 
     </span>
     <span class='ocr_line' id='line_1_21' title="bbox 111 1431 1738 1485; baseline -0.004 -12"><span class='ocrx_word' id='word_1_165' title='bbox 111 1449 187 1474; x_wconf 90' lang='lat' dir='ltr'>suo</span> <span class='ocrx_word' id='word_1_166' title='bbox 219 1435 335 1473; x_wconf 89' lang='lat' dir='ltr'>Patri</span> <span class='ocrx_word' id='word_1_167' title='bbox 366 1433 545 1485; x_wconf 87' lang='lat' dir='ltr'>spiritali</span> <span class='ocrx_word' id='word_1_168' title='bbox 582 1432 833 1478; x_wconf 89' lang='lat' dir='ltr'>obediebat,</span> <span class='ocrx_word' id='word_1_169' title='bbox 875 1431 988 1469; x_wconf 91' lang='lat' dir='ltr'>adeo</span> <span class='ocrx_word' id='word_1_170' title='bbox 1025 1431 1257 1469; x_wconf 90' lang='lat' dir='ltr'>Dominum</span> <span class='ocrx_word' id='word_1_171' title='bbox 1295 1437 1338 1468; x_wconf 92' lang='lat' dir='ltr'>et</span> <span class='ocrx_word' id='word_1_172' title='bbox 1372 1431 1513 1468; x_wconf 88' lang='lat' dir='ltr'>Deum</span> <span class='ocrx_word' id='word_1_173' title='bbox 1543 1435 1738 1467; x_wconf 77' lang='lat' dir='ltr'>nostrum</span> 
     </span>
     <span class='ocr_line' id='line_1_22' title="bbox 113 1500 1741 1558; baseline -0.006 -13"><span class='ocrx_word' id='word_1_174' title='bbox 113 1507 307 1558; x_wconf 73' lang='lat' dir='ltr'>auguste</span> <span class='ocrx_word' id='word_1_175' title='bbox 343 1510 580 1554; x_wconf 79' lang='lat' dir='ltr'>sancteque</span> <span class='ocrx_word' id='word_1_176' title='bbox 615 1503 812 1550; x_wconf 83' lang='lat' dir='ltr'>timebat,</span> <span class='ocrx_word' id='word_1_177' title='bbox 850 1502 1075 1553; x_wconf 84' lang='lat' dir='ltr'>diligebat,</span> <span class='ocrx_word' id='word_1_178' title='bbox 1113 1502 1304 1548; x_wconf 88' lang='lat' dir='ltr'>colebat,</span> <span class='ocrx_word' id='word_1_179' title='bbox 1342 1506 1388 1539; x_wconf 91' lang='lat' dir='ltr'>ut</span> <span class='ocrx_word' id='word_1_180' title='bbox 1423 1500 1596 1538; x_wconf 78' lang='lat' dir='ltr'>difficile</span> <span class='ocrx_word' id='word_1_181' title='bbox 1639 1512 1741 1537; x_wconf 81' lang='lat' dir='ltr'>sane</span> 
     </span>
     <span class='ocr_line' id='line_1_23' title="bbox 112 1570 1742 1628; baseline -0.006 -12"><span class='ocrx_word' id='word_1_182' title='bbox 112 1579 205 1616; x_wconf 75' lang='lat' dir='ltr'>tum</span> <span class='ocrx_word' id='word_1_183' title='bbox 241 1575 450 1628; x_wconf 72' lang='lat' dir='ltr'>cogitatu</span> <span class='ocrx_word' id='word_1_184' title='bbox 491 1575 560 1622; x_wconf 86' lang='lat' dir='ltr'>sit,</span> <span class='ocrx_word' id='word_1_185' title='bbox 604 1576 699 1612; x_wconf 73' lang='lat' dir='ltr'>tum</span> <span class='ocrx_word' id='word_1_186' title='bbox 740 1574 974 1624; x_wconf 83' lang='lat' dir='ltr'>explicatu.</span> <span class='ocrx_word' id='word_1_187' title='bbox 1018 1574 1138 1611; x_wconf 90' lang='lat' dir='ltr'>Vnus</span> <span class='ocrx_word' id='word_1_188' title='bbox 1178 1585 1285 1610; x_wconf 94' lang='lat' dir='ltr'>uero</span> <span class='ocrx_word' id='word_1_189' title='bbox 1325 1571 1499 1623; x_wconf 83' lang='lat' dir='ltr'>quidam</span> <span class='ocrx_word' id='word_1_190' title='bbox 1539 1570 1611 1621; x_wconf 89' lang='lat' dir='ltr'>qui</span> <span class='ocrx_word' id='word_1_191' title='bbox 1649 1583 1742 1621; x_wconf 83' lang='lat' dir='ltr'>gra-</span> 
     </span>
     <span class='ocr_line' id='line_1_24' title="bbox 112 1642 1743 1692; baseline -0.006 -5"><span class='ocrx_word' id='word_1_192' title='bbox 112 1649 222 1687; x_wconf 89' lang='lat' dir='ltr'>uiter</span> <span class='ocrx_word' id='word_1_193' title='bbox 243 1653 373 1686; x_wconf 89' lang='lat' dir='ltr'>antea</span> <span class='ocrx_word' id='word_1_194' title='bbox 392 1652 586 1685; x_wconf 92' lang='lat' dir='ltr'>nostram</span> <span class='ocrx_word' id='word_1_195' title='bbox 617 1645 888 1684; x_wconf 86' lang='lat' dir='ltr'>Societatem</span> <span class='ocrx_word' id='word_1_196' title='bbox 922 1643 1164 1683; x_wconf 85' lang='lat' dir='ltr'>insectatus</span> <span class='ocrx_word' id='word_1_197' title='bbox 1200 1649 1281 1690; x_wconf 90' lang='lat' dir='ltr'>est,</span> <span class='ocrx_word' id='word_1_198' title='bbox 1321 1656 1417 1681; x_wconf 90' lang='lat' dir='ltr'>cum</span> <span class='ocrx_word' id='word_1_199' title='bbox 1454 1656 1577 1680; x_wconf 89' lang='lat' dir='ltr'>suum</span> <span class='ocrx_word' id='word_1_200' title='bbox 1612 1642 1743 1692; x_wconf 83' lang='lat' dir='ltr'>ipsius</span> 
     </span>
     <span class='ocr_line' id='line_1_25' title="bbox 113 1712 1742 1770; baseline -0.006 -11"><span class='ocrx_word' id='word_1_201' title='bbox 113 1733 306 1760; x_wconf 90' lang='lat' dir='ltr'>errorem</span> <span class='ocrx_word' id='word_1_202' title='bbox 339 1722 497 1770; x_wconf 86' lang='lat' dir='ltr'>postea</span> <span class='ocrx_word' id='word_1_203' title='bbox 532 1717 833 1768; x_wconf 85' lang='lat' dir='ltr'>cognouisset‚</span> <span class='ocrx_word' id='word_1_204' title='bbox 865 1721 909 1754; x_wconf 91' lang='lat' dir='ltr'>et</span> <span class='ocrx_word' id='word_1_205' title='bbox 946 1728 1045 1753; x_wconf 89' lang='lat' dir='ltr'>eum</span> <span class='ocrx_word' id='word_1_206' title='bbox 1066 1716 1179 1754; x_wconf 87' lang='lat' dir='ltr'>illius</span> <span class='ocrx_word' id='word_1_207' title='bbox 1201 1716 1489 1753; x_wconf 87' lang='lat' dir='ltr'>uehementer</span> <span class='ocrx_word' id='word_1_208' title='bbox 1511 1712 1742 1751; x_wconf 84' lang='lat' dir='ltr'>admodum</span> 
     </span>
     <span class='ocr_line' id='line_1_26' title="bbox 112 1784 1743 1843; baseline -0.006 -14"><span class='ocrx_word' id='word_1_209' title='bbox 112 1790 418 1843; x_wconf 87' lang='lat' dir='ltr'>poenituisset,</span> <span class='ocrx_word' id='word_1_210' title='bbox 457 1789 629 1827; x_wconf 89' lang='lat' dir='ltr'>ueniam</span> <span class='ocrx_word' id='word_1_211' title='bbox 665 1788 744 1826; x_wconf 85' lang='lat' dir='ltr'>sibi</span> <span class='ocrx_word' id='word_1_212' title='bbox 780 1800 804 1825; x_wconf 90' lang='lat' dir='ltr'>a</span> <span class='ocrx_word' id='word_1_213' title='bbox 839 1786 1040 1825; x_wconf 84' lang='lat' dir='ltr'>Patribus</span> <span class='ocrx_word' id='word_1_214' title='bbox 1074 1799 1317 1837; x_wconf 89' lang='lat' dir='ltr'>pacemque</span> <span class='ocrx_word' id='word_1_215' title='bbox 1348 1784 1583 1836; x_wconf 88' lang='lat' dir='ltr'>petendam</span> <span class='ocrx_word' id='word_1_216' title='bbox 1616 1784 1743 1821; x_wconf 85' lang='lat' dir='ltr'>enixe</span> 
     </span>
     <span class='ocr_line' id='line_1_27' title="bbox 115 1855 1744 1909; baseline -0.007 -7"><span class='ocrx_word' id='word_1_217' title='bbox 115 1862 294 1909; x_wconf 83' lang='lat' dir='ltr'>curauit,</span> <span class='ocrx_word' id='word_1_218' title='bbox 333 1868 377 1900; x_wconf 91' lang='lat' dir='ltr'>et</span> <span class='ocrx_word' id='word_1_219' title='bbox 413 1866 481 1899; x_wconf 90' lang='lat' dir='ltr'>est</span> <span class='ocrx_word' id='word_1_220' title='bbox 511 1859 671 1899; x_wconf 88' lang='lat' dir='ltr'>deinde</span> <span class='ocrx_word' id='word_1_221' title='bbox 694 1858 812 1897; x_wconf 91' lang='lat' dir='ltr'>domi</span> <span class='ocrx_word' id='word_1_222' title='bbox 832 1865 1010 1898; x_wconf 87' lang='lat' dir='ltr'>nostrae</span> <span class='ocrx_word' id='word_1_223' title='bbox 1034 1859 1206 1908; x_wconf 90' lang='lat' dir='ltr'>saepius</span> <span class='ocrx_word' id='word_1_224' title='bbox 1229 1856 1472 1895; x_wconf 84' lang='lat' dir='ltr'>confessus.</span> <span class='ocrx_word' id='word_1_225' title='bbox 1499 1855 1744 1905; x_wconf 87' lang='lat' dir='ltr'>Optimates</span> 
     </span>
     <span class='ocr_line' id='line_1_28' title="bbox 114 1926 1744 1984; baseline -0.007 -11"><span class='ocrx_word' id='word_1_226' title='bbox 114 1939 258 1973; x_wconf 91' lang='lat' dir='ltr'>autem</span> <span class='ocrx_word' id='word_1_227' title='bbox 279 1931 409 1984; x_wconf 87' lang='lat' dir='ltr'>aliqui</span> <span class='ocrx_word' id='word_1_228' title='bbox 429 1933 651 1970; x_wconf 89' lang='lat' dir='ltr'>beneuolo</span> <span class='ocrx_word' id='word_1_229' title='bbox 675 1932 778 1970; x_wconf 85' lang='lat' dir='ltr'>satis</span> <span class='ocrx_word' id='word_1_230' title='bbox 802 1944 907 1982; x_wconf 85' lang='lat' dir='ltr'>erga</span> <span class='ocrx_word' id='word_1_231' title='bbox 927 1944 1009 1969; x_wconf 91' lang='lat' dir='ltr'>nos</span> <span class='ocrx_word' id='word_1_232' title='bbox 1039 1930 1182 1967; x_wconf 90' lang='lat' dir='ltr'>animo</span> <span class='ocrx_word' id='word_1_233' title='bbox 1217 1928 1367 1966; x_wconf 81' lang='lat' dir='ltr'>affecti</span> <span class='ocrx_word' id='word_1_234' title='bbox 1401 1941 1488 1965; x_wconf 90' lang='lat' dir='ltr'>non</span> <span class='ocrx_word' id='word_1_235' title='bbox 1524 1926 1700 1964; x_wconf 67' lang='lat' dir='ltr'>mollum</span> <span class='ocrx_word' id='word_1_236' title='bbox 1726 1926 1744 1950; x_wconf 79' lang='lat' dir='ltr'>b</span> 
     </span>
     <span class='ocr_line' id='line_1_29' title="bbox 114 1999 1745 2057; baseline -0.006 -13"><span class='ocrx_word' id='word_1_237' title='bbox 114 2005 324 2057; x_wconf 87' lang='lat' dir='ltr'>pecuniae</span> <span class='ocrx_word' id='word_1_238' title='bbox 359 2016 602 2043; x_wconf 78' lang='lat' dir='ltr'>numerum</span> <span class='ocrx_word' id='word_1_239' title='bbox 637 2010 654 2028; x_wconf 80' lang='lat'><em>0</em></span> <span class='ocrx_word' id='word_1_240' title='bbox 684 2016 761 2041; x_wconf 87' lang='lat' dir='ltr'>sua</span> <span class='ocrx_word' id='word_1_241' title='bbox 782 2008 938 2054; x_wconf 87' lang='lat' dir='ltr'>sponte</span> <span class='ocrx_word' id='word_1_242' title='bbox 963 2008 1008 2040; x_wconf 90' lang='lat' dir='ltr'>et</span> <span class='ocrx_word' id='word_1_243' title='bbox 1029 2002 1256 2039; x_wconf 89' lang='lat' dir='ltr'>uoluntate</span> <span class='ocrx_word' id='word_1_244' title='bbox 1280 1999 1564 2049; x_wconf 80' lang='lat' dir='ltr'>redegerunt,</span> <span class='ocrx_word' id='word_1_245' title='bbox 1588 2009 1745 2047; x_wconf 72' lang='lat' dir='ltr'>nempe</span> 
     </span>
     <span class='ocr_line' id='line_1_30' title="bbox 116 2069 1746 2126; baseline -0.007 -11"><span class='ocrx_word' id='word_1_246' title='bbox 116 2081 162 2115; x_wconf 90' lang='lat' dir='ltr'>ut</span> <span class='ocrx_word' id='word_1_247' title='bbox 182 2081 382 2115; x_wconf 91' lang='lat' dir='ltr'>nostrum</span> <span class='ocrx_word' id='word_1_248' title='bbox 403 2076 614 2126; x_wconf 89' lang='lat' dir='ltr'>templum</span> <span class='ocrx_word' id='word_1_249' title='bbox 644 2075 782 2125; x_wconf 79' lang='lat' dir='ltr'>magis</span> <span class='ocrx_word' id='word_1_250' title='bbox 814 2075 944 2112; x_wconf 90' lang='lat' dir='ltr'>etiam</span> <span class='ocrx_word' id='word_1_251' title='bbox 977 2072 1279 2124; x_wconf 88' lang='lat' dir='ltr'>amplificetur,</span> <span class='ocrx_word' id='word_1_252' title='bbox 1318 2070 1479 2108; x_wconf 89' lang='lat' dir='ltr'>iccirco</span> <span class='ocrx_word' id='word_1_253' title='bbox 1512 2069 1610 2119; x_wconf 91' lang='lat' dir='ltr'>quia</span> <span class='ocrx_word' id='word_1_254' title='bbox 1643 2079 1746 2118; x_wconf 89' lang='lat' dir='ltr'>prae</span> 
     </span>
     <span class='ocr_line' id='line_1_31' title="bbox 116 2140 1747 2197; baseline -0.007 -10"><span class='ocrx_word' id='word_1_255' title='bbox 116 2149 285 2187; x_wconf 90' lang='lat' dir='ltr'>illorum</span> <span class='ocrx_word' id='word_1_256' title='bbox 321 2147 614 2194; x_wconf 84' lang='lat' dir='ltr'>multitudine,</span> <span class='ocrx_word' id='word_1_257' title='bbox 646 2147 717 2197; x_wconf 90' lang='lat' dir='ltr'>qui</span> <span class='ocrx_word' id='word_1_258' title='bbox 753 2146 928 2197; x_wconf 89' lang='lat' dir='ltr'>quidem</span> <span class='ocrx_word' id='word_1_259' title='bbox 959 2144 1013 2183; x_wconf 91' lang='lat' dir='ltr'>ad</span> <span class='ocrx_word' id='word_1_260' title='bbox 1044 2144 1282 2182; x_wconf 83' lang='lat' dir='ltr'>conciones</span> <span class='ocrx_word' id='word_1_261' title='bbox 1315 2147 1359 2179; x_wconf 91' lang='lat' dir='ltr'>et</span> <span class='ocrx_word' id='word_1_262' title='bbox 1389 2141 1442 2178; x_wconf 90' lang='lat' dir='ltr'>ad</span> <span class='ocrx_word' id='word_1_263' title='bbox 1477 2140 1747 2178; x_wconf 77' lang='lat' dir='ltr'>sanctissima</span> 
     </span>
     <span class='ocr_line' id='line_1_32' title="bbox 119 2211 1748 2267; baseline -0.007 -9"><span class='ocrx_word' id='word_1_264' title='bbox 119 2225 389 2258; x_wconf 85' lang='lat' dir='ltr'>sacramenta</span> <span class='ocrx_word' id='word_1_265' title='bbox 412 2218 695 2264; x_wconf 82' lang='lat' dir='ltr'>conueniunt,</span> <span class='ocrx_word' id='word_1_266' title='bbox 720 2217 845 2255; x_wconf 89' lang='lat' dir='ltr'>nimis</span> <span class='ocrx_word' id='word_1_267' title='bbox 868 2222 935 2255; x_wconf 90' lang='lat' dir='ltr'>est</span> <span class='ocrx_word' id='word_1_268' title='bbox 955 2215 1157 2267; x_wconf 88' lang='lat' dir='ltr'>profecto</span> <span class='ocrx_word' id='word_1_269' title='bbox 1180 2214 1284 2252; x_wconf 90' lang='lat' dir='ltr'>illud</span> <span class='ocrx_word' id='word_1_270' title='bbox 1306 2215 1444 2263; x_wconf 87' lang='lat' dir='ltr'>ipsum</span> <span class='ocrx_word' id='word_1_271' title='bbox 1466 2211 1582 2262; x_wconf 90' lang='lat' dir='ltr'>quod</span> <span class='ocrx_word' id='word_1_272' title='bbox 1618 2211 1748 2248; x_wconf 82' lang='lat' dir='ltr'>habe-</span> 
     </span>
     <span class='ocr_line' id='line_1_33' title="bbox 121 2282 1748 2341; baseline -0.006 -13"><span class='ocrx_word' id='word_1_273' title='bbox 121 2303 227 2337; x_wconf 88' lang='lat' dir='ltr'>mus,</span> <span class='ocrx_word' id='word_1_274' title='bbox 253 2291 461 2341; x_wconf 84' lang='lat' dir='ltr'>exiguum</span> <span class='ocrx_word' id='word_1_275' title='bbox 485 2295 529 2327; x_wconf 91' lang='lat' dir='ltr'>et</span> <span class='ocrx_word' id='word_1_276' title='bbox 550 2293 798 2339; x_wconf 82' lang='lat' dir='ltr'>angustum.</span> <span class='ocrx_word' id='word_1_277' title='bbox 825 2289 939 2337; x_wconf 74' lang='lat' dir='ltr'>Quin</span> <span class='ocrx_word' id='word_1_278' title='bbox 962 2287 1110 2324; x_wconf 89' lang='lat' dir='ltr'>datum</span> <span class='ocrx_word' id='word_1_279' title='bbox 1133 2291 1201 2324; x_wconf 87' lang='lat' dir='ltr'>est</span> <span class='ocrx_word' id='word_1_280' title='bbox 1220 2285 1347 2323; x_wconf 82' lang='lat' dir='ltr'>nobis</span> <span class='ocrx_word' id='word_1_281' title='bbox 1377 2297 1401 2321; x_wconf 92' lang='lat' dir='ltr'>a</span> <span class='ocrx_word' id='word_1_282' title='bbox 1436 2284 1529 2321; x_wconf 86' lang='lat' dir='ltr'>uiro</span> <span class='ocrx_word' id='word_1_283' title='bbox 1560 2282 1748 2333; x_wconf 87' lang='lat' dir='ltr'>quodam</span> 
     </span>
     <span class='ocr_line' id='line_1_34' title="bbox 122 2354 1747 2406; baseline -0.006 -6"><span class='ocrx_word' id='word_1_284' title='bbox 122 2361 255 2400; x_wconf 92' lang='lat' dir='ltr'>nobili</span> <span class='ocrx_word' id='word_1_285' title='bbox 291 2366 600 2406; x_wconf 79' lang='lat' dir='ltr'>sacrosanctae</span> <span class='ocrx_word' id='word_1_286' title='bbox 637 2359 928 2397; x_wconf 87' lang='lat' dir='ltr'>eucharistiae</span> <span class='ocrx_word' id='word_1_287' title='bbox 964 2357 1294 2396; x_wconf 86' lang='lat' dir='ltr'>tabernaculum</span> <span class='ocrx_word' id='word_1_288' title='bbox 1325 2354 1542 2406; x_wconf 84' lang='lat' dir='ltr'>quoddam</span> <span class='ocrx_word' id='word_1_289' title='bbox 1586 2354 1747 2391; x_wconf 77' lang='lat' dir='ltr'>affabre</span> 
     </span>
     <span class='ocr_line' id='line_1_35' title="bbox 122 2425 1749 2484; baseline -0.008 -11"><span class='ocrx_word' id='word_1_290' title='bbox 122 2439 243 2475; x_wconf 87' lang='lat' dir='ltr'>certe</span> <span class='ocrx_word' id='word_1_291' title='bbox 276 2433 482 2484; x_wconf 75' lang='lat' dir='ltr'>factum,</span> <span class='ocrx_word' id='word_1_292' title='bbox 527 2437 571 2471; x_wconf 87' lang='lat' dir='ltr'>et</span> <span class='ocrx_word' id='word_1_293' title='bbox 612 2431 818 2482; x_wconf 75' lang='lat' dir='ltr'>singulari</span> <span class='ocrx_word' id='word_1_294' title='bbox 859 2443 992 2482; x_wconf 85' lang='lat' dir='ltr'>opera</span> <span class='ocrx_word' id='word_1_295' title='bbox 1038 2430 1310 2478; x_wconf 85' lang='lat' dir='ltr'>artificioque</span> <span class='ocrx_word' id='word_1_296' title='bbox 1348 2426 1589 2478; x_wconf 70' lang='lat' dir='ltr'>perfectum</span> <span class='ocrx_word' id='word_1_297' title='bbox 1629 2425 1662 2462; x_wconf 65' lang='grc' dir='ltr'>(ἰ.</span> <span class='ocrx_word' id='word_1_298' title='bbox 1705 2425 1749 2461; x_wconf 90' lang='lat' dir='ltr'>In</span> 
     </span>
     <span class='ocr_line' id='line_1_36' title="bbox 122 2495 1751 2552; baseline -0.008 -7"><span class='ocrx_word' id='word_1_299' title='bbox 122 2506 323 2545; x_wconf 89' lang='lat' dir='ltr'>omnibus</span> <span class='ocrx_word' id='word_1_300' title='bbox 345 2505 544 2544; x_wconf 82' lang='lat' dir='ltr'>Christus</span> <span class='ocrx_word' id='word_1_301' title='bbox 567 2505 685 2542; x_wconf 89' lang='lat' dir='ltr'>Deus</span> <span class='ocrx_word' id='word_1_302' title='bbox 708 2502 975 2552; x_wconf 83' lang='lat' dir='ltr'>Redemptor</span> <span class='ocrx_word' id='word_1_303' title='bbox 996 2508 1147 2539; x_wconf 84' lang='lat' dir='ltr'>noster</span> <span class='ocrx_word' id='word_1_304' title='bbox 1171 2500 1224 2537; x_wconf 88' lang='lat' dir='ltr'>sit</span> <span class='ocrx_word' id='word_1_305' title='bbox 1247 2499 1520 2541; x_wconf 80' lang='lat' dir='ltr'>benedictus,</span> <span class='ocrx_word' id='word_1_306' title='bbox 1541 2497 1611 2546; x_wconf 91' lang='lat' dir='ltr'>qui</span> <span class='ocrx_word' id='word_1_307' title='bbox 1629 2495 1751 2533; x_wconf 90' lang='lat' dir='ltr'>nouit</span> 
     </span>
     <span class='ocr_line' id='line_1_37' title="bbox 122 2568 1751 2629; baseline -0.008 -13"><span class='ocrx_word' id='word_1_308' title='bbox 122 2578 283 2629; x_wconf 89' lang='lat' dir='ltr'>optime</span> <span class='ocrx_word' id='word_1_309' title='bbox 309 2577 397 2615; x_wconf 90' lang='lat' dir='ltr'>suis</span> <span class='ocrx_word' id='word_1_310' title='bbox 418 2574 578 2626; x_wconf 91' lang='lat' dir='ltr'>ubique</span> <span class='ocrx_word' id='word_1_311' title='bbox 611 2574 749 2613; x_wconf 74' lang='lat' dir='ltr'>seruis</span> <span class='ocrx_word' id='word_1_312' title='bbox 780 2585 945 2611; x_wconf 89' lang='lat' dir='ltr'>summa</span> <span class='ocrx_word' id='word_1_313' title='bbox 977 2586 1073 2611; x_wconf 90' lang='lat' dir='ltr'>cum</span> <span class='ocrx_word' id='word_1_314' title='bbox 1107 2570 1385 2623; x_wconf 86' lang='lat' dir='ltr'>prouidentia</span> <span class='ocrx_word' id='word_1_315' title='bbox 1413 2568 1681 2620; x_wconf 86' lang='lat' dir='ltr'>prospicere,</span> <span class='ocrx_word' id='word_1_316' title='bbox 1706 2571 1751 2604; x_wconf 88' lang='lat' dir='ltr'>ut</span> 
     </span>
    </p>
   </div>
   <div class='ocr_carea' id='block_1_6' title="bbox 125 2734 1749 2841">
    <p class='ocr_par' dir='ltr' id='par_1_6' title="bbox 125 2734 1749 2841">
     <span class='ocr_line' id='line_1_38' title="bbox 168 2734 1749 2791; baseline -0.008 -10"><span class='ocrx_word' id='word_1_317' title='bbox 168 2752 187 2770; x_wconf 88' lang='lat' dir='ltr'>a</span> <span class='ocrx_word' id='word_1_318' title='bbox 219 2749 260 2781; x_wconf 87' lang='lat' dir='ltr'>et</span> <span class='ocrx_word' id='word_1_319' title='bbox 291 2745 452 2791; x_wconf 85' lang='lat' dir='ltr'>quidem</span> <span class='ocrx_word' id='word_1_320' title='bbox 482 2744 648 2780; x_wconf 81' lang='lat' dir='ltr'>obtenta</span> <span class='ocrx_word' id='word_1_321' title='bbox 679 2755 698 2777; x_wconf 79' lang='lat' dir='ltr'>a</span> <span class='ocrx_word' id='word_1_322' title='bbox 733 2740 781 2778; x_wconf 92' lang='lat' dir='ltr'>T.</span> <span class='ocrx_word' id='word_1_323' title='bbox 813 2740 855 2776; x_wconf 81' lang='lat' dir='ltr'>P.</span> <span class='ocrx_word' id='word_1_324' title='bbox 893 2741 1022 2776; x_wconf 66' lang='lat' dir='ltr'>venia.</span> <span class='ocrx_word' id='word_1_325' title='bbox 1090 2739 1153 2763; x_wconf 83' lang='lat' dir='ltr'>—b</span> <span class='ocrx_word' id='word_1_326' title='bbox 1176 2736 1382 2782; x_wconf 84' lang='lat' dir='ltr'>exiguum.</span> <span class='ocrx_word' id='word_1_327' title='bbox 1439 2743 1500 2761; x_wconf 80' lang='lat'>—0</span> <span class='ocrx_word' id='word_1_328' title='bbox 1532 2734 1749 2771; x_wconf 83' lang='lat' dir='ltr'>cumulum.</span> 
     </span>
     <span class='ocr_line' id='line_1_39' title="bbox 125 2803 380 2841; baseline -0.004 0"><span class='ocrx_word' id='word_1_329' title='bbox 125 2804 191 2830; x_wconf 74' lang='lat' dir='ltr'>—d</span> <span class='ocrx_word' id='word_1_330' title='bbox 211 2803 380 2841; x_wconf 83' lang='lat' dir='ltr'>factum.</span> 
     </span>
    </p>
   </div>
   <div class='ocr_carea' id='block_1_7' title="bbox 128 2936 1752 3053">
    <p class='ocr_par' dir='ltr' id='par_1_7' title="bbox 128 2936 1752 3053">
     <span class='ocr_line' id='line_1_40' title="bbox 171 2936 1752 2993; baseline -0.009 -9"><span class='ocrx_word' id='word_1_331' title='bbox 171 2949 178 2967; x_wconf 94' lang='lat'>¹</span> <span class='ocrx_word' id='word_1_332' title='bbox 232 2946 443 2984; x_wconf 87' lang='lat' dir='ltr'>Elisabeth</span> <span class='ocrx_word' id='word_1_333' title='bbox 462 2946 511 2983; x_wconf 94' lang='lat' dir='ltr'>de</span> <span class='ocrx_word' id='word_1_334' title='bbox 532 2945 691 2993; x_wconf 81' lang='lat' dir='ltr'>Capua,</span> <span class='ocrx_word' id='word_1_335' title='bbox 712 2944 961 2982; x_wconf 85' lang='lat' dir='ltr'>Ferdinandi</span> <span class='ocrx_word' id='word_1_336' title='bbox 981 2944 1030 2981; x_wconf 85' lang='lat' dir='ltr'>de</span> <span class='ocrx_word' id='word_1_337' title='bbox 1049 2942 1248 2989; x_wconf 87' lang='lat' dir='ltr'>Gonzaga</span> <span class='ocrx_word' id='word_1_338' title='bbox 1273 2953 1386 2979; x_wconf 84' lang='lat' dir='ltr'>uxor.</span> <span class='ocrx_word' id='word_1_339' title='bbox 1412 2938 1514 2975; x_wconf 88' lang='lat' dir='ltr'>Vide</span> <span class='ocrx_word' id='word_1_340' title='bbox 1541 2936 1752 2978; x_wconf 76' lang='lat' dir='ltr'>POLANco,</span> 
     </span>
     <span class='ocr_line' id='line_1_41' title="bbox 128 3005 629 3053; baseline -0.004 -9"><span class='ocrx_word' id='word_1_341' title='bbox 128 3006 298 3053; x_wconf 81' lang='lat' dir='ltr'>Chron.,</span> <span class='ocrx_word' id='word_1_342' title='bbox 319 3006 374 3050; x_wconf 90' lang='lat' dir='ltr'>V,</span> <span class='ocrx_word' id='word_1_343' title='bbox 395 3006 454 3052; x_wconf 84' lang='lat'>93,</span> <span class='ocrx_word' id='word_1_344' title='bbox 475 3005 550 3050; x_wconf 83' lang='lat' dir='ltr'>VI,</span> <span class='ocrx_word' id='word_1_345' title='bbox 571 3005 629 3043; x_wconf 82' lang='lat'>95.</span> 
     </span>
    </p>
   </div>
   <div class='ocr_carea' id='block_1_8' title="bbox 265 2902 403 2907">
    <p class='ocr_par' dir='ltr' id='par_1_8' title="bbox 265 2902 403 2907">
     <span class='ocr_line' id='line_1_42' title="bbox 265 2902 403 2907; baseline 0 0"><span class='ocrx_word' id='word_1_346' title='bbox 265 2902 403 2907; x_wconf 95' lang='lat' dir='ltr'> </span> 
     </span>
    </p>
   </div>
  </div>
 </body>
</html>
