1908 3446
255 184 325 222 816
704 186 923 222 LITTERAE
949 185 1306 230 QUADRIMESTRES

207 287 289 324 iam
310 288 432 325 annis
455 288 658 325 oberrant
689 288 730 325 in
762 286 981 324 montibus
1013 299 1208 325 errorum
1244 287 1465 339 dispersae
1490 294 1533 326 et
1563 289 1705 327 factae
1729 294 1827 327 sunt

208 359 250 396 in
266 359 598 397 deuorationem
617 358 805 396 onmium
822 359 1058 396 bestiarum
1076 359 1167 409 agri
1187 359 1211 406 ¹,
1230 359 1422 407 tandem,
1437 360 1554 410 quod
1569 360 1675 398 faxit
1693 362 1827 403 Deus,

210 429 262 466 ad
285 443 407 467 suum
429 436 650 480 pastorem
674 433 964 467 reuertantur.
991 430 1070 468 Cui
1100 429 1275 480 quidem
1302 431 1365 468 rei
1395 431 1603 469 secularis
1632 437 1830 482 potestas

209 501 375 539 initium
399 501 501 539 dare
525 502 712 547 uidetur,
737 513 834 538 cum
856 499 1114 551 desperatos
1137 506 1181 538 et
1201 502 1450 552 pertinaces
1471 502 1721 540 haereticos
1742 515 1828 540 non

209 573 407 611 laenibus
428 573 589 611 afficiat
610 572 777 623 poenis,
803 576 848 609 ut
870 584 1006 622 nuper
1029 572 1202 619 accidit,
1232 572 1404 623 quando
1434 574 1699 612 serenissimi
1719 574 1829 624 prin-

210 643 316 693 cipis
338 644 539 681 mandato
562 642 831 693 picharditae
854 642 975 679 multi
1006 642 1060 680 ad
1091 643 1292 681 triremes
1322 643 1644 694 ablegarentur.
1669 645 1830 682 Verum

209 715 293 752 hoc
325 715 527 764 exemplo
558 714 750 751 nondum
782 714 840 750 ita
870 713 1073 751 uidentur
1096 713 1310 760 deterriti,
1341 714 1442 764 quin
1464 714 1604 753 modis
1633 715 1831 752 omnibus

209 789 393 835 pergant
416 799 587 823 suarum
611 785 843 822 haeresum
876 784 1026 822 toxico
1048 785 1295 834 prouincias
1316 785 1395 823 has
1424 786 1552 836 plane
1584 798 1833 835 corrumpe-

210 868 272 903 re,
297 856 497 906 adeoque
520 856 644 894 bellis
667 862 854 903 tentare,
878 857 996 907 quod
1014 856 1235 906 uersipelli
1251 868 1303 894 ac
1318 855 1595 894 fraudulenta
1609 862 1832 906 nequeunt

209 927 369 965 astutia
389 928 617 978 perficere.
644 928 754 966 Nam
776 933 822 965 ut
845 928 1050 966 sereniss.
1074 928 1277 978 princeps
1293 932 1444 967 noster
1466 935 1484 952 a
1506 928 1556 966 R.
1580 929 1627 966 P.
1653 928 1831 966 Prouin-

211 998 307 1036 ciali
326 1004 478 1036 nostro
510 998 777 1037 familiariter
806 1000 997 1037 narrauit
1018 1000 1052 1046 b,
1090 1003 1191 1037 ante
1222 1011 1398 1038 menses
1427 998 1591 1049 aliquot
1621 998 1833 1037 haeretici

210 1083 397 1108 saxones
420 1072 727 1109 clancularium
749 1070 944 1109 nuntium
968 1071 1080 1109 datis
1097 1071 1235 1109 literis
1252 1071 1463 1109 miserunt
1485 1077 1501 1095 0
1521 1070 1575 1108 ad
1594 1070 1832 1109 Bohemiae

211 1142 427 1188 ciuitates,
452 1142 607 1192 quibus
631 1153 704 1179 eas
726 1141 779 1179 ad
801 1141 962 1179 bellum
985 1147 1139 1179 contra
1156 1142 1399 1180 catholicos
1417 1140 1742 1192 suscipiendum
1761 1153 1833 1178 ex-

209 1214 508 1251 hortabantur.
532 1214 587 1250 Et
608 1226 693 1264 quo
717 1213 843 1251 dolus
866 1213 1034 1251 cautius
1050 1213 1354 1264 perficeretur,
1374 1225 1461 1251 non
1477 1214 1730 1263 petiuerunt
1752 1213 1834 1251 illis

208 1285 361 1331 literis,
399 1290 445 1321 ut
481 1284 634 1322 ciuitas
669 1284 893 1334 quaelibet
927 1297 1052 1322 suum
1083 1296 1346 1322 consensum
1377 1289 1545 1335 aperte,
1579 1283 1657 1322 sed
1693 1284 1832 1322 solum

209 1357 505 1394 subscriberet
544 1360 751 1406 quantum
786 1355 945 1393 nuncio
984 1354 1247 1405 stipendium
1278 1354 1490 1393 dedisset.
1524 1355 1648 1393 Vnde
1682 1360 1834 1405 posset

211 1428 383 1465 occulte
407 1431 610 1465 constare
632 1439 846 1477 quaenam
869 1427 1071 1465 ciuitates
1092 1426 1260 1464 nefario
1294 1427 1487 1477 ipsorum
1509 1425 1711 1464 instituto
1735 1438 1834 1464 con-

210 1499 464 1537 sensissent.
489 1497 577 1536 Sed
598 1511 686 1536 non
708 1504 775 1537 est
798 1498 1026 1538 consilium
1048 1499 1261 1537 aduersus
1282 1497 1516 1537 Dominum
1536 1503 1563 1546 ²,
1583 1498 1656 1548 qui
1672 1498 1834 1549 disper-

210 1570 318 1608 didit
341 1577 575 1622 operantes
607 1570 894 1621 iniquitatem.
919 1571 1029 1609 Nam
1052 1575 1096 1609 et
1117 1571 1304 1609 nuncius
1336 1576 1487 1621 captus
1510 1575 1592 1617 est,
1618 1574 1662 1607 et
1682 1570 1835 1608 haere-

211 1643 295 1679 tica
317 1643 498 1680 consilia
528 1642 805 1680 manifestata
835 1647 949 1689 sunt,
984 1648 1028 1680 et
1057 1643 1278 1693 pessimus
1307 1642 1381 1680 ille
1413 1646 1612 1689 conatus,
1636 1642 1732 1680 Deo
1754 1653 1833 1691 pro

165 1720 167 1723 ⁴
209 1714 335 1751 nobis
360 1720 597 1765 pugnante,
631 1715 742 1752 sicut
772 1714 915 1753 fumus
950 1715 1144 1753 euanuit.
1177 1715 1341 1753 Verum
1372 1719 1519 1752 tamen
1549 1713 1652 1764 quid
1681 1713 1834 1751 mirum

208 1784 325 1835 quod
346 1784 670 1824 haereticoru'm
693 1798 853 1832 sermo,
877 1791 924 1823 ut
946 1798 1118 1832 cancer,
1143 1790 1304 1836 serpat,
1329 1785 1502 1835 quando
1527 1784 1754 1823 catholicis
1778 1796 1833 1821 ex

209 1856 346 1893 altera
361 1855 378 1880 d
401 1862 524 1906 parte
538 1856 886 1902 dormitantibus,
905 1856 979 1905 filij
998 1856 1134 1906 seculj
1154 1855 1279 1895 huius
1294 1855 1603 1908 prudentiores
1620 1861 1719 1894 sunt
1735 1855 1834 1904 filijs

210 1927 316 1964 lucis
338 1927 379 1964 in
401 1928 691 1977 generatione
726 1940 801 1965 sua
831 1928 843 1946 ³

851 1958 859 1974 ‚
883 1933 930 1965 ut
951 1928 1064 1978 apud
1088 1927 1330 1966 catholicos
1366 1927 1581 1965 bohemos
1602 1927 1689 1965 hoc
1709 1939 1831 1977 prae-

210 1997 358 2035 sertim
380 2002 579 2049 tempore
601 2000 697 2048 plus
719 1999 822 2037 satis
844 2000 1045 2050 apparet?
1066 2000 1177 2037 Nam
1195 2012 1293 2037 cum
1309 2011 1449 2050 nuper
1465 1998 1639 2050 quidam
1663 2010 1716 2036 ex
1734 2010 1832 2036 nos-

209 2069 286 2106 tris
308 2069 508 2107 Patribus
529 2069 743 2108 infirmum
765 2069 983 2120 quendam
1004 2070 1215 2108 hussitam
1239 2070 1463 2108 cuiusdam
1486 2069 1689 2108 catholici
1711 2069 1836 2107 baro-

208 2140 273 2177 nis
302 2139 508 2178 famulum
539 2141 776 2187 uisitasset,
809 2147 940 2192 atque
971 2141 1030 2179 ita
1061 2141 1296 2192 diligenter
1328 2141 1383 2179 de
1418 2154 1524 2180 uera
1560 2141 1719 2180 Christi
1747 2139 1833 2178 fide

209 2209 572 2262 pe[r]tractasset,
598 2218 644 2250 ut
670 2211 862 2250 infirmus
893 2213 1020 2251 ualde
1052 2212 1106 2251 de
1136 2213 1347 2251 hussitica
1378 2212 1564 2263 perfidia
1594 2211 1830 2259 dubitaret,

207 2294 291 2320 nec
312 2282 444 2333 longe
465 2283 644 2321 abesset
665 2296 689 2320 a
710 2296 847 2334 regno
872 2284 952 2323 Dei
973 2285 1000 2325 ⁴.
1025 2284 1214 2323 accessit
1245 2283 1299 2322 ad
1323 2296 1421 2321 eum
1442 2289 1602 2334 postea
1632 2283 1835 2322 dominus

210 2354 303 2392 eius
333 2357 464 2403 atque
494 2355 710 2405 quaesiuit
742 2360 885 2393 vtrum
916 2356 1234 2394 sanctissimum
1266 2355 1558 2394 eucharistiae
1590 2367 1836 2393 sacramen-

209 2430 300 2464 tum
322 2426 401 2463 sub
424 2438 521 2473 una,
545 2426 615 2464 uel
639 2427 717 2464 sub
740 2432 923 2478 vtraque
945 2428 1095 2478 specie
1113 2440 1287 2466 sumere
1312 2432 1510 2477 cuperet,
1537 2432 1580 2465 et
1602 2439 1699 2465 cum
1723 2426 1836 2464 infir-

257 2587 277 2606 a
326 2587 423 2625 Del.
454 2599 539 2627 nro.
590 2588 656 2613 —b
688 2587 841 2625 Praec.
875 2599 916 2625 v.
953 2590 1000 2626 in
1038 2600 1177 2635 marg.
1249 2596 1311 2615 —0
1342 2589 1496 2627 Praec.
1535 2600 1575 2626 v.
1611 2589 1659 2626 in
1691 2597 1834 2634 marg.

211 2646 278 2673 —d
300 2647 451 2684 Praec.
472 2658 513 2684 v.
532 2651 670 2694 supra
689 2658 798 2686 vers.

321 2809 385 2847 Cf.
407 2808 495 2852 Ez.,
516 2807 719 2851 XXXIV,
740 2810 776 2853 5,
795 2810 830 2847 6.

320 2868 468 2912 Pnov..
489 2867 605 2913 XXI,
626 2868 684 2906 30.

322 2928 442 2973 Luc..
463 2928 581 2974 XVI,
599 2928 634 2966 8.

322 2987 386 3026 Cf.
408 2988 567 3032 MARc„
588 2987 680 3033 ΧΠ,
700 2989 758 3025 34.

257 2811 271 3008 *esne—
