1908 3446
8 0 22 25 Ἠ

10 142 21 197 ἶ,

11 200 16 215 i

12 244 21 270 ι’,

13 273 22 323 ¹.

14 396 17 409 Ι

548 230 913 270 354—BELM0NTE
938 231 984 269 26
1010 231 1170 270 MARTH
1200 233 1289 270 1560
1613 235 1684 272 559

111 330 330 368 Exercitia
359 330 452 369 fere
485 343 536 369 ea
565 336 715 370 nostra
745 338 858 380 sunt,
890 346 1074 384 quorum
1104 335 1302 384 superius
1333 336 1601 374 mentionem
1629 337 1732 387 fecj3

111 401 164 440 ad
186 402 394 439 maiorem
416 414 523 440 uero
546 403 587 440 in
619 403 770 453 spiritu
793 410 836 442 et
870 404 1106 443 vocatione
1137 411 1288 444 nostra
1317 419 1599 458 progressum
1634 414 1733 459 post

111 473 247 511 lectas
278 473 453 523 regulas
484 486 754 522 communes,
787 475 1138 515 Constitutiones
1172 475 1256 516 iam
1279 491 1446 517 summo
1471 492 1567 517 cum
1590 479 1733 518 fructu

111 544 306 594 praelegi
328 549 513 595 coeptae
545 551 658 584 sunt.
684 546 893 598 Linguam
923 549 1232 598 germanicam,
1256 550 1328 599 qui
1351 547 1443 587 eius
1466 550 1596 589 rudes
1617 557 1731 598 sunt,

111 614 339 653 addiscere
380 615 572 654 student.
612 618 657 655 In
699 618 967 666 obedientia,
1004 619 1248 658 humilitate
1285 626 1329 658 et
1363 621 1488 659 firma
1522 622 1735 660 charitate

113 686 375 733 exercenda,
400 687 539 736 sedulj
564 694 662 725 sunt
686 702 852 737 omnes3
877 691 1062 741 operarij
1087 690 1298 729 duntaxat
1319 691 1465 742 plures
1483 692 1736 732 desideran-

112 763 194 803 tur,
218 758 351 808 quiin
388 758 635 809 colligenda
665 773 808 798 messe
841 768 927 800 tam
959 763 1114 813 ampla,
1149 774 1287 814 eaque
1318 764 1360 801 in
1391 763 1609 803 dominica
1638 765 1735 803 hor-

112 840 187 865 rea
215 827 457 876 inferenda,
495 829 790 869 auxiliatrices
831 846 981 871 manus
1020 833 1178 872 ferant.
1212 833 1485 874 Confidimus
1520 842 1667 874 autem
1696 838 1737 875 in

113 901 224 938 Dno.
266 901 448 939 aliorum
489 902 776 952 collegiorum
816 904 1123 944 abundantiam
1161 910 1356 946 nostram
1395 907 1507 946 hanc
1546 908 1735 959 inopiam

113 972 371 1023 propediem
395 974 683 1024 expleturam.

192 1043 285 1081 Tua
306 1044 477 1082 interim
500 1045 602 1083 R.tia
625 1045 819 1085 infirmos
840 1047 921 1085 hos
943 1061 1120 1087 suorum
1141 1049 1329 1088 filiorum
1358 1055 1541 1088 conatus
1575 1051 1737 1090 sacrifi-

113 1114 190 1163 cijs
214 1118 256 1152 et
279 1115 549 1154 orationibus
571 1118 854 1156 sanctissimis
883 1132 1164 1169 promouere,
1191 1126 1235 1159 et
1255 1126 1437 1172 paterna
1459 1134 1563 1160 cura
1585 1135 1737 1161 eorum

111 1186 450 1225 necessitatibus
485 1200 716 1226 sucurrere
753 1189 972 1241 dignetur.
1012 1193 1227 1242 Monachij
1266 1203 1314 1231 22
1351 1193 1492 1243 Martij
1525 1194 1597 1232 A.⁰
1623 1195 1736 1243 1560.

113 1259 161 1296 R.
187 1259 237 1297 T.
261 1258 373 1310 filius
395 1259 437 1297 in
460 1259 655 1308 Christo,

1045 1317 1348 1357 THEonomcus
1379 1319 1577 1358 CANISIUS
1609 1320 1633 1358 ¹.

194 1419 549 1468 Quadrimestres
572 1423 747 1474 collegij
771 1424 1095 1463 monachiensis
1116 1425 1298 1476 primae.

192 1491 377 1531 Polanci
397 1505 553 1531 manu.
578 1495 834 1535 Emendata.
858 1496 966 1534 Alia
987 1510 1145 1536 mauu.
1180 1499 1277 1536 M.ta
1306 1512 1331 1537 a
1352 1500 1555 1547 Genoua,
1593 1512 1628 1548 1;
1660 1501 1742 1539 Na-

115 1562 219 1612 poli,
248 1573 283 1610 13
307 1564 494 1615 Spagna,
524 1577 564 1614 4;
588 1567 784 1614 Francia,
813 1579 846 1605 Ι.

873 1802 986 1852 554

529 1925 581 1970 Ρ.
622 1925 888 1973 ΡΕΤΚΠΞ
927 1927 1328 1975 SEVILLANO

604 2049 827 2077 BELMONTE
852 2039 898 2077 26
924 2051 1071 2078 MARTu
1099 2042 1191 2079 1560
1216 2043 1242 2079 ².

118 2141 345 2190 Prospera
373 2140 632 2180 valetudine
666 2143 861 2181 utuntur
891 2155 1057 2191 omnes,
1089 2157 1180 2183 uno
1211 2148 1389 2196 excepto
1424 2148 1474 2186 F.
1512 2147 1742 2188 Ramirez.

200 2206 459 2246 Concursus
480 2208 540 2245 ad
561 2207 804 2256 contiones,
830 2211 890 2247 ad
908 2213 1216 2258 sacramenta,
1251 2213 1311 2250 ad
1338 2214 1536 2252 scholas.
1578 2214 1749 2265 Templi

198 2272 461 2312 exstructio.

199 2394 227 2442 †
256 2391 341 2430 Ihs.
366 2392 586 2442 Muy“R.d0
617 2404 671 2430 en
690 2393 803 2443 Xpo.
829 2394 901 2432 Re
931 2395 992 2432 La
1012 2395 1159 2445 gracia
1180 2409 1208 2446 y
1228 2408 1307 2446 paz
1329 2396 1384 2435 de
1411 2398 1516 2448 Jesu
1546 2398 1621 2436 X.⁰
1650 2411 1744 2436 nro.

125 2463 214 2501 8.οῑ
235 2475 312 2501 sea
332 2463 520 2515 siempre
544 2476 598 2502 en
620 2464 659 2502 el
682 2466 890 2503 continuo
913 2466 1037 2505 fauor
1060 2480 1087 2517 y
1107 2467 1238 2517 ajuda
1258 2466 1313 2506 de
1334 2469 1385 2507 V.
1412 2470 1458 2507 P.
1484 2470 1687 2508 Estamos
1709 2471 1748 2508 al

119 2540 326 2586 presente
358 2548 411 2573 en
435 2541 529 2574 este
561 2536 751 2587 collegio
783 2537 914 2576 todos
936 2550 1020 2576 con
1041 2539 1163 2577 salud
1188 2545 1379 2591 excepto
1404 2541 1444 2579 el
1475 2541 1575 2580 Hr.⁰
1594 2542 1748 2592 Ramy-

124 2619 212 2654 rez,
254 2620 338 2657 que
374 2607 429 2645 de
470 2607 577 2646 cada
616 2607 687 2646 di'a
716 2620 799 2646 van
830 2611 920 2647 mas
950 2609 1155 2649 adelante
1186 2624 1259 2649 sus
1297 2610 1662 2663 indispusiciones
1694 2612 1747 2651 de

121 2678 396 2726 melancolia3
420 2692 447 2729 y
482 2691 536 2717 en
569 2679 636 2717 los
673 2680 918 2730 exercicios
954 2681 1108 2720 solitos
1139 2696 1185 2722 se
1216 2683 1411 2734 procede
1443 2683 1634 2735 siempre
1666 2697 1749 2723 con

123 2749 542 2799 aprovechamjento
565 2749 620 2788 de
642 2751 704 2789 las
725 2752 858 2790 almas
876 2765 900 2790 a
919 2752 1061 2804 glorja
1081 2753 1136 2792 de
1157 2754 1211 2793 N.
1236 2754 1324 2793 S.01
1345 2755 1410 2793 En
1431 2755 1498 2794 los
1517 2768 1747 2794 sermones

122 2831 205 2870 que
229 2832 282 2858 en
302 2826 480 2859 nuestra
501 2822 670 2873 yglesia
691 2835 739 2861 se
762 2823 1013 2872 continuam
1038 2824 1093 2863 de
1116 2825 1224 2864 cada
1245 2825 1315 2865 dia
1341 2839 1397 2878 ay
1418 2829 1509 2866 mas
1531 2840 1746 2867 concurso

170 2983 180 3003 ¹
230 2982 278 3020 B.
299 2983 411 3021 Petri
431 2983 587 3022 Canisii
606 2997 655 3022 ex
674 2990 788 3032 patre
807 2985 946 3029 frater,
968 2987 1133 3035 collegii
1152 2994 1304 3026 rector.

171 3041 184 3061 ²
233 3041 296 3080 Ex
313 3048 473 3091 autogr.
493 3044 534 3081 in
552 3044 687 3082 codiee
706 3045 835 3092 Hz'sp.
859 3045 927 3091 97,
951 3046 966 3083 1
987 3045 1071 3093 fol„
1092 3060 1130 3084 n.
1150 3047 1212 3092 85;
1232 3049 1345 3096 prius
1363 3047 1445 3087 245.
