1908 3446
200 204 269 241 780
666 204 882 241 LITTERAE
909 204 1264 249 QUADRIMESTRES

154 310 215 357 rej
239 309 442 356 ueritate,
467 308 591 347 iussit
609 312 784 346 nostros
801 308 942 346 bonos
962 320 1058 346 esse
1078 308 1235 354 animo,
1257 313 1457 359 tanquam
1480 309 1551 359 qui
1567 307 1774 359 patientia

153 380 389 418 innocente
412 380 665 430 quorumuis
687 379 1000 429 malignitatem
1029 384 1300 429 superarent.

206 460 241 499 5.
304 450 434 501 Quod
456 450 509 488 ad
533 451 676 488 officia
697 450 871 500 pietatis
893 450 1102 499 proximis
1125 449 1372 487 exhibenda
1398 451 1569 497 attinet,
1592 463 1680 488 non
1701 449 1774 487 de-

153 521 326 559 fuerunt
349 534 453 559 sane
475 522 612 559 nostri
636 534 714 558 suo
738 521 924 569 munerj;
955 533 1053 558 nam
1083 525 1126 557 et
1160 520 1203 558 in
1234 532 1412 558 carcere
1435 520 1642 558 detentos
1671 521 1776 558 inui—

153 598 317 638 serunt,
352 599 395 631 et
426 593 468 630 in
491 591 781 640 xenodochijs
802 590 1051 629 infirmitate
1074 592 1335 641 languentes
1356 591 1439 641 pijs
1462 591 1776 629 exhortationi-

152 665 232 702 bus
262 664 303 702 in
340 664 526 702 Domino
564 671 662 701 sunt
698 662 928 711 consolatj.
969 662 1155 711 Quidam
1192 662 1478 700 concionator
1508 662 1775 709 lutheranus,

153 735 444 773 Melanthonis
477 734 576 772 olim
609 733 859 784 discipulus,
885 747 939 771 ex
970 734 1200 772 lutherano
1233 734 1546 772 concionatore
1576 746 1778 784 procrea-

151 810 236 853 tus,
261 806 360 844 dum
394 805 598 855 singular]
634 805 714 853 Dej
740 805 973 842 clementia
1002 804 1153 854 incipit
1182 805 1450 843 haereticam
1472 805 1712 843 doctrinam
1735 810 1778 843 et

153 882 312 923 sectas,
343 878 498 926 quibus
528 889 604 926 per
634 881 773 914 totam
805 876 937 914 uitam
967 875 1108 914 fuerat
1138 875 1353 925 addictus,
1386 877 1615 926 detestarj‚
1648 877 1779 926 uarijs

154 949 470 999 cogitationum
501 948 704 985 fluctibus
741 948 1002 998 exagitatur,
1036 947 1238 986 dubitans
1268 961 1451 999 quanam
1486 949 1556 986 uia
1591 960 1614 986 e
1650 948 1779 986 tantis

154 1020 348 1058 tenebris
370 1019 424 1057 ad
446 1020 587 1058 lucem
611 1019 854 1056 catholicae
879 1018 1076 1057 ueritatis
1099 1031 1197 1057 sese
1218 1024 1371 1069 posset
1394 1019 1515 1058 ocius
1534 1019 1777 1070 proripere.

155 1093 442 1129 Monstratum
479 1096 546 1128 est
581 1090 727 1139 itaque
767 1090 994 1139 fiuctuantj
1037 1091 1225 1129 salutare
1261 1089 1517 1137 remedium,
1553 1102 1709 1141 nempe
1746 1089 1781 1127 si

154 1163 288 1201 uellet
322 1175 481 1200 nouam
516 1174 566 1200 ac
601 1161 837 1200 salutarem
859 1162 991 1200 uitam
1028 1161 1236 1213 deinceps
1271 1162 1494 1209 inchoare,
1530 1162 1782 1212 poeniteret

154 1248 252 1273 eum
276 1234 454 1280 ueteris,
481 1239 524 1271 et
546 1233 690 1271 media
711 1246 735 1271 a
757 1233 932 1272 Christo
955 1233 1175 1271 saluatore
1205 1232 1403 1271 instituta
1433 1245 1487 1271 ex
1518 1233 1660 1271 animo
1692 1245 1781 1271 sus-

155 1307 337 1357 ciperet.
372 1305 485 1343 Hinc
515 1304 677 1342 factum
710 1308 792 1351 est,
816 1309 861 1342 ut
882 1317 906 1342 a
936 1305 984 1342 R.
1010 1305 1056 1342 P.
1082 1303 1356 1343 Prouinciale
1377 1309 1546 1350 nostro,
1570 1304 1622 1342 D.
1647 1305 1780 1343 Petro

155 1378 344 1423 Canisio,
369 1377 422 1414 ad
443 1389 523 1414 nos
545 1375 858 1427 Ingolstadium
881 1376 1037 1414 missus
1059 1375 1127 1423 sit,
1152 1381 1197 1413 ut
1218 1376 1402 1426 primurn
1424 1375 1637 1413 exercitia
1663 1375 1781 1426 spiri-

154 1449 286 1487 tualia
317 1447 552 1487 Societatis
582 1452 760 1486 nostrae
790 1447 973 1494 faceret,
1007 1459 1058 1485 ac
1085 1446 1243 1485 deinde
1279 1446 1558 1485 confessione
1589 1446 1782 1497 generali

153 1520 288 1557 totius
312 1519 429 1557 uitae
452 1518 606 1557 sordes
628 1518 901 1569 detergeret.
926 1517 1054 1569 Apud
1074 1531 1155 1556 nos
1176 1518 1307 1569 igitur
1328 1531 1406 1569 per
1432 1518 1598 1569 aliquot
1617 1516 1782 1556 hebdo-

154 1590 302 1628 madas
322 1590 363 1628 in
386 1590 485 1629 loco
504 1590 661 1628 mansit
682 1589 784 1628 huic
814 1589 1120 1628 exercitationi
1144 1595 1361 1640 oportuno
1384 1595 1418 1636 ὃ,
1444 1593 1487 1627 et
1509 1602 1606 1628 cum
1627 1601 1784 1640 magna

155 1661 300 1700 cordis
331 1660 670 1712 compunctione
694 1666 738 1698 et
767 1660 1087 1710 lachrymarum
1108 1660 1245 1699 imbre
1269 1672 1345 1698 sua
1365 1665 1563 1711 peccata,
1595 1659 1781 1698 Domino

157 1734 407 1780 miserante,
428 1733 566 1771 diluit.
589 1734 687 1783 Quo
703 1733 837 1777 facto,
857 1733 1044 1770 maxima
1063 1732 1083 1756 b
1105 1731 1410 1771 consolatione
1427 1732 1556 1770 animi
1577 1731 1641 1781 suj
1665 1745 1689 1770 a
1708 1745 1783 1770 no-

155 1807 220 1844 bis
242 1806 458 1853 discessit,
484 1810 527 1843 et
549 1805 631 1843 iam
663 1805 704 1843 in
726 1805 914 1856 quodam
937 1803 1227 1843 celeberrimo
1255 1804 1524 1843 monasterio
1546 1805 1784 1843 monachos

155 1877 357 1925 instituit,
392 1889 489 1915 cum
520 1877 677 1927 quibus
705 1877 835 1915 etiam
858 1881 1015 1928 sponte
1037 1888 1114 1914 sua
1134 1880 1267 1914 nocte
1289 1876 1428 1926 surgit
1450 1881 1495 1914 et
1514 1888 1672 1927 preces
1693 1880 1783 1914 tum

155 1954 407 1996 nocturnas,
432 1953 522 1986 tum
542 1948 732 1995 diurnas,
757 1961 808 1986 ac
831 1949 864 1986 si
887 1948 1127 1986 monachus
1143 1947 1273 1994 foret,
1292 1947 1505 1998 persoluit
1519 1947 1562 1985 in
1580 1946 1780 1986 ecclesia.

157 2022 202 2058 In
225 2019 451 2058 uertendis
474 2019 649 2070 optimis
671 2020 916 2070 quibusque
938 2018 1093 2057 libellis
1116 2031 1170 2056 ex
1201 2017 1334 2056 latino
1367 2030 1569 2057 sermone
1590 2018 1633 2057 in
1653 2019 1783 2070 g[er]-

156 2092 371 2130 manicum
393 2098 409 2116 0
431 2091 586 2129 crebro
609 2090 810 2129 desudat.
834 2091 984 2142 Nuper
1007 2091 1137 2129 etiarn
1161 2089 1317 2128 excudi
1342 2090 1509 2128 curauit
1539 2089 1784 2140 spirituales

156 2176 348 2202 canones
370 2165 421 2201 D.
447 2162 581 2212 Blosij
605 2163 774 2201 abbatis
791 2162 1018 2200 lesciensis
1039 2162 1195 2213 quibus
1216 2160 1411 2200 adiunxit
1428 2161 1635 2211 quasdam
1656 2174 1783 2212 regu-

156 2236 218 2273 las
240 2236 286 2272 P.
310 2234 391 2284 nrj.
416 2234 571 2285 Ignatij
595 2246 619 2271 a
641 2235 687 2272 P.
712 2233 888 2272 Andrea
909 2234 1061 2272 Frusio
1083 2233 1284 2271 uersibus
1314 2233 1585 2284 conscriptas
1616 2232 1623 2251 ¹

1633 2263 1641 2280 ,
1678 2245 1784 2283 quas

157 2305 271 2344 unde
293 2305 496 2343 habuerit
525 2305 795 2356 ignoramus.

208 2377 247 2415 6.
306 2376 353 2414 In
373 2376 535 2426 templo
558 2376 661 2413 noui
681 2375 856 2427 collegij
880 2375 1152 2426 frequentius
1170 2379 1235 2412 est
1252 2374 1531 2421 auditorium,
1554 2380 1783 2425 postquam

158 2449 313 2487 concio
352 2447 570 2498 euangelij
608 2451 772 2485 mutata
808 2450 873 2484 est
908 2446 950 2484 in
984 2446 1223 2485 lectionem
1258 2446 1627 2486 declamatoriam.
1670 2446 1783 2484 Con-

157 2518 308 2558 ciones
328 2519 433 2556 item
456 2530 553 2556 cum
575 2518 761 2556 utilitate
784 2523 1073 2568 perseuerant
1094 2516 1135 2555 in
1156 2530 1262 2569 agro
1285 2517 1366 2567 Dej
1390 2516 1418 2565 ⁹,
1450 2529 1556 2568 quas
1582 2516 1783 2567 frequen-

202 2680 221 2699 ἃ
271 2683 508 2726 opportuno.
564 2679 628 2703 —b
656 2690 760 2714 cum.
815 2686 878 2704 -c
902 2679 1170 2724 Consumpta
1189 2677 1356 2715 charta.

207 2838 215 2857 ¹
268 2835 390 2880 Vide,
410 2834 478 2878 sis,
499 2834 571 2870 has
590 2833 757 2880 regulas
776 2833 816 2871 in
836 2833 1030 2871 Monum.
1048 2833 1209 2880 Ignat.,
1229 2845 1308 2870 ser.
1328 2832 1403 2879 La,
1421 2831 1513 2877 XII,
1528 2832 1610 2870 681.
1628 2831 1783 2880 Agitur

156 2896 196 2933 in
227 2893 489 2943 praecedenti
509 2892 767 2939 paragrapho
785 2894 834 2930 de
855 2891 1063 2940 Stephano
1082 2892 1295 2940 Agricola,
1315 2891 1487 2941 juniore.
1509 2890 1572 2928 Cf.
1593 2889 1781 2928 BRAUNS-

158 2965 340 2997 BERGER,
362 2953 388 2990 1.
407 2965 458 2998 c.,
478 2951 561 2993 909,
581 2951 648 2989 ubi
668 2951 768 2989 haec
787 2965 950 2999 paragr.
972 2952 1224 2990 exscribitur.

206 3014 219 3034 ²
272 3012 383 3051 Vide
401 3025 439 3060 p.
461 3011 540 3058 154,
560 3016 696 3049 annot.
716 3011 750 3049 3.
