1908 3446
193 248 258 291 174
655 255 872 295 L11'·1·ERAE
908 253 1269 304 QUADfflMEsTREs

141 360 325 404 vterque
347 356 433 394 hoc
462 363 614 395 sancto
647 360 980 407 exercitio‚cum
1011 374 1141 413 saepe
1173 363 1277 401 alias
1307 369 1397 402 tum
1429 365 1763 403 resurrectionis

142 426 386 465 dominicae
409 433 624 479 tempore,
649 443 751 469 suae
776 433 1077 471 concionando
1101 434 1326 485 respondit
1349 436 1585 474 uocationi.
1618 437 1764 475 Taceo

142 496 196 535 de
228 497 336 536 Rdo.
371 500 442 537 Re
463 500 515 538 D.
548 501 782 540 Lamberto
817 504 841 551 ¹,
875 505 945 554 qui
976 505 1155 555 singulis
1184 505 1411 544 dominicis
1438 507 1620 558 alijsque
1642 508 1765 546 festis

142 568 295 607 diebus
317 570 398 608 hac
427 571 762 623 quadragesima
795 587 952 626 magno
990 588 1087 614 cum
1123 576 1369 615 auditorum
1406 590 1622 616 concursu
1658 578 1764 617 duas

140 639 289 677 habuit
313 642 565 689 conciones,
589 656 769 694 quarum
791 645 833 682 in
864 659 947 684 una
979 648 1255 698 euangelium
1287 654 1473 697 enarrat,
1506 650 1549 687 in
1578 651 1765 700 pomeri-

140 709 266 749 diana
297 725 402 750 vero
435 714 710 753 christianam
748 716 990 755 doctrinam
1027 719 1232 769 explicat;
1269 719 1557 758 decantantur
1591 721 1763 759 interim

139 786 242 820 tunc
263 795 419 833 preces
440 797 614 835 quoque
637 788 932 837 uespertinae,
956 790 1067 827 sicut
1088 796 1189 828 ante
1211 790 1437 842 prandium
1459 793 1602 831 missa.

191 863 230 900 3.
290 854 620 903 Confessiones,
647 857 725 895 Dei
749 859 902 908 gratia,
922 860 1098 899 fuerunt
1118 874 1245 911 quam
1268 864 1455 902 antehac
1476 876 1664 913 unquam
1680 864 1763 902 fre-

139 925 408 973 quentiores,
435 932 479 963 et
500 928 624 966 unius
647 929 917 979 septimanae
939 932 1079 982 spatio
1108 933 1283 971 circiter
1305 936 1383 982 780
1409 942 1427 959 ὃ
1457 935 1659 985 (quorum
1691 936 1764 973 mi-

137 996 252 1034 nima
273 997 447 1047 quidem
469 1010 568 1048 pars
590 999 791 1037 italorum
814 1006 887 1039 aut
908 1002 1188 1053 hispanorum
1209 1005 1304 1052 fuit,
1329 1006 1515 1045 maxima
1536 1018 1644 1044 uero
1667 1019 1763 1057 ger-

138 1068 396 1117 manorum),
434 1069 475 1106 in
510 1075 662 1108 nostro
704 1071 867 1122 templo
905 1077 995 1111 tum
1032 1074 1262 1113 confessos
1291 1076 1441 1124 fuisse,
1475 1082 1565 1115 turn
1596 1090 1762 1116 sacram

138 1139 489 1177 communionem
511 1141 779 1192 percepisse,
814 1155 868 1181 ex
901 1144 1100 1183 Patribus
1130 1146 1342 1185 intellexi.
1378 1148 1617 1186 Praetereo
1648 1149 1760 1196 illos,

136 1210 207 1260 qui
237 1210 362 1248 nobis
394 1211 599 1258 confessi,
633 1213 733 1251 alibi
763 1226 929 1252 sacram
960 1215 1109 1254 adiere
1140 1217 1338 1256 sinaxim.
1373 1218 1512 1257 Mirati
1544 1225 1643 1258 sunt
1676 1232 1762 1258 non

135 1281 267 1319 modo
290 1283 442 1329 nostri,
467 1282 546 1321 sed
569 1288 612 1321 et
641 1284 788 1334 plures
819 1285 888 1335 alij
921 1286 1198 1337 frequentem
1228 1289 1343 1327 hunc
1372 1290 1485 1340 apud
1514 1303 1595 1329 nos
1631 1292 1761 1330 confi-

134 1353 318 1391 tentium
352 1358 395 1391 et
417 1355 829 1394 communicantium
850 1370 1093 1396 numerum.
1118 1359 1236 1397 Inter
1256 1360 1338 1398 hos
1360 1360 1486 1399 circa
1508 1361 1762 1411 quindecim

134 1423 320 1463 vidisses
340 1425 375 1472 b,
400 1426 469 1476 qui
493 1438 589 1463 cum
610 1432 853 1477 prouectae
876 1430 1032 1467 aetatis
1062 1436 1226 1478 essent,
1259 1444 1337 1469 sua
1365 1438 1550 1483 peccata
1580 1434 1663 1471 ritu
1694 1446 1762 1472 ca-

134 1495 298 1534 tholico
320 1508 538 1546 nunquam
555 1497 833 1546 detexerant,
858 1499 965 1538 alios
987 1507 1004 1525 0
1021 1502 1093 1551 qui
1115 1503 1420 1541 conscienciae
1443 1504 1633 1543 latebras
1658 1505 1761 1544 nulli

133 1566 303 1617 aperire
339 1567 429 1605 ausi
464 1567 652 1615 fuerant,
689 1569 797 1607 alios
835 1570 905 1619 qui
936 1564 1136 1622 'ingenue
1178 1574 1509 1623 confiterentur,
1552 1587 1600 1613 se
1640 1576 1757 1623 uitia,

132 1637 288 1687 quibus
310 1637 464 1675 irretiti
487 1639 765 1687 tenebantur,
789 1641 906 1678 nulla
934 1636 1104 1680 ratione
1135 1642 1391 1683 deserturos
1420 1645 1571 1694 fuisse,
1608 1647 1687 1685 nisi
1718 1647 1760 1685 in

132 1713 308 1746 nostros
331 1708 623 1747 confessarios
645 1710 913 1749 incidissent.
941 1711 1056 1761 Quin
1078 1718 1122 1751 et
1142 1720 1290 1764 patres
1311 1715 1508 1764 familias,
1532 1722 1671 1756 totam
1700 1718 1759 1756 fa-

132 1779 290 1817 miliam
313 1792 433 1818 suam
460 1780 514 1818 ad
544 1794 624 1819 nos
654 1781 942 1831 adducentes,
975 1785 1297 1824 attestabantur
1329 1786 1626 1827 obedientiam
1658 1802 1705 1827 se
1735 1802 1760 1828 a

131 1850 219 1888 suis
243 1851 442 1888 obtinere
464 1864 551 1889 non
572 1865 719 1902 posse,
743 1854 823 1892 nisi
856 1867 1007 1893 eorum
1039 1855 1269 1895 domestici
1300 1859 1462 1896 nostris
1497 1859 1758 1898 confiteren-

131 1926 213 1959 tur.
238 1921 442 1960 Confessi
464 1929 563 1961 sunt
583 1925 790 1974 primates
808 1927 954 1974 etiam,
974 1940 1061 1966 non
1082 1929 1208 1967 aulici
1232 1930 1387 1978 solum,
1412 1930 1490 1968 sed
1508 1931 1758 1971 viennensis

131 2005 305 2044 quoque
322 1994 448 2032 huius
469 2000 647 2033 nostrae
671 1997 877 2036 ciuitatis.
899 1998 1018 2036 Inter
1034 2012 1144 2049 quos
1168 2006 1235 2038 est
1252 2002 1537 2040 cancellarius
1553 2003 1756 2043 Austriae

129 2064 347 2103 inferioris
388 2071 432 2104 et
471 2069 735 2106 camerarius
775 2070 978 2109 ciuitatis.
1012 2071 1121 2110 Tum
1153 2077 1198 2110 et
1226 2073 1331 2111 illud
1362 2079 1558 2112 curatum
1594 2080 1675 2123 est,
1711 2081 1757 2114 ut

131 2135 432 2175 confitentium
463 2138 619 2189 singuli
649 2145 750 2189 post
776 2141 1064 2180 absolutionis
1085 2143 1341 2182 benefitium
1364 2145 1539 2196 aliquod
1561 2147 1755 2184 testimo-

128 2207 245 2245 nium
267 2220 291 2245 a
313 2208 569 2247 confessore
591 2211 857 2261 acciperent,
890 2225 945 2250 ne
977 2214 1068 2251 sine
1098 2214 1171 2252 illo
1202 2214 1257 2253 ad
1287 2228 1453 2255 sacram
1490 2219 1755 2256 communio-

128 2290 229 2316 nem
251 2279 602 2329 admitterentur,
627 2295 724 2320 cum
746 2283 977 2334 aliquando
1007 2285 1170 2324 factum
1202 2287 1270 2334 sit,
1308 2293 1354 2325 ut
1383 2289 1549 2339 absque
1586 2290 1755 2328 confes-

129 2349 252 2387 sione
282 2352 475 2390 nonnulli
506 2353 746 2391 tremendis
776 2354 857 2392 illis
888 2356 1110 2406 mysterijs
1140 2369 1240 2396 sese
1270 2359 1540 2409 ingererent.
1571 2361 1608 2397 A
1636 2361 1755 2399 vien-

128 2422 251 2459 nensi
290 2428 437 2460 autem
469 2424 677 2475 episcopo
710 2424 940 2476 designato
972 2425 984 2444 ²
1016 2439 1228 2466 concessa
1258 2429 1441 2468 facultas
1471 2430 1553 2468 fuit
1589 2443 1753 2469 sacram

129 2494 481 2532 communionem
511 2495 579 2544 ijs,
613 2496 682 2546 qui
710 2498 837 2535 nobis
859 2498 1050 2537 confessi
1074 2506 1237 2548 essent,
1262 2506 1336 2539 aut
1357 2502 1517 2552 alioqui
1540 2516 1564 2541 a
1586 2504 1754 2542 confes—

129 2577 228 2602 sore
259 2566 342 2603 alio
374 2567 673 2605 testimonium
704 2568 911 2607 idoneum
942 2570 1170 2619 haberent,
1207 2572 1294 2610 hoc
1327 2574 1516 2623 paschae
1553 2581 1751 2626 tempore

127 2635 468 2676 administrandi.
493 2638 547 2676 Et
570 2650 622 2676 ea
644 2645 711 2677 est
730 2640 1013 2690 plurimorum
1037 2654 1143 2693 erga
1163 2644 1372 2694 templum
1399 2650 1597 2684 nostrum
1620 2646 1753 2686 deuo-

172 2821 192 2841 a
240 2820 378 2858 Prius
394 2820 479 2857 870.
540 2822 603 2847 —b
626 2823 742 2860 multi
760 2824 999 2861 extiterunt.
1057 2833 1121 2851 —c
1141 2826 1212 2863 alii
1230 2827 1302 2864 hic
1319 2831 1361 2865 et
1375 2829 1510 2875 paulo
1526 2833 1638 2876 post.

173 3009 184 3029 ¹
236 3007 280 3044 P.
297 3006 545 3046 Lambertus
564 3008 692 3046 Auer.

172 3067 185 3087 ²
235 3067 441 3105 Antonius
460 3067 565 3106 Brus
583 3070 633 3106 de
654 3068 842 3116 Muglitz.
