2095 3623
215 708 655 781 LITTERAE
707 707 1485 790 QUADRIMESTRES

799 1075 908 1125 222

471 1216 903 1264 AEGIDIUS
952 1216 1241 1263 FABER

538 1359 727 1386 MESSANA
760 1349 774 1385 1
798 1358 1000 1398 JANUARII
1030 1348 1120 1386 1559
1148 1350 1171 1386 ¹.

40 1481 72 1519 l.
93 1481 488 1533 Frequenspopnlz'
504 1494 753 1521 concursus
766 1482 825 1519 ad
836 1482 1129 1520 sacramenta
1141 1482 1181 1519 et
1198 1479 1542 1519 contiones—2.
1560 1481 1672 1520 Doc-

119 1546 269 1585 trinae
291 1546 573 1586 christimzae
594 1548 810 1586 elementa
832 1560 860 1584 a
876 1546 1089 1597 pluribus
1111 1545 1466 1585 discunfinn—Z.
1492 1545 1674 1584 Studio-

119 1625 224 1651 rum
245 1612 643 1652 instauratio—4.
668 1613 733 1652 Dc
753 1611 1036 1651 scholis.—5.
1067 1612 1132 1652 De
1158 1611 1444 1651 contionibus
1465 1612 1514 1651 P.
1541 1612 1677 1651 Otelli

120 1678 353 1718 occasione
373 1678 657 1718 sacramenti
677 1677 1056 1731 confirmationis.

96 1827 131 1855 Ι.
189 1817 216 1863 †
245 1816 329 1854 Ihs.
354 1815 501 1854 Maria.
526 1816 662 1854 Molto
694 1815 803 1853 Rdo.
836 1815 879 1853 in
908 1815 1054 1853 Cristo
1083 1814 1238 1853 Padre.
1264 1815 1354 1852 Pax
1375 1814 1443 1852 Χ.ί
1476 1819 1560 1853 etc.
1587 1813 1675 1865 [Li-

41 1889 104 1927 cet
119 1901 210 1926 non
227 1900 426 1939 magnae
442 1887 534 1926 sint
550 1900 636 1935 reS,
655 1900 748 1926 non
769 1887 1018 1926 omittenda
1034 1899 1195 1925 earum
1211 1885 1432 1936 scriptio}
1457 1886 1491 1923 E
1506 1898 1584 1936 per
1603 1899 1675 1924 00-

41 1959 217 1998 minciar
239 1971 412 2010 sempre
435 1959 504 1997 dal
526 1958 704 2010 meglio,
728 1959 770 1996 16
791 1957 1001 2009 prediche
1025 1971 1048 1996 e
1070 1959 1111 1996 le
1134 1957 1401 1996 confessioni
1433 1969 1575 1995 uanno
1597 1970 1675 2008 per

40 2030 80 2067 la
108 2030 190 2068 Dio
221 2030 361 2080 gratia
381 2034 503 2068 tanto
534 2031 648 2068 bene
672 2030 753 2067 che
786 2029 824 2067 ci
854 2029 996 2067 danno
1029 2041 1201 2079 sempre
1233 2028 1467 2066 occasione
1499 2028 1540 2077 dj
1575 2028 1676 2066 scri-

41 2114 190 2140 uerne.
214 2102 247 2139 Ι1
267 2114 449 2140 numero
473 2101 515 2139 di
536 2102 669 2153 quelli
691 2101 772 2140 che
796 2105 839 2139 et
860 2113 938 2152 per
960 2101 1078 2139 l’une
1102 2105 1145 2138 et
1166 2113 1243 2151 per
1266 2100 1408 2138 l’altre
1425 2100 1676 2149 frequenta-

41 2186 95 2211 no
119 2173 158 2211 la
177 2178 328 2211 nostra
349 2172 497 2211 chiesa
516 2185 604 2210 non
625 2184 779 2210 manca
808 2172 893 2210 mai
913 2170 956 2209 di
987 2184 1208 2218 crescere,
1234 2173 1327 2209 cosi
1348 2169 1391 2208 di
1420 2183 1611 2220 persone
1633 2169 1677 2207 di

42 2244 308 2291 conditione,
334 2257 459 2283 come
482 2244 655 2283 d’altre.
680 2244 863 2295 Appena
892 2244 932 2281 la
961 2244 1142 2281 mattina
1163 2256 1188 2281 3
1207 2243 1327 2280 buon
1348 2243 1457 2280 hora
1480 2245 1501 2280 'e
1524 2248 1677 2293 aperta

42 2316 82 2353 13
110 2316 272 2363 chiesa,
297 2315 456 2353 ch’ella
477 2315 541 2353 s’e
574 2314 781 2366 empiuta3
804 2328 873 2353 ma
894 2315 920 2364 lj
945 2314 1088 2365 giorni
1109 2313 1225 2352 delle
1255 2314 1370 2351 feste
1395 2315 1417 2351 e
1445 2326 1530 2351 una
1561 2326 1676 2352 com-

42 2387 243 2438 passione
265 2400 290 2425 a
310 2387 477 2426 uedere
497 2400 586 2426 non
604 2399 725 2426 esser
747 2399 902 2426 manco
925 2385 1057 2437 quelli
1079 2387 1161 2424 che
1183 2398 1259 2435 per
1282 2385 1322 2422 13
1342 2385 1584 2435 incapacita
1605 2385 1677 2422 del

44 2458 174 2510 luogo
206 2459 241 2497 si
274 2464 475 2509 parteno,
509 2460 591 2498 che
621 2459 755 2509 quelli
790 2459 872 2497 0116
908 2462 1101 2496 restano.
1134 2457 1181 2495 In
1212 2469 1321 2494 uero
1359 2458 1606 2495 ancorache
1638 2457 1678 2494 13

46 2530 192 2568 chiesa
210 2543 299 2569 non
318 2531 382 2568 sia
401 2530 585 2580 pioeola,
609 2533 715 2581 pero
739 2529 997 2567 seruirebbe
1019 2528 1131 2566 assai
1150 2527 1223 2578 pin
1245 2539 1293 2565 se
1315 2527 1435 2565 fosse
1456 2528 1529 2578 pisi
1552 2540 1676 2578 gran-

46 2599 116 2639 de.
139 2601 191 2639 N.
211 2600 255 2639 S.
278 2601 490 2652 proueda.
510 2602 596 2639 Tra
611 2604 732 2639 tanto
753 2613 776 2638 e
794 2613 967 2651 sempre
984 2599 1265 2650 ringratiamo
1284 2598 1324 2635 la
1340 2598 1475 2636 bonta
1497 2610 1573 2636 sua
1595 2598 1677 2636 che

45 2684 152 2721 pure
173 2684 256 2711 con
277 2673 317 2710 le
338 2671 547 2724 prediche
570 2672 777 2710 continue
801 2684 824 2710 e
847 2672 1019 2710 lettioni
1039 2672 1154 2709 nella
1184 2668 1334 2708 madre
1371 2670 1534 2718 chiesa,
1568 2671 1679 2708 oltra

47 2744 189 2792 quelle
210 2743 363 2795 d'ogni
382 2744 566 2782 venerdi
595 2744 711 2781 nella
733 2744 883 2781 chiesa
912 2749 1076 2790 nostra,
1102 2744 1184 2781 che
1206 2757 1315 2782 sono
1339 2744 1441 2782 delli
1465 2741 1679 2780 Prouerbi

49 2813 91 2852 di
110 2815 360 2863 Salomone,
385 2828 409 2853 e
429 2816 545 2853 nella
566 2816 799 2854 settimana
820 2815 966 2865 doppo
990 2814 1179 2853 disinare
1203 2815 1257 2854 de
1277 2816 1366 2854 casi
1387 2814 1428 2864 dj
1449 2814 1680 2853 coscienza

49 2897 74 2923 3
100 2887 304 2936 parecchi
325 2886 546 2925 sacerdoti
567 2899 591 2924 e
613 2887 726 2934 laici,
747 2892 792 2924 et
813 2899 974 2925 ancora
991 2899 1075 2925 con
1095 2887 1124 2924 li
1152 2888 1352 2938 consigli,
1386 2885 1629 2934 risolutionj
1656 2898 1678 2922 e

49 2957 177 2995 visite
207 2957 426 2997 d’infermi
456 2959 537 2996 che
569 2958 672 3010 ogni
702 2958 744 2996 di
775 2970 1019 2997 occorreno
1050 2958 1168 3006 farsi,
1193 2958 1228 2996 si
1249 2957 1413 2997 sodisfa
1434 2970 1458 2996 a
1477 2958 1581 2995 tutti
1600 2969 1679 3007 per

99 3100 109 3120 ¹
160 3099 221 3137 Ex
239 3105 399 3148 autogr.
419 3101 461 3137 in
478 3100 564 3138 cod.
587 3100 668 3138 Sic.
690 3100 784 3137 181-
797 3100 890 3144 182,
911 3100 954 3137 ff.
973 3100 1108 3146 80-81,
1126 3101 1237 3147 prius
1255 3100 1439 3138 495-496.
1465 3099 1680 3136 Praecedit

52 3161 281 3207 exemplum
299 3160 470 3197 latinum
489 3159 671 3208 ejus'dem
690 3159 730 3197 in
748 3159 791 3198 ff.
811 3159 948 3197 77-79.

192 3244 355 3271 Lunam
375 3243 782 3278 QuAnmunswnESe-Tou.
804 3244 859 3271 VI.
1525 3248 1537 3269 1
