1908 3446
470 244 789 286 346.—1311„1„0M0
814 243 861 282 22
884 242 918 282 F
922 256 1122 283 EBRUARH
1151 244 1196 290 (P)
1226 244 1315 284 1560
1590 242 1660 282 529

134 349 174 387 6.
235 347 357 387 Rfliss
380 350 483 386 Dns.
509 349 740 398 episcopus
758 348 1121 387 claromontensis
1144 352 1151 371 ¹
1176 347 1481 386 ardentissimo
1500 360 1580 385 nos
1598 359 1708 385 sern-

82 433 158 471 per
179 433 329 458 amore
350 420 645 470 prosequitur,
679 426 723 458 et
753 421 865 458 iacta
899 419 1073 470 collegij
1111 419 1394 458 fundamenta
1425 432 1502 457 sua
1523 419 1710 456 liberali-

83 498 173 530 tate
194 497 444 543 promouet3
467 504 552 541 quo
576 492 616 529 in
651 492 833 543 negotio
857 492 929 529 vix
952 490 1106 530 credas
1127 497 1334 542 quantum
1371 489 1706 530 obserztandiss.

86 565 130 601 P.
156 563 350 613 Baptista
380 563 588 600 Violaeus
621 576 782 613 operae
818 567 947 614 atque
982 562 1221 601 industriae
1259 563 1450 600 collocet
1485 561 1709 599 indefesso

84 646 187 673 sane
222 635 374 672 labore
405 639 450 672 et
482 633 690 672 continuo
715 636 947 681 exercitio,
970 647 1056 684 quo
1079 634 1140 681 fit,
1165 639 1212 672 vt
1233 634 1433 684 proxima
1453 637 1625 671 aestate
1648 644 1711 670 sa-

86 717 184 743 crae
206 703 326 742 aedis
347 703 672 742 dedicationem
708 718 948 755 speremus,
987 706 1054 743 cui
1091 704 1330 756 erigendae
1366 704 1573 742 materies
1607 704 1712 753 (non

86 775 216 814 modo
249 775 366 813 rudis
396 775 585 826 lapidum
614 777 867 827 congeries)
887 777 1022 826 polita
1039 782 1277 826 ornataque
1300 788 1466 813 summa
1488 773 1714 825 diligentia

86 852 383 898 praeparatur.
417 847 573 885 Verbis
605 848 816 897 consequi
850 860 1065 898 nequeam
1100 860 1228 897 quam
1263 845 1479 897 stupenda
1515 846 1714 883 omnibus

89 921 134 957 P.
174 918 398 969 Baptistae
428 918 653 969 vigilantia
684 924 727 956 et
757 919 968 957 industria
989 917 1204 956 videatur.
1231 916 1322 966 Qui
1341 931 1432 955 ‘non
1454 915 1714 963 crediderit,

81 989 282 1041 festinet,
307 989 457 1028 videat
477 991 517 1028 et
538 991 707 1028 credat.
734 990 859 1027 Rfliss
881 991 932 1028 D.
959 990 1191 1040 episcopus
1226 990 1267 1027 in
1302 990 1388 1027 hoc
1422 993 1572 1027 nostro
1608 993 1716 1026 tem-

87 1061 157 1111 plo
181 1061 447 1111 sepulturam
470 1060 550 1098 sibi
567 1060 748 1111 delegit,
775 1067 818 1098 et
840 1067 941 1099 ante
965 1060 1130 1099 obitum
1153 1061 1431 1111 sepulchrum
1453 1060 1535 1098 sibi
1557 1058 1716 1107 extrui,

90 1145 191 1170 mox
213 1133 286 1170 vbi
308 1132 442 1170 aedes
465 1136 671 1170 contecta
692 1132 837 1179 fuerit,
863 1138 1112 1171 curaturum
1134 1145 1181 1170 se
1209 1132 1497 1171 asseuerauit.
1537 1132 1717 1170 Multum

91 1203 204 1241 enim
226 1203 376 1241 tribuit
397 1203 633 1241 Societatis
653 1207 695 1241 et
717 1203 1081 1242 scholasticorum
1102 1204 1320 1254 precibus,
1350 1204 1506 1254 quibus
1533 1203 1718 1242 animam

91 1287 209 1312 suam
244 1275 286 1312 in
317 1275 490 1313 coelum
522 1275 835 1313 subleuandam
859 1281 1020 1326 sperat.
1045 1276 1128 1314 Hic
1150 1275 1427 1327 aegritudine
1451 1274 1647 1326 corporis
1670 1287 1721 1313 ac

92 1347 387 1385 membrorum
410 1352 603 1386 tremore
625 1347 828 1395 affectus,
852 1360 987 1399 aegre
1008 1349 1144 1386 vitam
1165 1349 1398 1399 pollicetur
1418 1347 1720 1398 prolixiorem3

92 1430 218 1469 quam
240 1423 386 1456 tamen
403 1418 548 1456 diuina
569 1419 817 1470 benignitas
838 1420 1008 1470 piorum
1030 1420 1233 1470 precibus
1254 1418 1435 1458 inuitata
1451 1418 1721 1470 protendere

93 1502 170 1540 pro
192 1495 343 1528 nostra
363 1490 523 1528 fiducia
544 1490 763 1541 dignetur,
788 1490 916 1529 vnice
937 1491 1063 1528 nobis
1085 1491 1127 1529 in
1148 1491 1264 1529 votis
1288 1496 1369 1538 est,
1389 1490 1507 1541 quod
1527 1503 1722 1541 praema-

93 1566 189 1598 tura
204 1561 337 1611 ipsius
354 1573 470 1600 mors
488 1562 664 1612 collegij
683 1562 877 1612 negotijs
893 1574 980 1599 non
996 1575 1146 1612 parum
1166 1562 1346 1600 officere
1363 1562 1517 1612 possit.
1537 1562 1723 1600 Omnem

94 1637 239 1670 tamen
255 1632 319 1670 rei
336 1638 544 1670 euentum
562 1631 735 1671 diuinae
752 1633 1058 1684 prouidentiae
1081 1634 1260 1671 arbitrio
1284 1634 1592 1680 submittimus,
1611 1645 1723 1683 quae

95 1703 218 1741 nouit
240 1703 404 1754 optime
425 1703 479 1741 ad
503 1704 745 1742 electorum
776 1705 961 1742 salutem
999 1705 1143 1743 omnia
1176 1717 1453 1755 prosperare.
1491 1704 1648 1743 Adhuc
1682 1704 1723 1742 in

96 1779 239 1812 castro
275 1786 370 1821 suo,
409 1774 478 1812 cui
511 1786 674 1813 nomen
703 1775 923 1826 Euscopia
945 1780 1026 1821 est,
1051 1788 1129 1813 seu
1152 1775 1515 1826 Belliregardum,
1539 1775 1726 1813 aduersa

97 1844 348 1884 valetudine
371 1851 551 1884 coactus
573 1852 735 1894 manet3
756 1859 841 1885 nec
862 1852 986 1885 certo
1010 1852 1183 1886 constat
1205 1852 1348 1885 vtrum
1383 1859 1490 1885 vere
1524 1847 1725 1898 proximo

98 1916 315 1954 Lutetiam
346 1917 400 1955 sit
436 1918 816 1969 commigraturus,
849 1916 967 1968 quod
987 1924 1224 1969 peroptare
1246 1918 1436 1965 videtur,
1461 1919 1495 1957 si
1517 1916 1725 1956 valetudo

97 1986 264 2026 itineris
295 1988 542 2027 molestiam
571 1989 698 2028 ferat.
745 1989 798 2027 Et
834 1989 877 2027 id
910 1989 1093 2028 forsitan
1126 1990 1254 2028 nobis
1286 1989 1524 2041 optandum
1561 1995 1642 2037 est,
1680 1993 1727 2027 vt

99 2059 273 2110 collegij
297 2058 540 2111 vtriusque,
570 2065 613 2098 et
635 2060 926 2099 Bilhomensis
949 2066 994 2099 et
1016 2061 1273 2100 Parisiensis
1293 2061 1475 2113 negotia
1497 2062 1727 2100 confirmet

101 2143 177 2169 sua
195 2131 458 2181 praesentia.
485 2133 707 2182 Quantum
727 2132 855 2171 nobis
875 2132 1038 2179 faueat,
1063 2134 1134 2171 vel
1169 2133 1256 2172 hoc
1289 2137 1549 2185 argumento
1584 2132 1729 2172 lucide

101 2208 295 2252 apparet,
328 2201 446 2254 quod
476 2216 614 2253 quum
644 2203 801 2243 decem
831 2204 947 2242 milia
981 2204 1229 2243 francorum
1260 2205 1450 2256 collegio
1484 2204 1730 2243 extruendo

100 2273 319 2323 pollicitus
341 2275 510 2313 solenni
533 2275 829 2326 stipulatione,
867 2275 1115 2325 quindecim
1151 2276 1267 2314 milia
1300 2277 1471 2327 priuato
1508 2277 1729 2328 colloquio

100 2345 363 2394 promiserit.
384 2345 618 2397 Speramus
635 2347 774 2397 ipsum
789 2347 917 2385 nullis
933 2346 1166 2397 impendijs
1182 2360 1267 2386 nec
1283 2348 1527 2399 sumptibus
1543 2360 1731 2398 vnquam

104 2413 368 2464 defuturum,
393 2405 524 2455 modo
548 2422 774 2468 superstes
796 2418 930 2456 viuat.
956 2419 1062 2456 Post
1082 2418 1214 2457 ferias
1248 2418 1466 2457 natalitias
1504 2418 1733 2470 octoginta

103 2486 207 2525 alias
241 2487 421 2526 arbores
456 2488 564 2527 mira
597 2489 860 2527 celsitudine
896 2493 939 2527 et
970 2488 1233 2527 rectitudine
1256 2490 1537 2541 spectabiles,
1579 2495 1730 2529 nostro

105 2558 304 2597 aedificio
327 2558 522 2607 donauit,
548 2564 591 2598 et
614 2561 660 2598 Ρ.
686 2561 910 2611 Baptistae
933 2561 1075 2599 calcar
1096 2561 1262 2599 addidit
1296 2562 1362 2600 his
1390 2562 1553 2600 verbis:
1577 2567 1734 2612 vrgeat

108 2642 214 2680 opus
237 2629 353 2668 omni
373 2631 577 2669 instantia
599 2636 643 2669 et
663 2631 916 2678 sedulitate,
948 2632 1111 2670 nummi
1147 2633 1390 2684 sumptibus
1425 2633 1600 2671 minime
1632 2632 1735 2671 dee-

107 2706 220 2739 runt.
259 2701 446 2750 Quoties
475 2703 615 2753 ipsum
633 2702 877 2752 jnuisimus,
901 2715 990 2741 non
1011 2703 1144 2742 modo
1167 2703 1383 2751 officiose,
1407 2703 1487 2742 sed
1509 2704 1640 2742 etiarn
1662 2705 1735 2743 ho-

108 2772 287 2811 norifice
308 2785 389 2812 nos
410 2774 588 2825 excipit,
614 2774 766 2813 osculo
801 2774 1020 2813 interdum
1055 2780 1100 2813 et
1133 2776 1338 2826 amplexu
1373 2788 1455 2814 nos
1491 2775 1734 2827 dignatur,

111 2855 282 2882 omnem
303 2844 620 2897 benignitatem
640 2846 767 2885 nobis
790 2846 985 2894 exhibet,
1008 2859 1096 2885 non
1118 2846 1249 2887 modo
1273 2852 1320 2885 vt
1340 2852 1519 2886 nostrae
1541 2846 1737 2886 Societa-

109 2914 163 2952 tis
196 2920 405 2966 patronus
440 2921 484 2954 et
518 2930 770 2965 moecenas,
803 2918 882 2956 sed
913 2919 1035 2956 velut
1066 2919 1254 2969 optimus
1284 2924 1424 2970 pater.
1450 2919 1676 2957 Retribuat
1700 2919 1738 2956 ei

160 3057 170 3077 ¹
221 3055 453 3095 Gulielmus
470 3071 494 3095 a
512 3057 635 3095 Prato
653 3058 724 3103 (du
742 3057 871 3104 Prat).

254 3141 417 3167 Li‘rrmun
437 3141 842 3175 QUADRxMESTRES.—T0M.
865 3142 917 3167 V1.
1568 3147 1599 3172 34
