1908 3446
234 195 303 233 458
715 195 934 232 Lll‘TERAE
961 194 1316 239 QqumMEsTREs

190 310 314 335 suum
336 311 489 336 munus
512 298 642 336 etiam
669 310 782 335 nunc
804 299 997 340 exercet,
1029 300 1073 333 et
1102 294 1262 331 nostris
1295 306 1466 332 omnem
1496 293 1808 344 propemodum
1899 303 1900 306 ’

191 370 506 420 typographiae
530 369 850 407 solicitudinem
873 379 923 405 ac
944 368 1116 404 labores
1138 366 1300 404 adimit.
1860 412 1862 421 y

248 451 307 478 10.
368 441 457 479 Sub
478 441 610 479 finem
632 439 838 478 Octobris
858 439 1008 476 theses
1043 437 1289 475 rhetoricae
1313 449 1471 487 graece
1503 441 1631 486 atque
1663 435 1808 482 latine,
1859 421 1864 435 ⁵

190 511 515 561 philosophicae
553 515 596 549 et
632 510 910 560 theologicae
948 509 1149 558 uulgatae
1183 512 1295 554 sunt,
1329 511 1372 545 et
1402 507 1489 545 acri
1520 506 1810 556 disputatione
1863 534 1869 541 .

190 581 426 620 discussae.
448 581 683 620 Octiduum
719 580 889 618 durauit
923 580 1009 617 hoc
1047 579 1284 616 literarium
1319 582 1558 624 certamem
1593 575 1760 626 primis
1795 577 1813 596 a
1860 582 1867 618 ζ,
1900 584 1908 609 2³

192 653 362 691 duobus
383 653 537 691 diebus
572 652 791 690 rhetorica
813 650 1100 695 defendimus,
1134 648 1503 699 consequentibus
1535 661 1612 686 sex
1633 648 1652 672 b
1680 647 1812 697 philo·
1860 638 1866 656 “
1901 657 1904 682 1

192 725 386 774 sophiam
409 728 452 762 et
473 723 743 774 theologiam
772 730 802 769 0,
830 719 1031 770 utrisque
1053 721 1143 759 tres
1164 721 1203 758 et
1234 721 1324 758 tres
1345 718 1438 758 dies
1474 718 1674 769 impensi.
1699 718 1813 756 Non-
1862 721 1882 754 Ὺ
1905 716 1907 720 ’

192 797 295 834 nulli
317 795 612 834 vniuersitatis
630 794 822 844 magistri
841 806 937 831 cum
954 792 1113 830 nostris
1129 791 1340 829 acerrime
1359 803 1410 829 ac
1426 791 1556 829 docte
1576 790 1679 828 satis
1695 802 1814 840 prae·
1861 790 1869 829 ἒ,
1901 802 1907 838 ,⁹¹

194 868 341 906 sertim
372 867 413 905 in
439 866 713 917 philosophia
744 865 1047 903 conflixerunt.
1082 863 1307 909 Omnibus,
1332 862 1471 913 gratia
1491 862 1588 908 Dei,
1611 865 1815 912 quantum
1859 873 1869 907 'r

195 939 472 988 conijcimus,
506 937 664 975 iudicio
706 937 835 975 etiam
875 936 1128 981 multorum,
1170 935 1241 984 qui
1281 933 1645 984 disputationibus
1689 933 1816 971 inter-
1860 923 1908 976 ξ·

194 1011 382 1055 fuerunt,
412 1009 632 1060 responsis
666 1013 915 1046 nostrorum
946 1011 1012 1045 est
1042 1007 1204 1043 factum
1227 1006 1348 1043 satis.
1377 1006 1536 1043 Vltimo
1559 1005 1817 1055 perelegans
1875 1023 1877 1025 ·
1903 1004 1908 1042 ἐ

197 1082 396 1132 dialogus
436 1080 489 1119 de
525 1084 647 1119 recta
681 1080 885 1117 iuuenum
925 1078 1197 1116 institutione
1245 1077 1461 1115 exhibitus
1501 1080 1589 1123 est,
1631 1080 1817 1126 quatuor
1864 1099 1873 1105 „

196 1153 433 1192 interfuere
470 1152 533 1201 (ut
573 1152 626 1190 de
666 1151 912 1202 promiscua
957 1148 1231 1186 multitudine
1270 1148 1374 1186 nihil
1413 1148 1570 1197 dicam)
1611 1146 1816 1197 episcopi,
1860 1159 1908 1190 ’,τ

196 1224 318 1262 multi
339 1237 394 1262 ex
424 1224 521 1261 aula
541 1223 621 1261 viri
642 1222 827 1268 nobiles,
852 1220 1098 1271 complures
1120 1220 1328 1258 doctores
1359 1219 1549 1257 omnium
1569 1218 1819 1257 facultatum
1862 1226 1877 1263 ἢ
1906 1231 1908 1255 :

197 1308 248 1333 ac
269 1294 477 1345 magistri.
503 1295 687 1332 Postero
711 1293 780 1330 die
803 1304 928 1342 quam
952 1291 1177 1329 absolutus
1200 1295 1266 1328 est
1284 1290 1498 1341 dialogus,
1522 1302 1546 1327 a
1565 1294 1819 1340 praecepto·
1879 1298 1882 1301 ’

198 1366 330 1412 ribus,
354 1365 425 1416 qui
453 1365 615 1402 maiore
646 1363 738 1402 fere
771 1376 825 1401 ex
856 1367 994 1412 parte,
1019 1362 1059 1399 in
1095 1362 1239 1399 locum
1270 1373 1437 1407 eorum,
1470 1360 1541 1411 qui
1570 1361 1687 1410 prius
1718 1360 1820 1398 clas·
1862 1375 1872 1395 ψ.

198 1436 307 1474 sium
329 1448 475 1474 curam
497 1438 741 1486 gesserant,
764 1434 851 1471 hoc
871 1445 982 1470 anno
1007 1436 1314 1470 successerunt
1337 1437 1362 1478 ¹,
1386 1431 1559 1469 habitae
1603 1434 1700 1468 sunt
1730 1443 1821 1468 ora-

198 1508 354 1553 tiones,
390 1505 585 1556 discipuli
621 1505 674 1542 ad
713 1504 891 1542 altiores
931 1503 1107 1549 classes,
1145 1503 1275 1540 solito
1315 1502 1465 1539 maiori
1500 1501 1687 1552 quodam
1727 1514 1821 1540 cum
1866 1508 1870 1535 ὲ

200 1581 408 1629 apparatu
430 1590 572 1628 eoque
594 1577 799 1622 honesto,
818 1575 1007 1625 promoti
1041 1574 1180 1620 fuere,
1205 1579 1295 1611 tum
1317 1574 1490 1612 demum
1520 1573 1736 1611 lectiones
1765 1573 1821 1611 in-
1866 1565 1870 1586 ⁴

200 1650 432 1701 terpretari
455 1653 657 1699 coeptae.

258 1733 315 1760 11.
378 1719 565 1760 Octobri
585 1720 757 1766 exacto,
781 1718 991 1770 principio
1023 1717 1169 1755 statim
1205 1715 1486 1763 Nouembris,
1511 1715 1664 1753 mulier
1695 1727 1822 1766 quae·
1864 1716 1867 1717 ’

203 1793 300 1831 dam
324 1805 378 1830 ex
408 1790 541 1829 foeda
558 1789 819 1840 judaeorum
852 1787 1162 1840 superstitione
1194 1786 1248 1825 ad
1278 1786 1453 1825 CHRM.
1489 1798 1719 1833 conuersa,
1751 1786 1823 1823 irn—

203 1858 452 1915 peratorem
475 1861 676 1900 exorauit
697 1861 759 1898 uti
782 1861 874 1898 eius
897 1860 1068 1898 duobus
1090 1858 1189 1908 filijs
1212 1858 1428 1909 elegantis
1455 1857 1637 1904 formae,
1660 1856 1732 1908 qui
1752 1855 1824 1894 Χ.0
1868 1860 1873 1863 ’

203 1936 387 1987 primum
408 1933 451 1972 id
473 1931 684 1983 temporis
705 1944 867 1970 nomen
885 1930 1114 1977 dederant,
1139 1943 1163 1968 a
1183 1929 1345 1968 nostris
1368 1929 1568 1967 Patribus
1588 1927 1753 1966 institui
1775 1939 1826 1966 ac

206 2009 325 2059 apud
346 2019 428 2046 nos
448 2018 535 2045 esse
556 2004 709 2044 liceret
730 2004 762 2049 d;
802 2016 888 2042 non
920 2009 1087 2041 tantum
1110 2002 1165 2040 de
1186 2001 1343 2040 litteris
1364 2004 1571 2052 quantum
1594 1999 1649 2038 de
1670 1998 1827 2050 adepta

205 2079 435 2130 religione,
459 2077 603 2128 deque
633 2076 799 2127 pietate
821 2075 1021 2122 sollicita,
1046 2087 1173 2125 quarn
1202 2072 1245 2111 in
1278 2078 1431 2111 nostro
1463 2072 1653 2123 collegio
1675 2070 1824 2121 (credo

205 2152 346 2190 relatu
367 2148 568 2198 aliorum)
589 2149 750 2186 florere
772 2147 960 2185 maxime
982 2145 1215 2197 persensit.
1868 2183 1875 2203 -:

265 2232 324 2261 12.
384 2220 553 2260 Eodem
581 2225 780 2270 tempore
802 2218 976 2268 quidam
999 2230 1053 2256 ex
1088 2217 1250 2255 nostris
1271 2216 1313 2255 in
1343 2216 1418 2254 X.0
1438 2214 1658 2262 fratribus,
1690 2214 1826 2253 Geor·
1868 2204 1874 2225 Ε

208 2294 303 2345 gius
331 2291 508 2331 nomine
531 2297 557 2337 ²,
594 2290 773 2328 natione
803 2301 1052 2340 germanus,
1085 2301 1172 2327 non
1202 2286 1421 2334 indoctus,
1460 2298 1691 2324 commune
1712 2284 1828 2323 debi-
1870 2299 1875 2325 ,ζ

209 2370 300 2404 tum
322 2363 556 2409 foeliciter,
589 2362 684 2399 Deo
717 2361 824 2408 laus,
856 2359 1082 2412 persoluit‚
1116 2372 1167 2398 ac
1197 2358 1392 2397 ultimum
1428 2358 1545 2396 uitae
1581 2369 1684 2395 suae
1716 2354 1827 2394 diem

210 2437 409 2476 omnibus
431 2433 722 2473 sacrosanctis
744 2432 972 2471 Ecclesiae
995 2431 1278 2470 sacramentis
1295 2440 1522 2468 recreatus
1544 2426 1711 2467 clausit.
1735 2427 1829 2466 Fuit
1868 2459 1877 2476 „

209 2520 313 2548 sane
335 2513 430 2546 toto
453 2511 655 2557 tempore
676 2517 762 2556 quo
786 2503 1037 2543 ualetudine
1060 2503 1247 2541 aduersa
1266 2501 1497 2548 laborauit,
1521 2500 1625 2539 satis
1644 2499 1827 2551 patiens,
1868 2514 1875 2547 4

211 2579 386 2619 tametsi
408 2578 530 2629 graui
550 2581 826 2628 premeretur
851 2581 895 2613 et
916 2573 1119 2614 molestia
1142 2580 1186 2612 et
1207 2572 1498 2625 aegritudine.
1524 2571 1698 2609 Efficiet
1718 2569 1830 2609 haud

257 2735 277 2754 a
326 2733 477 2781 primis.
504 2732 554 2768 ln
573 2741 653 2767 ms.
673 2733 736 2766 est
754 2724 846 2776 pr—is.
903 2730 967 2754 —b
988 2740 1092 2776 quae
1111 2728 1178 2764 ad.
1258 2734 1314 2753 -0
1345 2726 1550 2774 pertinent
1627 2726 1693 2751 -d
1725 2738 1828 2763 man.

211 2797 339 2832 daret.

260 2945 268 2964 ¹
324 2942 639 2987 Praeceptorum
658 2938 820 2976 nomina
839 2938 931 2975 vide
951 2950 1086 2984 supra,
1106 2950 1143 2984 p.
1163 2936 1233 2974 387
1250 2949 1337 2983 sqq.

259 3004 273 3024 ²
322 3000 431 3039 Vide
450 3011 585 3046 supra,
608 3012 643 3046 p.
665 2997 746 3035 389.
