1908 3446
523 101 633 138 411.-
655 99 861 138 LAURETO
890 100 904 137 1
935 100 1195 138 SEPTEMBms
1223 99 1314 137 1560
1617 98 1687 136 787

165 213 200 251 5.
260 203 338 240 His
362 208 404 240 et
427 203 519 240 aliis
540 203 620 252 piis
643 202 847 253 operibus
869 203 980 239 solet
1012 202 1212 241 Societas
1233 205 1383 240 nostra
1406 202 1501 239 Deo
1526 208 1570 239 et
1594 207 1638 239 et
1667 214 1736 239 ec-

110 274 271 312 clesiae
294 286 396 311 suae
421 278 599 311 sanctae
622 273 803 310 seruire.
827 272 970 310 Sentit
992 273 1075 310 iam
1098 273 1286 311 Marchia
1307 277 1416 318 tota,
1441 273 1526 310 imo
1551 277 1594 310 et
1617 272 1737 309 Italia

111 345 313 382 vniuersa
333 343 399 393 (vt
428 344 600 382 interim
633 344 687 382 de
719 343 883 382 exteris
914 344 1060 394 regnis
1092 350 1135 382 et
1165 344 1395 394 prouintiis
1425 343 1529 381 nihil
1561 343 1734 392 dicam),

108 420 311 465 quantam
343 414 577 453 christiana
607 414 761 465 religio
792 414 1003 464 percipiat
1027 415 1258 452 vtilitatem
1282 427 1335 452 ex
1358 419 1609 452 nostrorum
1632 413 1736 452 doc-

109 487 219 523 trina
241 490 285 524 et
307 489 456 524 sancta
477 486 831 524 conuersatione.
852 486 945 536 Jam
967 485 1080 523 enim
1104 492 1147 523 et
1169 491 1320 523 nostra
1350 490 1473 523 aetas
1509 485 1617 523 alios
1648 498 1738 522 mo-

108 569 178 594 res
215 557 367 607 exigit,
409 556 534 594 aliam
577 557 709 594 vitam
748 556 956 606 postulat,
995 557 1078 593 imo
1117 561 1160 594 et
1194 556 1441 606 profitetur,
1483 561 1613 607 prout
1652 568 1737 593 non

109 627 247 664 minus
278 639 407 665 senes
438 640 566 678 quam
586 627 774 676 juuenes
795 631 1073 674 attestantur,
1100 632 1142 664 et
1166 640 1299 678 opera
1319 626 1412 678 ipsa
1433 626 1736 677 comprobant,

110 700 242 748 longe
264 698 346 735 alia
367 699 538 737 ratione
562 704 768 749 oportere
786 698 919 735 vitam
942 711 1176 749 moresque
1199 699 1434 745 instruere,
1454 697 1740 748 relinquenda

111 781 210 807 esse
233 769 387 806 saltem
409 770 582 819 publica
605 775 648 807 et
669 768 926 807 nefandiora
946 769 1129 816 scelera,
1151 769 1448 808 confitendum
1472 769 1634 819 sepius,
1658 769 1740 820 pijs

109 840 314 891 operibus
355 840 657 887 insistendum,
702 846 746 878 et
784 853 871 877 non
907 841 1046 878 solum
1086 841 1199 891 piam
1238 846 1448 887 mentem,
1491 840 1569 879 sed
1609 841 1739 879 etiam

109 912 290 963 egregia
310 911 504 950 facinora
527 918 734 963 oportere
756 911 810 950 ad
830 912 916 950 hoc
933 918 980 949 vt
1002 912 1097 950 Deo
1119 913 1322 963 placeant
1342 911 1544 950 homines
1567 919 1599 958 a,
1625 916 1669 949 et
1691 917 1741 949 vt

108 983 221 1021 inter
249 983 451 1021 homines
482 983 724 1021 secundum
755 983 976 1021 hominem
1007 983 1026 1007 b
1047 984 1143 1034 quis
1174 984 1317 1022 valeat
1348 996 1445 1022 cum
1475 984 1660 1030 honore,
1692 988 1742 1021 vt

108 1055 188 1105 ipsi
210 1054 374 1101 dicunt,
400 1055 667 1093 conuersari.
692 1055 789 1092 Hec
810 1054 851 1092 in
884 1055 963 1092 hac
990 1060 1140 1093 nostra
1162 1055 1380 1094 Marchiae
1401 1054 1627 1105 prouincia
1646 1067 1740 1105 pas-

110 1126 188 1164 sim
219 1123 467 1171 audiuntur,
502 1130 546 1163 et
567 1126 719 1172 nostri,
744 1126 816 1175 qui
838 1126 983 1163 multis
1014 1125 1248 1164 admodum
1271 1131 1370 1163 sunt
1400 1138 1424 1164 a
1455 1125 1741 1164 confessioni-

108 1198 203 1244 bus,
228 1196 425 1247 quotidie
447 1197 507 1235 ita
529 1210 627 1235 esse
650 1196 1000 1247 deprehendunt.
1023 1196 1216 1245 Quarum
1239 1209 1383 1235 rerum
1404 1198 1496 1235 laus
1519 1203 1564 1235 et
1584 1197 1738 1248 gloria,

108 1268 304 1318 quamuis
335 1269 431 1307 Deo
463 1269 544 1307 soli
573 1273 669 1307 tota
698 1269 752 1307 sit
780 1268 1084 1316 adscribenda,
1117 1273 1273 1320 vtpote
1295 1269 1367 1320 qui
1395 1269 1493 1307 fons
1515 1274 1583 1308 est
1605 1269 1741 1307 totius

106 1341 332 1387 bonitatis,
357 1346 402 1378 et
423 1353 447 1378 a
467 1353 552 1391 quo
578 1353 706 1379 omne
728 1340 877 1400 datum
901 1341 1126 1391 optimum,
1153 1346 1196 1379 et
1219 1353 1347 1379 omne
1380 1340 1541 1379 donum
1572 1340 1740 1391 perfec-

108 1417 199 1450 tum
233 1411 465 1450 descendit
496 1416 523 1458 ¹3
564 1412 778 1450 Societati
809 1417 955 1450 tamen
985 1417 1135 1450 nostre
1174 1417 1343 1463 partem
1383 1412 1570 1463 aliquam
1610 1412 1740 1450 etiam

111 1483 335 1533 sapientes
356 1483 438 1521 viri
464 1483 721 1530 attribuunt,
754 1483 942 1521 libenter
972 1496 1052 1521 nos
1082 1483 1278 1530 audiunt,
1309 1495 1389 1521 nos
1421 1483 1667 1530 consulunt,
1698 1487 1741 1520 et

108 1554 149 1592 in
171 1560 322 1592 nostra
351 1553 665 1592 beneuolentia
696 1554 882 1592 dulciter
914 1554 1249 1604 conquiescunt.
1282 1553 1452 1592 Reddat
1483 1553 1565 1591 illis
1595 1553 1742 1591 Domi-

107 1639 188 1663 nus
213 1625 397 1676 gratiam
418 1638 496 1676 pro
518 1625 673 1676 gratia,
699 1630 743 1664 et
764 1630 924 1676 augeat
947 1626 988 1663 in
1009 1625 1136 1663 nobis
1158 1630 1410 1664 sanctorum
1434 1625 1741 1663 charismatum

109 1696 434 1744 abundantiam,
458 1702 505 1735 vt
526 1696 567 1734 in
589 1697 670 1735 Dei
694 1698 906 1748 obsequio
933 1702 976 1735 et
998 1698 1039 1735 in
1060 1698 1359 1748 proximorum
1383 1695 1625 1735 commodis
1645 1709 1740 1747 per-

108 1767 331 1818 quirendis
372 1767 616 1818 paratiores
655 1766 853 1818 quotidie
895 1768 1186 1819 reperiamur.
1231 1768 1361 1818 Quod
1400 1767 1528 1806 facile
1568 1767 1665 1815 fiet,
1708 1768 1741 1805 si

109 1839 156 1877 R.
194 1844 269 1877 tua
302 1840 349 1877 P.
382 1852 459 1889 pro
495 1839 622 1878 nobis
656 1839 754 1878 filiis
790 1839 874 1877 tuis
909 1839 1165 1890 frequenter
1200 1837 1433 1877 Dominum
1470 1838 1738 1876 exorauerit.

109 1910 284 1948 Laureti
306 1917 323 1935 ⁰
344 1910 549 1949 Calendis
571 1910 843 1961 Septembris
872 1910 983 1958 1560.
1018 1911 1081 1948 Ex
1116 1910 1427 1949 commissione
1458 1911 1506 1948 P.
1540 1910 1742 1948 Rectoris

108 1983 156 2019 R.
182 1983 229 2020 P.
253 1982 303 2019 T.
327 1981 529 2033 indignus
550 1983 593 2020 in
621 1982 796 2021 Christo
822 1982 937 2020 filius

1203 2037 1402 2074 RAPHAEL
1434 2035 1568 2073 Rmm
1601 2040 1628 2072 2.

190 2159 448 2210 Inscriptio.
474 2158 832 2210 Quadrimestres
863 2160 1114 2198 lauretanae
1135 2161 1299 2198 mensis
1321 2159 1585 2211 septembris
1627 2159 1740 2208 1560.

191 2230 298 2271 Alia
318 2244 474 2270 manu.
500 2232 583 2269 Per
604 2232 644 2270 la
663 2232 891 2281 prouincia
912 2231 954 2269 di
975 2231 1175 2270 Fiandra.

156 2403 176 2422 a
226 2403 319 2451 Seq.
356 2403 439 2441 del.
475 2404 699 2441 secundum
738 2402 953 2440 hominem.
1055 2404 1120 2428 —b
1171 2403 1326 2441 Praec.
1363 2414 1403 2439 v.
1443 2407 1582 2449 supra
1621 2413 1735 2439 vers.

115 2470 176 2488 —0
203 2462 470 2518 Emend3ex
488 2462 730 2500 Lauretum.

162 2621 170 2640 ¹
224 2619 288 2657 Cf.
305 2619 414 2666 JAc.,
435 2618 465 2663 Ι,
489 2618 544 2655 17.

159 2680 172 2699 ²
223 2679 331 2715 Vide
350 2692 388 2725 p.
407 2678 466 2715 68.
