1908 3446
234 226 304 263 468
704 226 920 263 LITTERAE
955 226 1312 269 QUADRIMESTRES

190 334 302 375 sunt,
329 341 567 379 omnesque
596 329 657 366 illi
683 329 821 366 nostri
850 325 1147 371 amantissi1ni3
1172 330 1216 363 et
1238 338 1291 363 eo
1315 325 1386 364 die
1409 325 1616 377 egregius
1637 326 1807 377 quidam

190 398 474 437 concionator
513 398 858 450 praedicatoriae
897 396 1084 435 familiae
1124 408 1373 435 sermonem
1407 397 1514 436 fecit
1548 410 1705 449 magno
1741 411 1808 449 ap-

187 470 339 520 plausu
362 477 406 508 et
429 470 707 509 satisfacione
729 469 1012 507 audientium.

243 549 280 590 5.
340 540 427 580 Sed
462 540 527 579 his
562 540 762 588 dimissis,
801 545 843 577 et
879 540 973 588 alijs
1009 538 1230 578 charitatis
1262 539 1482 590 operibus,
1506 551 1618 590 quae
1652 540 1808 590 passim

189 624 289 650 sese
313 612 503 650 offerunt
525 613 712 662 (quibus,
734 618 779 649 vt
801 617 997 649 nostrum
1017 615 1097 658 est,
1121 623 1199 661 pro
1217 611 1381 648 viribus
1403 623 1562 649 vacare
1584 611 1806 660 solemus),

189 683 297 721 sciat
318 683 414 721 Rda
435 688 510 721 tua
533 682 774 720 Paternitas
809 695 888 720 nos
919 681 1078 732 gaudio
1102 681 1290 719 maximo
1315 686 1359 719 et
1381 681 1685 720 consolatione
1714 694 1809 732 pro-

190 754 303 792 xime
341 754 497 804 elapsis
533 754 688 791 diebus
722 753 857 791 fuisse
891 752 1108 803 perfusos,
1142 751 1346 802 quoniam
1376 764 1487 803 quae
1517 753 1630 790 inter
1656 764 1737 790 nos
1768 757 1810 790 et

189 826 363 862 Fratres
398 824 486 863 diui
521 825 753 876 Augustini
787 825 836 862 lis
871 824 952 861 iam
989 823 1061 861 diu
1093 824 1350 862 vertebatur
1372 824 1502 874 (quae
1523 837 1605 862 nos
1637 823 1809 874 quidem

189 907 456 947 magnopere
489 897 711 934 cruciabat
734 901 778 933 et
799 896 1023 946 angebat),
1054 895 1138 933 iam
1172 895 1346 933 omnino
1381 895 1575 934 extincta
1605 900 1688 943 est;
1719 895 1813 933 illos
1868 913 1875 924 ν

190 967 303 1005 enim
322 968 469 1019 tetigit
487 968 672 1006 dextera
693 968 881 1014 Domini,
906 966 1245 1016 mandatumque
1267 967 1350 1004 sub
1374 967 1655 1005 obedientiae
1672 979 1813 1018 poena
1873 987 1877 1000 2

189 1051 212 1076 a
239 1052 317 1077 suo
339 1039 595 1090 prouinciali
614 1039 866 1090 praeposito
899 1044 1182 1089 acceperunt,
1216 1044 1263 1076 vt
1292 1037 1356 1076 liti
1379 1038 1607 1085 cederent3
1630 1037 1747 1089 quod
1769 1043 1811 1076 et

187 1111 389 1149 fecerunt
410 1124 567 1162 magno
592 1111 781 1149 omnium
804 1123 1037 1158 consensu,
1064 1115 1107 1148 et
1128 1109 1183 1148 de
1205 1110 1291 1148 hoc
1312 1110 1647 1148 instrumentum
1677 1110 1810 1160 publi-

189 1194 287 1220 cum
319 1182 569 1220 confectum
599 1182 652 1220 ad
688 1187 748 1229 te,
788 1182 882 1220 R.‘1e
913 1183 977 1229 P.,
1010 1182 1189 1220 missum
1221 1187 1304 1229 est3
1342 1182 1492 1232 sicque
1522 1193 1632 1232 pace
1664 1185 1812 1231 optata
1872 1209 1875 1214 -

188 1253 458 1304 perfruimur,
488 1259 532 1291 et
555 1254 743 1291 ecclesia
777 1258 927 1291 nostra
948 1266 1046 1291 cum
1067 1252 1228 1304 gaudio
1252 1253 1411 1291 vtimur
1442 1257 1487 1291 et
1507 1252 1672 1303 quiete,
1696 1251 1809 1291 vnde
1866 1277 1874 1286 -

190 1324 322 1361 multa
353 1337 577 1375 speramus
607 1325 722 1362 bona
755 1330 779 1361 ¹.
815 1323 1034 1362 Laudetur
1064 1324 1277 1362 Dominus
1306 1323 1349 1361 in
1387 1328 1630 1370 aeternum,
1663 1323 1731 1361 cui
1765 1328 1810 1362 vt

190 1396 303 1446 grati
322 1409 400 1447 pro
422 1397 554 1434 tantis
575 1397 704 1447 (quae
735 1396 777 1434 in
806 1409 886 1436 nos
917 1395 1281 1434 immeritissimos
1302 1395 1499 1446 quotidie
1529 1395 1718 1445 confert)
1739 1395 1810 1434 be-

188 1468 372 1517 neficijs,
395 1472 530 1518 vtque
550 1468 684 1518 ipsius
705 1468 888 1506 ministri
908 1466 1063 1506 fideles
1094 1468 1260 1518 tuique,
1283 1469 1513 1518 plurimum
1536 1467 1810 1506 obseruande

188 1539 333 1585 Pater,
366 1538 461 1577 veri
491 1539 773 1577 obedientiae
795 1538 885 1588 filij,
909 1539 1101 1590 bonique
1123 1539 1418 1577 aemulatores
1450 1551 1549 1577 esse
1579 1539 1809 1590 possimus,

189 1615 306 1648 tuam
330 1610 460 1648 Rdam
482 1609 796 1648 Paternitatem
818 1610 1040 1648 humiliter
1063 1610 1364 1657 obsecramus,
1389 1615 1436 1648 vt
1467 1623 1548 1649 nos
1580 1615 1624 1648 et
1652 1610 1810 1648 sanctis

191 1681 416 1730 sacrificijs
437 1681 633 1727 adiuues‚
658 1685 701 1718 et
725 1681 1011 1728 orationibus3
1030 1681 1148 1731 quod
1170 1681 1301 1719 etiam
1325 1682 1378 1719 ab
1397 1682 1596 1720 omnibus
1614 1681 1812 1721 Patribus

191 1756 233 1790 et
254 1753 456 1791 fratribus
479 1752 739 1791 charissimis
763 1753 922 1791 obnixe
946 1753 1075 1792 etiam
1097 1753 1384 1804 postulamus
1414 1754 1808 1804 Caesaraugustae,
1867 1790 1869 1795 .

188 1825 321 1862 tertio
342 1831 461 1862 no.as
495 1831 513 1849 ἃ
529 1824 766 1873 januarias,
791 1837 902 1863 anno
927 1826 1023 1863 Dni.
1053 1825 1167 1874 1560.

270 1895 391 1934 R.<1ae
414 1894 693 1933 Paternitatis
715 1900 816 1933 tuae
839 1908 994 1934 seruus
1015 1896 1057 1934 in
1077 1896 1213 1936 Chro.

1463 1970 1494 2018 ,Γ

1358 2021 1632 2060 SANGTACRUZ
1661 2025 1696 2061 ’ἢ

269 2109 421 2148 Manet
442 2108 677 2161 integrum
698 2109 925 2161 sigillum.

237 2289 255 2307 a
307 2293 351 2318 as
369 2285 507 2327 supra
526 2291 635 2318 vers.

237 2449 246 2468 ¹
299 2447 467 2484 Fratres
486 2447 582 2485 Ord.
612 2446 654 2484 S.
676 2447 729 2483 A.
756 2445 1117 2492 caesaraugustani
1146 2444 1370 2482 fundationi
1400 2446 1563 2492 collegii
1596 2445 1809 2484 Societatis
1860 2438 1865 2460 ”’

183 2506 296 2554 Jesu,
316 2507 366 2543 ab
386 2507 472 2554 ejus
492 2507 627 2552 primis
646 2506 770 2543 initiis
788 2519 892 2543 anno
916 2506 1015 2548 1555,
1037 2505 1292 2549 obstiterant,
1312 2517 1532 2542 cannarum
1553 2506 1810 2553 privilegium
1860 2498 1866 2554 ζ’

188 2567 228 2603 in
247 2578 386 2603 eorum
405 2565 586 2603 favorem
605 2566 884 2603 obtendentes.
905 2565 967 2603 Cf.
989 2566 1042 2602 sis
1063 2564 1200 2613 Epz'st.
1224 2564 1398 2609 Mz'xtae‚
1418 2564 1493 2608 IV,
1514 2565 1584 2602 799
1601 2576 1711 2613 sqq.;
1735 2567 1810 2603 As·
1860 2566 1862 2582 ²

188 2636 326 2669 TRAm,
348 2624 378 2669 I,
399 2625 467 2663 lib.
489 2625 538 2670 ΙΙ,
559 2638 593 2662 c.
616 2625 671 2662 13.

236 2685 249 2704 ²
300 2683 407 2721 Vide
426 2698 463 2732 p.
483 2684 565 2722 379.
