1908 3446
545 262 933 300 365.—V1NDOBONA
959 261 1005 298 30
1030 262 1207 297 APRlLls
1234 258 1323 296 1560
1631 255 1700 293 607

124 365 252 414 duce,
275 374 295 392 a
316 366 553 418 erigendis.
574 366 865 404 Serenissima
881 377 988 403 uero
1010 363 1250 401 ssohemiae
1270 362 1422 412 regina
1441 366 1448 384 ¹
1473 364 1646 409 praeter
1664 359 1746 396 alia

121 439 255 477 multa
277 438 525 485 commoda,
549 438 680 476 finem
704 450 921 488 nunquam
942 435 1046 474 facit
1068 434 1278 484 templum
1301 438 1500 470 nostrum
1518 430 1635 468 miris
1657 443 1746 468 mo-

121 508 185 547 dis
209 509 404 548 ornandi.
430 511 670 547 Promouet
692 509 808 546 hunc
845 513 1043 546 sanctum
1066 506 1246 556 reginae
1269 505 1410 542 zelum
1430 514 1633 553 suprema
1656 502 1748 540 eius

123 581 376 628 cameraria,
414 586 461 618 ut
496 586 672 627 uocant,
711 592 822 631 quae
845 592 922 630 pro
961 578 1071 616 uirili
1107 582 1229 627 parte
1252 588 1331 613 sua
1354 575 1486 612 etiarn
1522 574 1672 611 nititur
1694 586 1747 610 ne

121 652 236 689 forte
258 652 324 690 his
344 653 521 703 pietatis
544 651 700 700 officijs
722 652 815 700 alijs
836 650 1051 701 primarijs
1087 647 1295 687 matronis
1326 646 1573 685 inueniatur
1603 650 1748 696 poste-

122 726 223 764 rior.
248 724 534 764 Delectantur
557 737 661 763 sane
684 725 865 761 multum
896 726 1146 760 nostrorum
1178 721 1353 758 Patrum
1385 719 1633 770 praesentia
1654 730 1750 768 pro-

123 810 248 836 ceres
270 799 303 844 b,
328 803 414 835 tam
453 796 739 835 ecclesiastici
778 808 905 846 quam
939 792 1152 846 prophani
1183 805 1260 830 seu
1297 792 1536 838 seculares,
1571 795 1615 828 et
1636 789 1749 826 adeo

122 869 353 920 magnifice
376 868 431 906 de
465 869 591 906 nobis
626 867 819 905 sentiunt
841 873 972 917 atque
1009 866 1258 916 loquuntur,
1292 870 1339 901 ut
1374 864 1529 901 merito
1568 860 1751 899 subinde

124 939 451 982 confundamur,
475 952 571 977 cum
601 944 753 988 aperte
787 938 1012 975 uideamus
1043 936 1179 974 multo
1211 934 1413 973 humilius
1435 947 1517 971 nos
1549 933 1603 970 de
1625 932 1752 970 nobis

122 1011 224 1062 ipsis
247 1011 409 1049 sentire
432 1011 613 1056 debere,
638 1022 765 1059 quam
797 1010 876 1060 ipsi
913 1009 1181 1059 praedicant.
1220 1007 1336 1045 Nihil
1366 1006 1459 1044 fere
1492 1017 1680 1055 unquam
1711 1004 1753 1041 in

123 1084 265 1122 lucem
286 1083 343 1120 illi
368 1082 517 1129 edunt,
542 1081 659 1132 quod
682 1096 768 1120 non
791 1082 907 1132 prius
944 1081 997 1118 sit
1019 1093 1043 1117 a
1062 1080 1225 1117 nostris
1256 1079 1517 1129 perlectum,
1549 1077 1752 1126 frequen-

125 1162 194 1197 ter
213 1157 348 1196 aedes
369 1162 542 1195 nostras
565 1154 798 1200 accedunt,
823 1166 910 1190 11011
932 1152 1057 1189 3113111
1090 1152 1144 1189 ol>
1178 1163 1364 1193 causam.
1387 1150 1464 1187 nisi
1499 1155 1546 1187 ut
1566 1146 1755 1198 negocia

124 1242 201 1267 sua
222 1241 319 1267 cum
342 1234 517 1266 rectore
539 1232 690 1265 nostro
715 1238 766 1263 ac
788 1225 880 1263 aliis
907 1223 1106 1262 Patribus
1129 1222 1372 1262 conferant.

176 1304 214 1338 ὅ.
276 1299 529 1338 Dominicae
581 1297 908 1336 circuncisionis
945 1296 1015 1335 die
1064 1295 1259 1346 episcopi
1293 1297 1480 1343 quatuor
1517 1289 1632 1341 apud
1671 1301 1755 1327 nos

127 1372 271 1422 pransi
293 1377 393 1409 sunt
414 1383 512 1409 curn
533 1373 720 1420 quatuor
752 1369 845 1417 alijs
868 1367 970 1406 uiris
1002 1379 1186 1418 magnae
1211 1365 1434 1404 cuiusdam
1468 1361 1754 1401 existimatio-

125 1444 190 1482 nis
211 1450 343 1494 atque
365 1441 658 1488 authoritatis,
684 1441 1026 1479 ministrantibus
1058 1441 1104 1477 P.
1139 1443 1332 1484 rectore,
1366 1438 1417 1475 D.
1452 1435 1686 1473 Lamberto
1711 1438 1755 1470 et

127 1516 222 1565 alijs
244 1513 415 1553 duobus
439 1513 758 1552 sacerdotibus.
795 1512 1041 1550 Audierunt
1072 1510 1127 1548 de
1158 1523 1308 1548 amore
1337 1510 1439 1559 Jesu
1473 1506 1634 1546 Christi
1665 1518 1754 1545 ser-

126 1586 291 1625 uatoris
312 1586 451 1624 nostri
474 1597 525 1623 ea
546 1586 658 1622 inter
682 1583 982 1635 prandendum
1014 1582 1087 1629 illi,
1121 1582 1291 1632 quibus,
1326 1586 1372 1617 ut
1402 1580 1597 1630 pluribus
1628 1591 1755 1629 argu—

126 1659 283 1696 mentis
304 1657 422 1695 licuit
445 1662 462 1679 0
484 1656 709 1706 colligere,
734 1655 910 1692 fuerunt
930 1667 1018 1692 non
1039 1666 1190 1704 parurn
1212 1652 1416 1691 recreati.
1438 1652 1624 1689 Peracto
1649 1663 1755 1689 uero

126 1730 322 1780 prandio,
346 1729 501 1779 partim
523 1727 729 1774 carmine,
754 1727 911 1777 partim
935 1725 1133 1763 oratione
1158 1725 1316 1771 soluta,
1348 1736 1506 1774 magno
1540 1735 1637 1760 cum
1668 1727 1759 1761 tan-

128 1808 271 1840 torum
286 1805 570 1851 patronorum
592 1798 722 1836 animi
743 1798 917 1843 solatio,
942 1796 1094 1835 laudes
1117 1795 1215 1834 S.¹1¹¹
1238 1794 1425 1833 nominis
1439 1796 1543 1846 Jesu
1563 1807 1652 1832 non
1669 1807 1760 1832 mo-

128 1873 184 1911 do
206 1871 359 1918 nostri,
384 1869 463 1908 sed
485 1871 616 1908 etiam
640 1869 782 1907 exteri
804 1869 823 1893 (ἲ
847 1868 1031 1916 studiosj
1056 1868 1346 1906 decantarunt
1377 1865 1509 1916 Quod
1531 1866 1565 1903 si
1583 1878 1761 1915 quaera-

129 1951 197 1982 tur
234 1944 389 1994 quibus
424 1941 633 1992 impensis
654 1940 787 1979 fuerit
816 1940 1043 1991 prandium
1075 1939 1205 1977 tantis
1238 1939 1340 1976 uiris
1361 1942 1577 1988 paratum,
1607 1937 1760 1975 fatebi-

130 2028 223 2054 mur
243 2015 435 2065 ingenue
457 2012 692 2064 praecipua
713 2023 913 2062 quaeque
936 2025 991 2049 ex
1015 2023 1224 2049 caesareo
1256 2022 1384 2061 penu,
1406 2022 1494 2047 non
1516 2010 1679 2060 absque
1702 2009 1761 2060 ip-

131 2088 218 2125 sius
253 2087 381 2133 scitu,
404 2084 639 2136 prodijsse,
662 2084 886 2134 fuisseque
919 2084 1088 2134 copiam
1119 2083 1246 2121 nobis
1267 2082 1428 2120 factam
1456 2080 1634 2132 petendi
1656 2081 1762 2118 libe-

131 2172 176 2197 re
199 2171 250 2197 ac
270 2158 386 2196 illinc
407 2154 651 2208 accipiendi
672 2169 784 2206 quae
807 2156 1021 2194 uellemus
1046 2161 1064 2179 θ
1082 2185 1090 2192 .
1117 2156 1326 2193 Curatum
1350 2159 1419 2191 est
1440 2158 1587 2190 tamen
1609 2165 1663 2190 ne
1686 2152 1762 2190 ho-

131 2229 329 2275 nestatis,
354 2228 729 2278 professionisque
750 2233 929 2265 nostrae
951 2226 1112 2265 limites
1134 2225 1308 2263 interim
1328 2222 1763 2276 egrederemur.Jus-

132 2301 186 2339 sit
206 2305 439 2351 praeterea
460 2311 669 2338 caesarea
691 2299 908 2342 maiestas,
931 2311 1017 2348 quo
1041 2297 1382 2336 munificentiam
1407 2308 1527 2332 suam
1551 2299 1595 2332 et
1618 2294 1762 2345 singu-

131 2373 266 2411 larem
289 2372 351 2409 sui
375 2384 480 2423 erga
503 2371 515 2396 f
536 2373 754 2410 minimam
774 2372 887 2409 hanc
908 2370 1180 2409 Societatem
1201 2373 1395 2407 nostram
1426 2368 1555 2407 animi
1577 2380 1762 2419 propen-

134 2444 302 2483 sionem
337 2445 597 2491 declararet,
637 2449 682 2482 ut
705 2443 860 2481 eadem
891 2442 962 2480 die
989 2451 1062 2490 150
1082 2442 1207 2479 flore.
1232 2442 1438 2480 rhenens.
1474 2455 1552 2479 suo
1585 2439 1762 2478 nomine

135 2516 413 2563 donaremur3
435 2529 490 2554 ne
520 2516 636 2554 forte
659 2515 865 2565 expensis
887 2512 1123 2552 admodum
1152 2514 1278 2551 nobis
1309 2514 1493 2551 insuetis
1525 2512 1760 2563 collegium

134 2588 220 2627 hoc
241 2600 497 2627 caesareum
519 2586 680 2637 aliquid
701 2591 927 2637 pateretur
950 2583 1232 2623 incommodi,

188 2671 226 2709 9.
286 2660 386 2697 Νο11
407 2659 565 2697 attinet
585 2658 669 2704 hic,
694 2663 901 2708 quantum
933 2656 1144 2706 suspicor,
1177 2656 1408 2706 quicquam
1431 2655 1484 2694 de
1517 2655 1762 2694 domestica

135 2731 287 2782 politia
307 2730 473 2778 dicere,
499 2735 544 2768 et
572 2730 728 2781 quibus
758 2729 1000 2768 rationibus
1037 2728 1180 2767 omnia
1201 2740 1281 2766 suo
1320 2728 1472 2766 ordine
1495 2726 1758 2778 procedunt.

184 2876 203 2894 a
234 2866 329 2905 Del.
350 2880 429 2904 non
447 2867 592 2904 abhinc
610 2866 691 2904 diu.
745 2867 810 2892 —b
832 2865 928 2903 Del.
949 2865 1100 2913 quique
1152 2873 1216 2892 -0
1236 2864 1350 2902 licuit
1368 2869 1506 2912 supra
1528 2875 1641 2902 vers.

135 2928 204 2954 —d
226 2926 417 2965 Emend.
439 2938 489 2964 ex
508 2927 678 2964 externi.
734 2933 797 2952 -e
820 2925 913 2963 Del.
935 2938 1014 2962 non
1032 2925 1264 2962 diffitemur.
1332 2935 1377 2959 wi
1413 2924 1507 2962 Del.
1529 2937 1614 2962 nos,

188 3060 196 3079 ¹
249 3058 380 3096 Maria
401 3058 670 3096 Maximiliani
690 3070 803 3095 uxor.
