1908 3446
571 187 987 224 254.—-1N<;0L51·AD10
1020 186 1033 221 l
1066 185 1170 232 MAJl
1203 183 1292 220 1559
1635 183 1698 219 1:35

121 293 220 330 licet
243 290 480 338 conijcere,
506 287 623 339 quod
645 300 696 326 ac
716 286 1051 338 quadragesima
1072 286 1123 323 D.
1155 286 1430 322 Hermannus¹
1461 290 1467 308 ¹
1503 283 1743 322 ‹Vn-dinarius

119 363 173 400 ibi
197 361 482 400 concionator
505 359 559 397 de
590 359 859 397 necessitate
891 371 941 396 ac
972 356 1159 395 utilitate
1191 355 1481 395 confessionis
1512 355 1625 405 apud
1655 356 1742 405 ple-

121 436 217 471 bem
242 432 437 470 exactius
459 432 477 449 fl
497 431 772 469 tractauerit.

169 515 204 541 2.
264 504 339 540 E-st
361 514 496 552 pagus
526 501 626 539 huic
654 500 820 539 ciuitati
851 501 1133 551 propinquus,
1167 499 1239 550 qui
1270 512 1366 537 cum
1400 504 1519 535 esset
1549 498 1740 547 parocho

115 575 361 619 destitutus,
386 585 598 623 proceres
620 572 746 611 huius
769 572 1065 618 accademiae‚
1090 571 1162 622 qui
1190 570 1302 608 illius
1332 569 1549 608 ecclesiae
1580 568 1742 606 habent

115 644 575 697 superintendentiam‚
610 644 898 693 impetrarunt
929 648 975 680 ut
998 656 1107 680 vnus
1127 654 1180 679 ex
1202 641 1362 679 nostris
1385 640 1540 678 diebus
1562 638 1743 677 domini-

116 718 174 754 ci>-
195 729 245 754 ac
273 715 396 754 festis
428 727 484 753 eo
514 714 556 752 in
587 715 686 753 loco
720 714 1071 760 concionaretur,
1101 725 1152 751 ac
1182 712 1347 762 reliqua
1382 712 1568 761 pastoris
1598 710 1743 748 munia

115 787 269 833 obiret,
289 786 432 824 donec
454 785 564 823 alius
584 790 733 836 pastor
756 786 960 823 inuentus
978 784 1183 822 desertae
1208 783 1424 822 ecclesiae
1446 782 1738 833 praeficiatur.

113 858 191 907 (Ltuj
214 858 384 895 interea
405 858 452 895 P.
477 856 668 896 Iodocus
690 857 702 876 ²
723 857 970 907 assignatus
993 861 1061 894 est
1090 856 1278 906 pastoris
1308 855 1424 902 loco;
1456 854 1529 904 qui
1558 852 1741 904 proinde

112 929 152 967 in
183 929 262 967 hac
288 928 626 979 quadragesima
649 928 848 966 omnibus
872 926 1162 966 confessionis
1185 932 1229 964 et
1252 939 1402 965 ¹sacrae
1425 924 1742 964 communionis

113 999 426 1038 administrauit
448 1005 736 1037 sacramenta.
762 999 826 1037 Illi
846 1012 961 1037 nunc
982 1000 1224 1037 associatur
1247 998 1301 1035 M.
1325 996 1587 1036 Guilielmus
1614 996 1740 1034 Elde-

112 1072 261 1119 rensis,
280 1071 378 1122 piae
402 1070 768 1120 ex[er]citationis
790 1071 809 1095 b
833 1076 876 1108 et
899 1071 1024 1108 simul
1044 1068 1247 1121 portandi
1270 1069 1416 1107 oneris
1434 1081 1578 1107 causa.
1603 1066 1739 1107 Ualde

111 1143 354 1181 afficiuntur
384 1141 455 1180 isti
490 1141 638 1191 rusticj
672 1141 736 1179 his
772 1142 898 1180 nouis
932 1142 1181 1193 pastoribus
1212 1141 1314 1187 suis,
1348 1153 1400 1178 ac
1422 1153 1499 1178 eos
1521 1147 1538 1164 0
1559 1139 1739 1177 mirifice

113 1214 272 1260 colunt,
301 1217 539 1264 propterea
567 1212 684 1262 quod
716 1212 863 1250 oblata
892 1224 1091 1263 quaeque
1124 1224 1305 1249 munera
1334 1216 1556 1261 respuant,
1586 1210 1738 1259 jeiuni.

111 1290 286 1336 peracto
311 1284 474 1332 officio,
500 1285 553 1323 ad
576 1298 678 1323 suos
700 1285 898 1331 redeant,
925 1290 970 1322 et
999 1285 1041 1323 in
1071 1297 1252 1326 summa.
1287 1283 1423 1321 uerbo
1457 1288 1500 1320 et
1537 1282 1738 1333 exemplo

110 1355 204 1394 illos
233 1355 447 1394 docentes
477 1356 582 1394 nihil
617 1355 698 1393 nisi
718 1356 889 1394 illorum
921 1356 1106 1393 salutem
1142 1354 1378 1404 requirant.
1418 1353 1589 1391 Vtinam
1629 1354 1738 1391 haec

110 1431 255 1465 nostra
276 1427 466 1478 collegia
488 1440 585 1465 cum
608 1440 788 1465 romano
808 1426 1081 1479 germanico
1103 1431 1284 1477 possent
1305 1426 1429 1475 breuj
1458 1426 1606 1476 plures
1638 1438 1739 1476 ope-

111 1499 244 1537 rarios
279 1498 577 1549 subpeditare,
615 1499 687 1548 qui
724 1499 937 1537 ecclesias
973 1502 1182 1536 vacantes
1212 1498 1283 1535 uel
1318 1498 1371 1535 ab
1401 1496 1637 1535 haereticis
1670 1510 1739 1535 oc-

111 1579 303 1620 cupatas,
328 1570 448 1607 salua
468 1574 616 1607 tamen
639 1582 743 1607 suae
766 1568 1052 1620 professionis
1075 1569 1229 1619 suique
1250 1567 1436 1606 instituti
1456 1568 1677 1614 libertate,
1698 1569 1737 1605 in

109 1641 188 1678 hac
209 1639 409 1678 desolata
430 1641 667 1679 Germania
688 1639 1055 1688 administrarent,
1086 1640 1455 1691 quemadmodum
1483 1640 1554 1678 isti
1580 1639 1738 1678 fratres

108 1711 242 1749 nostri
276 1711 318 1749 in
353 1712 438 1750 hoc
473 1725 560 1750 uno
596 1725 710 1763 pago
746 1712 960 1750 factitant.
999 1711 1261 1750 Videremus
1299 1711 1481 1767 indubie
1509 1711 1528 1736 ‘¹
1555 1712 1737 1750 nebulas

109 1795 301 1822 errorum
321 1783 470 1823 subito
499 1783 733 1836 diffugere,
769 1797 1143 1835 euanescereque‚
1176 1785 1365 1822 maxime
1396 1785 1469 1822 ubi
1499 1784 1737 1823 accederet

106 1855 241 1894 tutela
271 1860 314 1894 et
345 1854 583 1894 subsidium
613 1857 801 1903 illorum,
826 1857 898 1907 qui
919 1870 1006 1895 non
1029 1856 1120 1895 sine
1144 1869 1274 1895 causa
1294 1855 1486 1908 gladium
1508 1862 1684 1907 portant
1705 1860 1733 1895 ³.

156 1935 194 1973 3.
253 1927 450 1966 Tertium
472 1927 646 1966 demum
669 1929 807 1975 locus,
841 1929 914 1966 ubi
944 1928 1117 1979 quidam
1150 1941 1204 1966 ex
1236 1929 1396 1967 nostris
1432 1928 1736 1969 confessiones

105 1998 347 2046 audierunt,
371 2000 451 2038 fuit
474 2001 764 2039 celeberrima
784 2002 1131 2052 germanicarum
1155 2001 1395 2049 ciuitatum,
1420 2001 1619 2053 Augusta
1634 2001 1735 2041 Vin-

106 2069 358 2117 delicorum‚
397 2084 509 2122 quae
544 2072 644 2110 hinc
679 2085 840 2110 nouem
876 2071 1007 2110 distat
1042 2072 1278 2111 miliaribus
1313 2074 1591 2125 germanicis.
1623 2074 1733 2113 Cum

106 2141 216 2179 enim
239 2143 486 2193 complures
519 2143 796 2181 comitiorum
826 2143 1114 2195 imperialium
1144 2143 1284 2195 gratia
1316 2157 1368 2182 eo
1402 2146 1732 2194 confluxissent,

105 2224 157 2249 ex
179 2212 362 2251 diuersis
384 2214 532 2265 regnis
555 2227 605 2253 ac
626 2215 867 2265 prouincijs
887 2216 1053 2266 legalti]
1079 2222 1111 2259 θ,
1136 2229 1219 2254 nec
1248 2216 1358 2255 ullos
1379 2217 1594 2256 haberent
1624 2232 1734 2270 quos

104 2283 205 2321 satis
242 2283 543 2335 intelligerent
566 2286 881 2329 confessarios,
924 2287 1222 2325 necessarium
1252 2288 1331 2326 fuit
1368 2301 1422 2327 ex
1457 2289 1543 2328 hoc
1580 2297 1734 2329 nostro

104 2355 289 2406 collegio
313 2355 551 2395 subsidium
572 2363 744 2407 petere3
769 2364 813 2396 et
835 2364 881 2396 ut
903 2358 956 2396 ad
977 2358 1252 2409 particularia
1274 2360 1610 2410 descendamus,
1637 2376 1732 2401 uer-

103 2425 181 2462 sati
201 2429 299 2463 sunt
320 2425 362 2464 in
384 2439 436 2465 ea
457 2415 602 2466 messe
626 2430 777 2467 Patres
800 2429 852 2467 D.
887 2431 1042 2468 Petrus
1073 2430 1288 2478 Canisius‚
1324 2432 1605 2482 prouincialis
1634 2448 1731 2473 nos·

102 2501 182 2542 ter,
214 2497 286 2546 qui
317 2503 360 2535 et
391 2499 484 2549 ipse
515 2499 777 2538 dominicam
808 2500 1056 2550 passionem
1086 2502 1306 2552 germanis
1333 2503 1376 2541 in
1395 2505 1561 2555 templo
1585 2507 1731 2545 cathe-

147 2631 166 2650 ἢ
212 2632 366 2671 Praec.
387 2645 426 2671 v.
447 2639 588 2679 supra
605 2645 713 2672 vers*
737 2636 849 2680 ead„
872 2640 920 2673 ut
937 2637 1126 2682 videtur,
1156 2649 1313 2676 manu.
1372 2641 1438 2667 —b
1462 2642 1732 2691 consumpta

101 2691 252 2728 charta
272 2694 319 2730 in
345 2697 533 2731 extremo
551 2705 696 2732 versu.
750 2703 813 2721 ——0
834 2709 903 2733 eos
921 2701 1059 2744 supra
1078 2709 1187 2735 vers.
1243 2699 1309 2724 —d
1329 2699 1437 2737 haud
1452 2701 1586 2739 dubie.

150 2759 167 2775 e
213 2751 478 2799 Consumpta
498 2754 666 2797 charta,

149 2876 156 2895 ¹
208 2875 251 2913 P.
274 2876 535 2915 Hermannus
553 2878 782 2926 Thyraeus.

148 2937 160 2953 “·“
208 2935 252 2973 Ρ.
270 2936 444 2983 Jodocus
464 2936 592 2975 Carca
601 2952 738 2977 eneus.

146 2995 160 3012 ⁸
211 2994 275 3034 Cf.
299 2996 423 3041 Rom„
444 2995 555 3041 XIII,
576 2999 609 3034 4.
