1908 3446
295 209 365 246 388
756 211 976 248 LITTERAE
1003 210 1358 256 QUADRIMESTRES

246 322 324 348 nes
356 323 458 349 sane
490 311 732 359 auditores,
765 312 1026 363 quicumque
1059 312 1366 360 interfuerunt,
1398 326 1486 351 non
1516 327 1666 364 parum
1701 314 1860 356 fruetus

248 395 300 420 ex
336 381 584 420 huiusmodi
613 384 837 432 exercitijs
868 384 1040 421 haurire
1071 389 1324 433 potuerunt.
1358 384 1457 422 Non
1488 384 1639 423 dubito
1670 386 1813 435 plures
1839 401 1861 427 a

246 454 390 491 multis
421 454 578 503 dubijs>
611 467 697 491 non
728 454 951 505 ingenium
983 459 1165 502 tantum,
1190 455 1269 493 sed
1289 456 1474 494 animam
1499 456 1629 494 etiam
1650 463 1668 480 a
1691 470 1860 498 concer-

245 530 417 573 nentes,
455 527 714 576 praesertim
751 539 804 564 ex
841 527 1094 577 theologica
1128 527 1440 578 disputatione,
1478 528 1701 576 liberatos,
1744 535 1786 568 et
1822 533 1860 570 in
1902 554 1903 561 κ

245 597 465 635 ueriorem
497 598 761 636 sententiam
782 604 1029 648 pertractos
1053 611 1166 645 esse,
1192 598 1319 636 sicuti
1342 611 1395 636 ex
1419 598 1562 638 multis
1585 601 1717 651 signis
1738 607 1861 652 atque

246 668 453 718 singulari
475 669 721 706 attentione
744 668 1050 719 modestiaque
1082 669 1329 707 auditorum
1361 670 1712 708 animaduertere
1741 672 1861 712 facile

242 741 477 790 potuimus
515 740 789 791 Singularem
822 741 952 778 etiam
984 742 1296 788 reuerentiam,
1331 741 1593 792 quicumque
1617 747 1860 783 exterorum
1899 743 1901 791 j

242 812 674 862 argumentabantur‚
718 813 830 849 Patri
865 813 1029 850 rectori
1063 814 1068 831 ¹
1101 818 1231 863 atque
1268 813 1443 851 doctori
1478 812 1695 864 Rodrigez
1717 814 1728 832 ‘²
1751 815 1860 854 exhi·
1899 799 1901 831 5

243 883 445 921 buerunt.
480 883 778 921 Interfuerunt
807 883 954 933 primis
990 883 1161 921 duobus
1197 883 1351 921 diebus
1387 884 1472 921 duo
1511 884 1705 935 episcopi
1738 889 1861 935 atque
1898 872 1900 883 ι

243 954 527 993 cancellarius
564 954 784 999 Austriae3
821 954 915 1003 alijs
951 954 1104 993 diebus
1135 967 1307 1005 semper
1340 956 1469 994 etiam
1500 955 1630 1004 aliqui
1660 955 1861 996 doctores

242 1026 313 1064 uel
335 1026 530 1077 magistri
553 1038 607 1063 ex
630 1025 934 1073 vniuersitate,
959 1031 1091 1076 atque
1116 1025 1301 1064 studiosi
1322 1027 1565 1077 perplures,
1590 1031 1680 1064 tum
1703 1033 1846 1077 specta
1896 1069 1898 1072 ¹

240 1101 377 1144 tores,
402 1103 491 1135 tum
514 1101 896 1148 argumentatores
920 1103 1121 1148 egerunt.
1155 1097 1305 1135 Finitis
1338 1097 1538 1135 omnibus
1570 1097 1860 1148 disputationi·
1896 1136 1898 1142 ,

240 1170 335 1216 bus,
373 1170 582 1207 recitatus
614 1169 693 1207 fuit
723 1170 923 1220 dialogus
954 1170 1136 1208 heroico
1169 1169 1360 1207 carmine
1393 1170 1665 1220 conscriptus
1694 1170 1737 1207 in
1766 1183 1862 1209 area
1895 1167 1898 1189 ³

241 1240 416 1292 collegij
456 1241 633 1280 nostri.-
656 1241 942 1292 Spectatores
983 1242 1158 1278 luerunt
1198 1246 1386 1291 quatuor
1429 1241 1623 1291 episcopi
1664 1246 1708 1278 et
1747 1242 1861 1280 multi

239 1317 466 1362 magnates
501 1317 632 1362 atque
663 1311 852 1350 nobiles.
893 1312 1217 1363 Magistrorum‚
1252 1311 1564 1359 studiosorum,
1599 1324 1649 1350 ac
1680 1311 1859 1363 denique

238 1389 490 1421 ceterorum
510 1383 734 1420 homiuum
757 1383 1035 1434 septingenta
1059 1383 1233 1422 circiter
1254 1384 1448 1430 fuerunt3
1478 1383 1633 1434 quibus
1667 1383 1858 1422 omnibus
1894 1396 1895 1423 1

237 1455 289 1491 ab
312 1453 533 1491 actoribus
555 1452 715 1505 dialogi
738 1454 797 1491 ita
819 1454 1089 1493 satisfactum
1113 1459 1194 1503 est,
1215 1460 1261 1492 ut
1286 1467 1437 1492 omnes
1461 1467 1555 1493 cum
1576 1454 1856 1493 admiratione
1894 1450 1895 1454 ¹

239 1524 495 1563 discessisse
517 1525 675 1563 ferant.

290 1608 327 1635 2.
380 1597 494 1634 Ante
512 1609 638 1647 quam
656 1596 780 1646 primi
795 1603 1109 1648 praeceptores
1127 1609 1226 1635 suas
1245 1595 1459 1635 lectiones
1476 1597 1735 1636 inchoarent
1755 1597 1788 1644 b,
1809 1608 1858 1634 ex

244 1668 394 1707 ordine
419 1669 641 1707 orationes
662 1669 908 1706 habuerunt
938 1673 981 1706 et
1003 1668 1239 1719 discipulos
1261 1682 1364 1707 suos
1399 1668 1452 1706 ad
1475 1669 1696 1706 literarum
1726 1667 1860 1706 studia

241 1741 462 1780 exhortati
483 1746 596 1779 sunt.
623 1740 774 1780 Creuit
790 1740 983 1779 nonnihil
1005 1753 1211 1779 numerus
1233 1741 1511 1787 scholarium,
1533 1745 1576 1778 et
1598 1752 1701 1778 sane
1721 1740 1859 1790 plures
1891 1734 1894 1771 ἶ

237 1812 421 1851 studiosi
443 1819 459 1837 ⁰
481 1810 749 1851 accederent
770 1818 1019 1850 nostrorum
1050 1813 1280 1859 lectiones,
1306 1811 1379 1850 sed
1401 1811 1482 1849 illis
1504 1812 1557 1849 ab
1580 1811 1858 1848 vniuersitate

235 1885 504 1935 prohibetur.
522 1883 696 1922 Timent
712 1883 772 1922 illi
787 1897 843 1922 ne
861 1884 928 1922 ita
945 1883 1170 1922 auditores
1188 1884 1269 1921 illis
1287 1882 1504 1922 deficiant.
1522 1882 1760 1921 Auditores
1775 1881 1858 1932 phi-

240 1957 467 2007 losophiae
489 1960 587 1994 sunt
614 1967 674 2004 12,
698 1956 944 1994 rhetorices
970 1956 1031 2003 16,
1055 1955 1097 1993 in
1120 1956 1259 1994 classe
1290 1956 1456 1993 hebrea
1478 1960 1662 2006 septem,
1687 1955 1728 1992 in
1759 1954 1857 1992 clas·
1890 1998 1892 2003 ,

236 2041 283 2066 se
311 2028 578 2066 humanioris
608 2029 863 2066 literaturae
895 2033 1026 2077 atque
1048 2040 1208 2079 grecae
1239 2026 1412 2079 linguae
1436 2032 1534 2066 sunt
1565 2027 1630 2074 263
1653 2026 1694 2064 in
1725 2025 1856 2064 classe

234 2100 371 2151 prima
392 2100 656 2151 gramatices
674 2110 738 2148 39,
758 2100 800 2137 in
817 2100 879 2138 2.a
898 2100 963 2146 60,
984 2100 1025 2137 in
1043 2100 1172 2137 tertia
1191 2108 1251 2148 52,
1268 2099 1311 2137 in
1327 2104 1480 2150 quarta
1497 2099 1637 2137 classe
1654 2108 1855 2149 gramma·
1886 2107 1889 2132 3

234 2172 344 2210 tices
367 2173 437 2210 uel
458 2171 768 2222 principiorum
789 2171 854 2219 60,
888 2172 929 2209 in
960 2171 1111 2209 ultima
1132 2171 1273 2209 classe
1305 2171 1415 2209 ultra
1445 2172 1509 2209 80.
1544 2172 1855 2220 Praeceptores

235 2249 334 2281 sunt
357 2243 411 2281 M.
436 2243 696 2281 Laurentius
719 2248 763 2280 et
786 2243 841 2281 M.
872 2242 1162 2290 Guiffielmus,
1186 2254 1371 2293 quorum
1392 2242 1509 2293 prior
1530 2241 1637 2292 legit
1658 2241 1852 2292 logicam,
1883 2251 1888 2295 ς’

233 2315 450 2365 posterior
472 2314 736 2353 rhetoricam
756 2320 802 2352 et
823 2314 1044 2353 hebraica.
1065 2314 1283 2352 Henricus
1305 2318 1318 2338 ⁸
1335 2312 1443 2365 legit
1464 2314 1506 2351 in
1526 2314 1674 2360 tertia,
1695 2312 1715 2337 <¹
1735 2312 1854 2350 Fran·
1883 2323 1888 2361 ,·

279 2523 299 2542 a
337 2523 460 2559 etiam
475 2527 611 2568 supra
628 2533 736 2559 vers.
788 2523 855 2548 -b
877 2522 1030 2559 Praec.
1047 2533 1084 2559 v.
1100 2526 1236 2567 supra
1256 2532 1366 2558 vers.
1415 2529 1478 2547 —0
1499 2522 1650 2559 Praec.
1669 2532 1707 2557 v.
1725 2525 1853 2568 supra
1881 2558 1884 2569 ,

232 2593 356 2626 vers,
377 2583 514 2619 deleto
534 2583 621 2619 alio
640 2591 679 2619 v·
734 2583 800 2607 —d
823 2582 914 2629 Seq.
936 2582 1018 2619 del.
1044 2582 1256 2619 Absalom.
1880 2584 1883 2610 ι’

281 2790 290 2808 ¹
343 2787 389 2824 P.
406 2787 585 2835 Joannes
603 2788 652 2825 de
672 2787 870 2826 Victoria.
1877 2786 1881 2832 3

279 2847 292 2867 ²
342 2847 387 2884 P.
410 2846 726 2894 Christophorus
745 2847 993 2894 Rodriguez.
1876 2852 1879 2889 .’

278 2907 291 2927 ⁸
344 2905 569 2942 «Henricus
588 2905 789 2942 Riekman
809 2906 1062 2949 Leofflensis,
1082 2906 1129 2943 22
1146 2918 1356 2951 annorum,
1377 2906 1418 2943 in
1448 2905 1653 2943 Societate
1679 2916 1849 2954 quinque
1876 2913 1879 2947 ς
1896 2918 1908 2949 ιι

230 2966 328 3012 agit;
350 2968 522 3003 classem
549 2966 823 3009 humanitatis,
852 2979 957 3013 quae
985 2966 1064 3003 iam
1093 2971 1153 3002 est
1179 2966 1312 3008 tertia,
1342 2966 1449 3002 ultra
1475 2978 1626 3002 annum
1657 2965 1846 3002 tenuit...»
1874 2951 1901 3022 ἐ.

231 3026 292 3063 Ex
311 3025 432 3062 catal.
452 3026 542 3061 coll.
566 3025 701 3062 vienn.
724 3025 900 3063 1559-60.
923 3025 968 3062 In
986 3026 1071 3062 cod.
1094 3025 1236 3062 Germ.
1257 3024 1345 3070 131,
1366 3024 1393 3061 f.
1413 3024 1482 3061 207
1494 3038 1532 3062 v.
1874 3026 1877 3059 t

1871 3061 1876 3212 ἒ
1902 3136 1903 3143 Ν

1871 3216 1875 3239 ff
1897 3223 1901 3231 v

1868 3244 1908 3446 l
