1908 3446
231 250 299 288 284
702 250 919 289 LITTERAE
946 253 1301 298 QUADRIMESTRES

186 353 393 404 quidquid
435 360 501 392 est
541 355 726 393 inuisum
765 360 807 392 et
851 367 1029 395 nouum2
1073 360 1116 392 et
1155 352 1271 404 quod
1311 354 1562 392 admirabile
1604 361 1685 401 est,
1726 354 1811 393 hoc

189 425 375 463 maxime
399 426 608 464 delectat.
633 427 765 464 Forte
790 440 842 465 ac
864 428 1023 465 temere
1045 426 1207 464 factum
1226 430 1307 472 est,
1332 431 1377 463 vt
1401 427 1590 464 omnium
1614 425 1811 465 classium

185 496 398 547 discipuli,
430 503 473 536 et
504 500 656 536 Patres
689 504 732 536 et
763 498 920 536 fratres
952 499 991 535 in
1021 511 1119 536 eum
1151 498 1293 536 locum
1327 498 1628 544 conuenirent3
1662 510 1811 536 omnes

186 581 292 607 vero
314 569 602 608 admiratione
626 570 933 621 obstupebant.

241 642 301 679 18.
363 643 597 681 Caeterum
620 642 661 679 in
683 642 1074 679 declamationibus
1092 641 1177 678 duo
1200 640 1324 678 fuere
1343 640 1680 687 declamatores,
1705 641 1812 678 alter

185 713 395 751 Melchior
417 714 652 763 Trauacos,
677 719 828 751 noster
850 713 998 760 frater,
1024 713 1132 750 alter
1155 712 1329 763 quidam
1352 712 1674 762 condiscipulus
1705 711 1810 758 eius,

186 790 228 821 et
248 783 383 833 judex
405 785 475 834 qui
498 784 552 822 de
576 797 729 822 caussa
747 783 984 833 judicabat.
1011 784 1328 834 Argumentum
1359 784 1514 834 prioris
1536 782 1813 821 declamatio-

185 855 250 892 nis
273 861 366 893 erat
388 854 536 893 dicere
558 868 635 905 pro
668 853 806 893 literis
829 861 982 893 contra
1012 855 1201 892 studium
1222 854 1428 900 bellandi3
1452 853 1671 892 secundae
1707 866 1812 893 vero

186 938 209 963 e
245 928 406 964 conr'ra
430 933 462 973 a,
492 939 569 975 pro
604 926 720 964 bello
750 931 903 964 contra
938 927 1098 965 literas.
1137 927 1374 965 Caeterum
1408 925 1545 974 judex
1580 925 1813 963 assentitus

186 997 333 1047 priori,
359 997 625 1036 confirmatis
648 999 740 1035 eius
762 998 1003 1036 rationibus
1026 1002 1068 1036 et
1092 998 1327 1037 confutatis
1349 995 1603 1035 aduersarii.

246 1080 305 1118 19.
368 1070 446 1107 His
470 1069 668 1107 omnibus
699 1070 831 1107 rebus
862 1082 913 1108 ac
942 1070 1215 1120 potissimum
1246 1069 1514 1107 humanitate
1537 1081 1614 1106 sua
1636 1074 1680 1106 et
1709 1069 1814 1106 inte-

188 1140 358 1190 gritatis
380 1145 510 1190 atque
533 1139 748 1178 bonorum
771 1153 940 1178 morum
964 1141 1183 1191 exemplo,
1208 1140 1319 1178 inter
1342 1140 1530 1178 verbera
1551 1144 1595 1177 et
1618 1139 1815 1190 obiurga-

186 1212 345 1258 tiones,
364 1216 680 1262 praeceptores
702 1225 805 1250 suos
823 1212 1059 1263 discipulos
1080 1213 1122 1251 in
1141 1212 1286 1250 officio
1311 1211 1550 1250 continent.
1576 1211 1640 1249 Ex
1662 1211 1815 1262 quibus

187 1288 286 1321 sunt
308 1284 429 1321 multi
451 1283 665 1321 Societati
689 1283 840 1330 dediti,
865 1283 977 1323 adeo
1009 1290 1055 1322 vt
1077 1288 1285 1334 quantum
1306 1284 1348 1322 in
1369 1296 1416 1322 se
1440 1288 1520 1330 est,
1547 1288 1590 1321 et
1611 1295 1721 1334 quae
1743 1283 1814 1320 de-

187 1358 284 1392 sunt
319 1354 400 1404 ipsi
437 1360 590 1392 curent
629 1353 971 1393 subministrare.
1015 1356 1120 1392 Post
1155 1368 1282 1404 quam
1320 1355 1433 1393 enim
1474 1354 1712 1393 constituta
1751 1359 1816 1392 est

186 1426 248 1475 7.a
282 1425 446 1473 classis,
479 1426 813 1477 assignatusque
845 1426 967 1464 locus
997 1427 1039 1464 in
1075 1427 1280 1473 claustro,
1314 1439 1411 1465 cum
1446 1425 1815 1464 animaduerteret

186 1495 445 1535 adolescens
467 1496 640 1546 quidam
671 1497 828 1535 nobilis
850 1497 968 1535 illum
999 1498 1159 1544 locum,
1196 1497 1279 1536 nisi
1310 1501 1487 1548 egestas
1518 1502 1717 1548 cogeret,
1742 1496 1815 1535 do-

187 1567 327 1606 cendo
350 1581 437 1607 non
468 1568 571 1606 satis
595 1580 693 1606 esse
726 1568 1023 1615 commodum3
1057 1568 1224 1620 cogitat
1260 1568 1454 1620 reginam
1477 1568 1638 1620 alloqui
1660 1572 1703 1606 et
1724 1581 1814 1607 rem

187 1638 396 1686 indicare;
430 1640 632 1686 haesitat,
659 1639 849 1677 eundum
877 1649 1046 1686 censet3
1069 1639 1169 1687 itur,
1203 1653 1294 1678 rem
1315 1638 1490 1678 indicat.
1516 1638 1683 1691 Regina
1709 1652 1814 1678 vero

187 1711 436 1757 mirabatur,
472 1716 515 1748 et
550 1714 597 1748 vt
622 1714 688 1748 est
712 1709 950 1761 ingenium,
975 1711 1152 1748 miserta
1184 1716 1251 1749 est
1280 1723 1531 1761 puerorum,
1564 1709 1723 1749 blande
1752 1722 1815 1748 re-

187 1780 391 1832 spondet,
426 1781 551 1830 jubet
576 1783 619 1819 vt
652 1781 926 1832 praefectum
959 1794 1140 1832 operum
1176 1781 1425 1820 conueniat.
1456 1781 1694 1820 Dimittitur
1715 1781 1815 1820 ado-

187 1852 373 1899 lescens,
397 1853 670 1903 praefectum
693 1853 916 1899 conuenit,
938 1857 981 1891 et
997 1852 1051 1890 ad
1069 1853 1304 1904 collegium
1321 1852 1512 1899 adducit,
1532 1857 1578 1890 vt
1599 1853 1723 1891 locus
1745 1852 1815 1891 de-

187 1924 449 1975 signaretur.
489 1923 610 1972 Qmjd
644 1923 940 1963 constitutum
960 1923 1034 1971 sit,
1066 1936 1158 1962 non
1174 1924 1310 1975 plane
1332 1925 1468 1963 teneo.
1502 1923 1683 1975 Regina
1712 1935 1815 1963 vero

187 1995 353 2046 agebat
393 1997 499 2034 tanc
535 1994 750 2045 temporis
790 1994 836 2033 in
871 1994 1080 2033 coenobio
1116 1993 1390 2033 monialium
1421 1995 1476 2033 D.
1513 1994 1694 2041 Clarae,
1731 2006 1814 2044 quo

186 2078 230 2104 se
243 2065 527 2116 frequenter,
552 2078 653 2104 cam
676 2067 739 2104 est
761 2064 919 2113 otium,
942 2065 1054 2105 solet
1074 2064 1285 2116 recipere.
1310 2065 1432 2104 Dum
1451 2065 1730 2117 facultatem
1755 2065 1814 2104 Zo-

187 2137 352 2186 qnendc'
379 2139 578 2187 expectat
597 2137 801 2188 suaeuis,
835 2136 1026 2188 acceptis
1042 2136 1284 2187 praecibus
1304 2136 1527 2183 horariis,
1564 2149 1666 2175 cum
1694 2135 1814 2175 socio

187 2207 384 2247 letanias
403 2209 672 2247 sanctornm
694 2208 857 2248 recitat
881 2207 1015 2260 flexis
1040 2206 1248 2260 genibus,
1272 2220 1364 2246 non
1392 2207 1487 2246 sine
1509 2206 1815 2246 admiratione

188 2279 392 2317 omnium
413 2281 630 2329 quotquot
652 2281 861 2326 aderant3
884 2281 1019 2318 notus
1039 2278 1158 2318 enim
1178 2280 1241 2318 est
1262 2278 1311 2316 in
1333 2279 1441 2317 aula
1465 2278 1615 2330 regia.

240 2360 304 2389 20.
375 2351 535 2390 Veram
557 2350 775 2400 quoniam
798 2352 881 2390 hoc
902 2352 1020 2401 qaod
1054 2350 1210 2389 vltimo
1234 2349 1345 2398 dixi,
1371 2351 1430 2388 ad
1452 2362 1598 2389 mores
1626 2349 1814 2401 discipu-

188 2422 341 2460 lorum
376 2421 550 2460 videtvr
588 2424 789 2472 spectare
823 2423 857 2469 ¹³,
901 2424 1070 2461 addam
1104 2421 1153 2460 in
1189 2422 1307 2460 hanc
1345 2421 1613 2460 sententiam
1647 2423 1812 2471 panca.

189 2494 446 2544 Quanquam
477 2506 563 2531 non
595 2492 737 2531 desint
759 2494 831 2544 qui
860 2494 986 2532 nobis
1014 2493 1243 2543 negotium
1269 2492 1504 2539 facessant,
1538 2498 1638 2530 sunt
1670 2497 1815 2530 tamen

186 2564 382 2615 plerique
405 2563 603 2615 discipuli
632 2563 772 2615 probi,
805 2565 1037 2615 bonaeque
1059 2564 1152 2615 spei
1173 2563 1499 2611 adolescentesf,
1536 2562 1662 2603 facile
1684 2562 1814 2601 addu-

188 2642 343 2674 cuntur
378 2640 423 2674 vt
445 2636 616 2687 legibus
646 2641 823 2674 nostrae
845 2637 1023 2675 scholae
1044 2641 1240 2687 pareant,
1264 2648 1388 2674 sacro
1410 2635 1666 2685 frequentes
1686 2635 1814 2673 inter-

189 2713 302 2755 sunt,
328 2707 419 2746 sine
443 2709 747 2746 controuersia
780 2708 853 2746 vel
874 2708 1133 2746 difficultate
1161 2707 1341 2758 singulis
1363 2706 1585 2745 mensibus
1607 2706 1813 2745 confiten-

188 2785 272 2827 tur,
297 2792 348 2818 ac
377 2779 499 2816 multi
521 2778 692 2817 decimo
716 2779 866 2829 quinto
899 2783 971 2817 aut
995 2785 1154 2817 octauo
1186 2791 1361 2829 quoque
1384 2778 1454 2816 die
1477 2777 1812 2824 communicant3

189 2851 333 2888 multis
366 2849 487 2888 cordi
519 2855 586 2888 est
617 2849 750 2888 vitam
782 2851 1066 2889 monasticam
1099 2854 1143 2888 et
1174 2849 1438 2900 disciplinam
1471 2849 1690 2899 amplecti,
1714 2848 1813 2899 quin
1848 2854 1853 2858 “

237 3060 256 3078 ²²
307 3072 328 3096 e
347 3071 560 3096 conuerso.
620 3061 683 3085 -b
706 3059 891 3097 Emend.
913 3071 963 3097 ex
981 3065 1210 3108 expectare.
