1908 3446
8 91 14 142 ,κη
2 0 13 81 <hav-*x

546 228 872 267 261.—C0L0N1A
896 228 920 265 6
945 225 1049 275 MAj1
1080 226 1169 264 1559
1556 227 1620 264 195

96 345 134 382 4.
192 333 238 370 In
269 345 418 371 mense
451 332 605 370 Martio
637 338 728 370 tres
760 344 814 369 ex
845 331 1050 369 fratribus
1081 330 1323 380 magisterii
1353 330 1545 367 lauream
1569 334 1665 367 sunt

17 406 18 428 ἦ
46 403 203 454 adepti,
230 409 272 441 et
292 409 380 441 tres
404 403 590 450 externi,
615 402 753 441 nostri
775 414 950 453 quoque
973 401 1188 451 discipuli,
1223 406 1268 438 ut
1298 400 1461 451 primus
1491 400 1666 451 collegii

14 486 16 490 ’
45 474 164 514 istius
186 487 334 513 cursus
355 474 682 524 philosophicus
714 487 792 511 sex
813 472 1030 519 habuerit,
1056 471 1275 510 secundus
1296 473 1442 522 plures
1475 471 1528 510 sit
1549 472 1666 509 habi-

47 552 180 592 turus,
216 550 258 583 et
293 544 447 583 tertius
478 546 610 596 longe
646 545 788 583 adhuc
817 543 1140 595 praecedentes
1174 555 1325 581 omnes
1357 543 1595 594 superabit,
1621 548 1666 580 vt

46 617 173 656 modo
198 616 468 667 experientia
488 615 708 655 discimus.
734 617 844 653 Tres
874 628 982 654 vero
1015 614 1084 653 isti
1114 615 1272 652 fratres
1303 618 1426 652 erant
1458 615 1513 652 M.
1538 615 1666 652 Fran-

47 689 184 727 ciscus
208 689 510 735 Hemaerolus,
530 688 692 738 primus
710 687 1025 733 vniuersitatis3
1045 687 1099 723 M.
1122 686 1339 724 Henricus
1358 685 1638 723 Dionatensis
1659 689 1665 707 ¹

48 764 90 798 et
120 759 173 797 M.
204 760 358 796 Petrus
391 757 667 797 Coloniensis
690 761 716 797 ².
752 759 810 796 M.
844 758 1037 796 Ioannes
1068 757 1255 795 Recztms
1286 756 1432 795 fribus
1459 757 1666 807 gradum

47 829 247 877 contulit,
271 831 311 869 ei
331 842 415 880 ego
439 829 586 868 fribus
608 829 729 867 aliis.
765 829 1047 867 Baccalaurei
1070 828 1226 866 artium
1249 827 1484 865 duodecim
1509 825 1667 865 eodem

46 907 241 952 tempore
263 901 653 951 promouebantur,
677 901 790 938 inter
821 913 930 950 quos
961 900 1163 938 Societas
1196 912 1273 937 sex
1304 900 1453 946 habet,
1483 911 1667 949 magnae

48 971 362 1023 expectationis
383 971 582 1010 iuuenes.
609 972 843 1021 Speramus
874 971 915 1009 in
946 983 1083 1008 annos
1115 970 1311 1021 singulos
1332 983 1413 1008 nos
1436 970 1668 1020 magistros

47 1044 206 1093 aliquot
226 1043 439 1081 Societati
460 1042 654 1089 daturos,
679 1043 750 1092 qui
780 1042 821 1079 in
857 1042 950 1080 aliis
983 1042 1183 1092 collegiis
1206 1041 1335 1080 etiam
1359 1041 1523 1080 docere
1545 1044 1670 1092 pote-

47 1120 156 1162 runt,
179 1118 250 1152 aut
271 1114 526 1165 theologiae
546 1126 723 1164 operam
745 1113 1016 1164 impendere.
1038 1113 1124 1151 His
1144 1126 1249 1152 vero
1272 1112 1407 1151 noeriis
1423 1112 1670 1164 magistris

49 1187 154 1236 opus
176 1183 260 1235 ipsi
281 1185 508 1230 habemus,
533 1185 578 1222 vt
599 1185 751 1223 adhuc
773 1184 947 1222 duobus
967 1185 1033 1223 vel
1052 1184 1199 1222 tribus
1217 1183 1338 1222 aliis.
1362 1171 1671 1222 M.'Henricns

48 1255 265 1306 siquidem
287 1255 454 1308 logicis
474 1269 647 1295 mecum
670 1256 754 1294 hoc
775 1268 896 1294 anno
929 1256 1062 1307 Zege†‚·
1096 1256 1153 1293 M.
1186 1256 1349 1294 Petrus
1378 1255 1503 1293 solus
1533 1254 1671 1293 classi

47 1327 229 1378 poetices
245 1326 464 1378 praeerit&
489 1327 546 1365 M.
568 1327 845 1366 Francz'sczts
861 1340 950 1365 vna
973 1340 1074 1366 cum
1096 1327 1151 1365 M.
1178 1328 1392 1366 Andraea
1413 1326 1426 1345 ³
1450 1326 1671 1378 inferiori

45 1399 431 1451 gammaz‘icorztm
452 1400 610 1437 schola
627 1402 797 1449 [meros
820 1399 1038 1445 instituet,
1063 1398 1172 1448 quia
1194 1400 1432 1448 miramque
1454 1398 1669 1450 lingnam

30 1450 266 1539 {gallicam
296 1472 334 1510 ez‘
361 1470 685 1522 germanicam
714 1470 780 1509 sic
808 1470 923 1509 satis
953 1471 1101 1517 callet,
1133 1472 1356 1520 quamam
1388 1469 1460 1508 illi
1488 1470 1671 1509 scholae

27 1542 29 1551 '
47 1541 252 1594 sufficiet.

99 1623 135 1663 5.
197 1613 437 1652 Fratribus
459 1613 666 1653 omnibus
689 1613 946 1653 domesficis
967 1615 1101 1652 datae
1122 1615 1229 1652 sunt
1250 1614 1443 1665 regulae
1475 1626 1670 1653 commu-

47 1699 120 1726 nes
141 1684 392 1733 Socz'etafis‚
418 1685 464 1724 in
487 1685 648 1735 quibus
662 1698 706 1724 se
719 1688 805 1735 pro
828 1684 958 1723 virili
979 1697 1183 1724 exercere
1205 1686 1449 1731 conantur,
1470 1684 1669 1724 maxime

48 1769 149 1796 vero
170 1756 217 1795 iri
239 1756 295 1795 iis
325 1770 437 1807 quae
459 1756 553 1795 fria
574 1758 736 1795 nostra
767 1756 931 1796 emissa
961 1759 1070 1795 vora
1091 1758 1384 1796 concernunt.
1410 1756 1465 1794 M.
1499 1757 1672 1808 Grego-

49 1829 132 1867 rius
151 1829 164 1847 ⁴
185 1830 233 1867 28
264 1828 486 1867 Februarii
518 1828 662 1866 studio
695 1828 738 1866 S.
763 1829 1020 1879 theologiae
1051 1828 1245 1866 initiatus
1269 1833 1350 1875 est,
1380 1828 1669 1879 gradumque,

49 1913 173 1952 quem
194 1905 352 1939 vocant
380 1900 779 1947 baccalaureatum,
812 1900 995 1950 accepit.
1020 1900 1073 1938 In
1105 1912 1196 1949 qna
1224 1912 1310 1938 sua
1340 1898 1671 1952 inauguratio-

48 1985 100 2011 ne
119 1970 282 2010 adocta
312 1971 509 2010 oratione
530 1971 799 2022 presentium
831 1971 999 2009 animos
1030 1971 1200 2009 refecit.
1225 1971 1490 2009 Nostrorum
1524 1984 1672 2009 exem-

49 2042 132 2093 plo,
154 2047 366 2093 quantum·
380 2041 568 2088 videtur,
593 2042 715 2080 multi
736 2042 806 2080 alii
826 2054 1002 2092 quoque
1024 2042 1279 2093 theologiae
1304 2055 1483 2092 operam
1502 2043 1667 2094 impen-

50 2113 166 2152 dunt.
188 2114 310 2152 Faxit
332 2114 557 2161 Dominus,
582 2119 629 2152 vt
650 2114 773 2152 multi
795 2113 1039 2152 catholicae
1068 2114 1294 2165 religionis
1318 2118 1672 2165 propugnatores

51 2185 305 2223 Germaniae
322 2187 644 2236 producantur
664 2186 704 2224 b.
730 2186 775 2223 In
796 2186 994 2236 profesto
1017 2186 1207 2236 paschae
1238 2185 1286 2224 in
1304 2185 1551 2225 diaconum
1568 2189 1673 2237 pro-

51 2258 192 2295 motus
213 2259 274 2296 esz‘
295 2257 349 2295 M.
381 2257 638 2296 Franciscus
669 2258 934 2295 Hemerolus
967 2255 1134 2304 Leodii‚
1161 2261 1315 2307 estque
1337 2258 1391 2295 ab
1429 2258 1637 2308 episcopo
1661 2261 1673 2280 ⁸

53 2327 351 2366 humanissime
387 2334 631 2378 susceptus,
666 2334 710 2366 et
739 2327 874 2379 gratis
911 2328 1043 2366 sacris
1076 2328 1299 2366 ordinibus
1334 2329 1543 2377 initiatus,
1580 2335 1674 2367 tan-

53 2411 173 2448 quam
203 2399 435 2438 Societatis
466 2401 722 2450 membrum.
757 2400 943 2438 Omnem
975 2413 1095 2438 suam
1133 2413 1311 2451 operam
1343 2400 1558 2439 Societati
1594 2403 1672 2439 ad-

54 2468 163 2508 dixit
189 2476 206 2495 ⁰
236 2471 480 2522 episcopus,
519 2477 565 2509 vt
601 2483 699 2521 spes
730 2470 967 2522 refulgere
990 2469 1134 2521 possit
1154 2470 1189 2518 d,
1224 2472 1346 2510 multi
1380 2472 1484 2510 boni
1520 2471 1675 2512 Leodii

96 2635 116 2655 a
163 2640 216 2673 et.
266 2637 331 2662 -b
350 2641 658 2684 praeparentur.
712 2644 775 2663 —0
796 2637 1016 2684 promissit.
1073 2638 1140 2663 -d
1161 2636 1374 2684 affulgeat.

158 2802 358 2840 Henricus
377 2802 593 2841 Somalius.

158 2861 302 2900 Petrus
319 2862 472 2910 Haupt.

159 2921 348 2959 Andreas
365 2921 579 2960 Boccatius
596 2922 800 2970 phrysius.

158 2979 382 3028 Gregorius
399 2981 551 3019 Fabius
569 2982 860 3020 dionantensis.

159 3040 363 3078 Robertus
381 3041 430 3078 de
450 3040 611 3088 Bergis.

99 2803 108 2822 ί

98 2861 112 2882 2

98 2921 111 2941 Β

97 2980 112 3001 4

99 3039 112 3060 ὓ
