1908 3446
538 199 926 237 242.-—V1N[›030NA
958 198 999 233 14
1029 197 1128 233 FER.
1161 196 1250 233 1559
1616 194 1663 231 89

81 319 188 345 vero
221 305 290 343 hic
312 309 435 342 actus
468 303 667 345 oratione
699 313 860 351 graeca
891 297 1247 349 argumentisque
1278 303 1321 335 et
1353 296 1709 346 responsioniluis

79 389 242 429 graeco
281 375 490 413 idiomate
524 371 722 411 formatis
757 369 1016 408 terminatus
1051 368 1145 415 suit,
1185 367 1510 406 succinentibus
1545 368 1586 404 in
1626 369 1708 404 tine

81 447 203 486 suaui
224 445 415 484 melodia
434 444 581 495 pueris
603 443 815 493 psalmum
838 441 902 478 Te
927 440 1065 477 Deum
1095 438 1334 476 laudamus.

138 529 197 557 Io.
251 518 344 568 Jam
374 514 491 566 quod
513 514 567 553 ad
589 513 902 563 discipulorum
924 511 1134 561 pietatem
1157 510 1328 555 attinet,
1363 522 1447 559 ego
1484 508 1612 555 illam,
1646 514 1710 545 vt-

79 595 182 642 pote
214 587 432 634 eximiam,
465 586 641 624 minime
673 581 1028 622 dissimulandam
1051 593 1230 620 censeO.
1257 580 1371 629 Quid
1404 580 1516 617 enim
1549 580 1710 617 fameli-

80 673 158 700 cae
179 657 397 698 iuuentuti
427 657 605 707 grauius
627 668 754 706 quam
786 654 827 692 in
860 654 1057 691 ciborum
1088 651 1313 689 affluentia
1343 651 1519 701 genium
1543 650 1711 687 defrau-

80 732 204 770 dare?
225 731 279 768 Et
299 735 445 768 tamen
468 726 800 778 magnanimiter
821 726 893 763 hic
914 724 1065 762 videas
1096 723 1209 761 filios
1231 735 1385 761 carnes
1407 736 1431 759 a
1459 722 1712 772 parentibus·

83 805 283 842 obtrusas
311 811 538 851 respuere,
563 798 664 836 dum
697 810 846 835 earum
878 808 1000 834 esum
1022 800 1146 832 vetat
1167 794 1286 832 Stae.
1322 793 1560 831 ecclessiae
1592 804 1712 841 prae-

81 878 271 925 ceptum.
290 873 501 924 Juuantur
518 875 665 908 autern
688 881 785 907 cum
801 865 950 918 primis
971 866 1165 904 lectione
1183 865 1411 903 doctrinae
1434 864 1710 909 christianae,

1137 936 1144 955 ¹
1195 935 1432 987 praelegit,
1475 935 1713 972 minoribus

83 958 210 996 quam
245 941 494 982 maiusculis
534 940 710 992 quidem
750 940 802 977 D.
840 936 1113 977 Christianus

81 1019 227 1055 autem
249 1012 319 1052 alii
351 1025 405 1051 ex
435 1012 657 1050 iratribus.
682 1011 863 1050 Sacrum
894 1007 1091 1060 quotidie
1123 1007 1318 1054 audiunt,
1344 1007 1609 1044 confitentur
1631 1005 1713 1043 sin-

81 1086 193 1138 gulis
227 1085 471 1136 quibusque
517 1082 757 1128 mensibus;
797 1079 993 1118 nonnulli
1025 1079 1155 1117 etiam
1192 1077 1381 1128 saepius3
1414 1075 1638 1128 plaerique
1670 1082 1713 1113 et

83 1156 436 1196 communionem
477 1166 644 1192 sacram
679 1152 963 1202 frequentare
1003 1153 1209 1201 pergunt3
1248 1148 1478 1187 dominicis
1514 1153 1557 1185 et
1591 1147 1714 1185 festis

85 1229 240 1268 diebus
261 1227 522 1267 concionem
545 1229 589 1263 et
611 1225 851 1263 lectionem
875 1235 1058 1269 sacram,
1082 1234 1194 1272 quae
1215 1221 1258 1259 in
1280 1221 1444 1271 templo
1476 1225 1628 1258 nostro
1650 1220 1712 1263 fit,

82 1301 164 1340 alia
183 1311 359 1351 quoque
381 1298 528 1336 diuina
559 1296 705 1335 officia
727 1308 881 1334 omnes
903 1293 1055 1332 audire
1084 1294 1242 1331 solent.
1268 1293 1378 1332 Sunt
1400 1292 1531 1330 etiam
1553 1291 1625 1341 qui
1655 1289 1713 1328 in-

82 1377 246 1411 stanter
276 1370 403 1409 nobis
424 1381 472 1407 se
504 1368 745 1418 adiungere
775 1364 1047 1412 desiderent,
1072 1364 1151 1402 sed
1180 1364 1411 1415 explorare
1441 1362 1559 1413 prius
1593 1360 1713 1412 spiri-

83 1449 173 1482 tum
195 1448 239 1482 et
270 1440 560 1480 constantiam
590 1439 774 1478 istorum
805 1438 990 1476 voluere
1013 1437 1181 1483 Patres,
1206 1441 1253 1473 vt
1283 1435 1451 1474 facilius
1473 1434 1633 1472 deinde
1654 1434 1714 1471 iu-

87 1514 177 1553 uari
197 1513 381 1565 possint,
406 1517 450 1550 et
470 1510 512 1549 in
534 1510 695 1549 sanctis
716 1510 891 1548 interim
912 1507 994 1559 ipsi
1016 1513 1218 1546 crescant
1240 1505 1486 1545 desideriis.

139 1596 198 1624 11.
258 1585 322 1623 Ex
354 1582 551 1622 studiosa
580 1582 677 1629 hac,
713 1586 757 1619 et
777 1592 885 1619 vere
917 1578 1153 1617 christiana
1183 1577 1425 1615 iuuentutis
1458 1574 1584 1614 nobis
1615 1589 1715 1614 con-

83 1656 277 1697 creditae
298 1655 589 1701 institutione,
623 1657 774 1692 sancta
794 1651 981 1703 quadarn
1002 1649 1298 1688 aemulatione
1329 1653 1496 1686 motum
1519 1645 1716 1686 credide-

81 1729 159 1767 rim
197 1727 499 1778 magistratum
538 1724 844 1770 viennensem,
882 1727 929 1760 vt
968 1720 1154 1768 reiecto,
1192 1732 1322 1770 quem
1362 1724 1464 1758 ante
1503 1719 1715 1769 habuerat

81 1801 190 1838 haec
220 1798 390 1845 ciuitas,
423 1797 671 1836 scholarum
701 1794 1000 1841 moderatore,
1034 1797 1080 1831 vt
1112 1795 1317 1830 constans
1348 1791 1582 1829 multorum
1604 1790 1718 1829 fama

84 1874 175 1908 erat
208 1877 242 1917 a,
272 1868 517 1914 haeretico,
551 1867 681 1905 alium
713 1865 977 1904 catholicum
1009 1869 1053 1902 et
1085 1866 1312 1914 spectatae
1348 1862 1466 1900 vitae
1502 1861 1641 1899 virum
1678 1861 1717 1898 ei

87 1939 318 1992 subrogari
339 1939 515 1978 curarit.

140 2022 199 2050 12.
259 2009 489 2048 Exhibitus
519 2013 754 2060 praeterea
783 2008 863 2046 fuit
884 2007 1040 2046 diebus
1067 2006 1176 2053 istis,
1200 2006 1356 2057 quibus
1379 2018 1403 2043 a
1432 2004 1586 2042 studiis
1616 2008 1717 2045 ante

83 2082 444 2134 quadragesimae
475 2079 644 2120 initium
675 2079 960 2126 feriabantur,
997 2077 1198 2129 dialogus
1229 2076 1404 2127 quidam
1427 2077 1474 2114 P.
1498 2074 1653 2122 Frusii‚
1671 2075 1717 2115 in

82 2166 167 2206 quo
206 2153 517 2192 bacchicorum
552 2150 834 2190 incommoda
868 2150 1082 2188 festorum
1122 2148 1238 2187 facili
1278 2147 1469 2187 carmine
1504 2146 1715 2198 depingit.

81 2227 198 2265 Intra
234 2225 430 2276 priuatos
462 2223 656 2275 parietes
692 2235 840 2261 coram
875 2220 1098 2273 discipulis
1134 2225 1177 2258 et
1208 2220 1448 2258 amicorum
1484 2217 1716 2264 nonnullis,

82 2311 169 2337 non
189 2297 282 2336 sine
311 2297 481 2347 lepore,
515 2293 716 2333 oratione
738 2293 780 2331 in
811 2292 1110 2332 detestatione
1141 2291 1526 2330 bacchanaliorum
1547 2290 1718 2341 perpul-

87 2370 189 2408 chra
214 2368 457 2420 praemissa‘
472 2368 508 2415 b,
532 2366 743 2405 recitatus
767 2365 860 2403 suit.
886 2364 1024 2403 Affuit
1055 2369 1203 2402 autem
1232 2364 1346 2401 inter
1369 2362 1478 2400 alios
1502 2366 1545 2399 et
1568 2361 1719 2405 consul

86 2440 287 2488 ciuitatis,
311 2439 383 2489 qui
405 2451 483 2477 sua
502 2439 586 2476 hac
605 2437 857 2489 praesentia
877 2450 962 2487 quo
988 2449 1094 2487 erga
1120 2448 1201 2474 nos
1224 2440 1268 2473 et
1289 2433 1549 2485 religionem
1572 2433 1719 2470 catho-

85 2512 212 2550 licam
241 2511 296 2550 sit
325 2510 486 2558 animo,
519 2510 624 2548 satis
653 2507 910 2556 declarauit3
942 2507 1140 2559 quamuis
1169 2520 1257 2545 non
1287 2505 1500 2544 minorem
1523 2503 1719 2543 eiusdem

85 2582 357 2635 integerrimi
378 2582 510 2621 animi
530 2582 597 2620 sui
618 2580 986 2633 significationem
1008 2579 1134 2618 aliam
1156 2590 1244 2617 non
1264 2579 1325 2616 ita
1343 2577 1513 2629 pridem
1531 2575 1718 2622 dederit,

88 2653 259 2705 quando
282 2654 452 2693 scilicet
481 2665 636 2692 carnes
656 2652 832 2704 publice
854 2649 1032 2690 diuendi
1053 2650 1196 2688 vetuit
1216 2650 1259 2688 in
1286 2648 1438 2701 vigilia
1458 2647 1721 2700 purificatio-

138 2828 158 2847 2
195 2821 225 2858 5
240 2831 308 2858 vv.
327 2820 531 2868 praeced.
554 2823 601 2858 in
619 2830 758 2866 marg.
811 2820 878 2845 -b
925 2819 951 2856 6
968 2829 1034 2855 vv.
1051 2823 1209 2864 praec..
1232 2818 1276 2854 in
1297 2827 1438 2862 marg.
1456 2814 1686 2861 superiori.

138 2988 148 3008 ·
199 2988 246 3025 Ρ.
267 2987 526 3026 Christianus
546 2986 703 3024 Rivius.
726 2985 1087 3029 BRAUNSBERGER,
1107 2984 1184 3022 loc.
1205 2984 1288 3026 cit„
1308 2982 1411 3025 304⁶,
1431 2982 1514 3020 317.
