<?xml version="1.0" encoding="UTF-8"?>
<!DOCTYPE html PUBLIC "-//W3C//DTD XHTML 1.0 Transitional//EN"
    "http://www.w3.org/TR/xhtml1/DTD/xhtml1-transitional.dtd">
<html xmlns="http://www.w3.org/1999/xhtml" xml:lang="en" lang="en">
 <head>
  <title>
</title>
<meta http-equiv="Content-Type" content="text/html;charset=utf-8" />
  <meta name='ocr-system' content='tesseract 3.04.00' />
  <meta name='ocr-capabilities' content='ocr_page ocr_carea ocr_par ocr_line ocrx_word'/>
</head>
<body>
  <div class='ocr_page' id='page_1' title='image "./litteraequadrime1806lain_0034.png"; bbox 0 0 2095 3623; ppageno 0'>
   <div class='ocr_carea' id='block_1_1' title="bbox 459 284 1525 333">
    <p class='ocr_par' dir='ltr' id='par_1_1' title="bbox 459 284 1525 333">
     <span class='ocr_line' id='line_1_1' title="bbox 459 284 1525 333; baseline 0.002 -11"><span class='ocrx_word' id='word_1_1' title='bbox 459 284 502 322; x_wconf 87' lang='lat'>18</span> <span class='ocrx_word' id='word_1_2' title='bbox 922 284 1141 325; x_wconf 69' lang='lat' dir='ltr'>Lr‘rrERAE</span> <span class='ocrx_word' id='word_1_3' title='bbox 1168 286 1525 333; x_wconf 77' lang='lat' dir='ltr'><strong>QUADRIMESTRES</strong></span> 
     </span>
    </p>
   </div>
   <div class='ocr_carea' id='block_1_2' title="bbox 407 381 2045 2358">
    <p class='ocr_par' dir='ltr' id='par_1_2' title="bbox 407 381 2040 1136">
     <span class='ocr_line' id='line_1_2' title="bbox 409 381 2031 435; baseline -0.001 -15"><span class='ocrx_word' id='word_1_4' title='bbox 409 384 602 432; x_wconf 74' lang='lat' dir='ltr'>quartus</span> <span class='ocrx_word' id='word_1_5' title='bbox 615 382 715 434; x_wconf 70' lang='lat' dir='ltr'>fnit</span> <span class='ocrx_word' id='word_1_6' title='bbox 745 395 917 431; x_wconf 71' lang='lat' dir='ltr'>eornm,</span> <span class='ocrx_word' id='word_1_7' title='bbox 943 396 1052 434; x_wconf 71' lang='lat' dir='ltr'>quos</span> <span class='ocrx_word' id='word_1_8' title='bbox 1084 383 1131 422; x_wconf 77' lang='lat' dir='ltr'>in</span> <span class='ocrx_word' id='word_1_9' title='bbox 1166 385 1260 423; x_wconf 73' lang='lat' dir='ltr'>tam</span> <span class='ocrx_word' id='word_1_10' title='bbox 1292 384 1445 435; x_wconf 75' lang='lat' dir='ltr'>ampla</span> <span class='ocrx_word' id='word_1_11' title='bbox 1468 382 1667 435; x_wconf 78' lang='lat' dir='ltr'>familia</span> <span class='ocrx_word' id='word_1_12' title='bbox 1698 383 1781 422; x_wconf 79' lang='lat' dir='ltr'>hoc</span> <span class='ocrx_word' id='word_1_13' title='bbox 1812 381 2031 420; x_wconf 72' lang='lat' dir='ltr'>autumno</span> 
     </span>
     <span class='ocr_line' id='line_1_3' title="bbox 409 451 2038 508; baseline -0.002 -16"><span class='ocrx_word' id='word_1_14' title='bbox 409 455 731 493; x_wconf 32' lang='lat' dir='ltr'>mactazsn&#39;mns.</span> <span class='ocrx_word' id='word_1_15' title='bbox 755 455 992 494; x_wconf 69' lang='lat' dir='ltr'>Pollicitus</span> <span class='ocrx_word' id='word_1_16' title='bbox 1008 457 1084 502; x_wconf 74' lang='lat' dir='ltr'>est,</span> <span class='ocrx_word' id='word_1_17' title='bbox 1106 457 1213 494; x_wconf 78' lang='lat' dir='ltr'>dnm</span> <span class='ocrx_word' id='word_1_18' title='bbox 1229 469 1329 495; x_wconf 79' lang='lat' dir='ltr'>enm</span> <span class='ocrx_word' id='word_1_19' title='bbox 1351 468 1514 508; x_wconf 70' lang='lat' dir='ltr'>regens</span> <span class='ocrx_word' id='word_1_20' title='bbox 1535 457 1677 505; x_wconf 74' lang='lat' dir='ltr'>nuper</span> <span class='ocrx_word' id='word_1_21' title='bbox 1699 451 1974 498; x_wconf 67' lang='lat' dir='ltr'>conueniret,</span> <span class='ocrx_word' id='word_1_22' title='bbox 1998 454 2038 490; x_wconf 78' lang='lat' dir='ltr'>et</span> 
     </span>
     <span class='ocr_line' id='line_1_4' title="bbox 410 511 2037 574; baseline -0.002 -11"><span class='ocrx_word' id='word_1_23' title='bbox 410 525 566 564; x_wconf 77' lang='lat' dir='ltr'>vinum</span> <span class='ocrx_word' id='word_1_24' title='bbox 596 539 639 564; x_wconf 80' lang='lat' dir='ltr'>se</span> <span class='ocrx_word' id='word_1_25' title='bbox 670 525 799 564; x_wconf 75' lang='lat' dir='ltr'>nobis</span> <span class='ocrx_word' id='word_1_26' title='bbox 831 527 1065 564; x_wconf 69' lang='lat' dir='ltr'>daturum.</span> <span class='ocrx_word' id='word_1_27' title='bbox 1090 527 1141 564; x_wconf 95' lang='lat' dir='ltr'>D.</span> <span class='ocrx_word' id='word_1_28' title='bbox 1167 511 1314 565; x_wconf 74' lang='lat' dir='ltr'>rector</span> <span class='ocrx_word' id='word_1_29' title='bbox 1337 525 1634 565; x_wconf 86' lang='lat' dir='ltr'>vniuersitatis</span> <span class='ocrx_word' id='word_1_30' title='bbox 1658 526 1665 544; x_wconf 88' lang='lat'>¹</span> <span class='ocrx_word' id='word_1_31' title='bbox 1689 536 1826 574; x_wconf 80' lang='lat' dir='ltr'>nuper</span> <span class='ocrx_word' id='word_1_32' title='bbox 1852 527 2037 573; x_wconf 89' lang='lat' dir='ltr'>quatuor</span> 
     </span>
     <span class='ocr_line' id='line_1_5' title="bbox 408 594 2038 647; baseline -0.003 -12"><span class='ocrx_word' id='word_1_33' title='bbox 408 597 663 635; x_wconf 81' lang='lat' dir='ltr'><strong>facultatum</strong></span> <span class='ocrx_word' id='word_1_34' title='bbox 694 596 871 635; x_wconf 87' lang='lat' dir='ltr'>decanis</span> <span class='ocrx_word' id='word_1_35' title='bbox 893 598 982 647; x_wconf 86' lang='lat' dir='ltr'>(qui</span> <span class='ocrx_word' id='word_1_36' title='bbox 1005 602 1142 635; x_wconf 85' lang='lat' dir='ltr'>totam</span> <span class='ocrx_word' id='word_1_37' title='bbox 1164 598 1497 635; x_wconf 85' lang='lat' dir='ltr'>vniuersitatem</span> <span class='ocrx_word' id='word_1_38' title='bbox 1520 595 1733 644; x_wconf 87' lang='lat' dir='ltr'>referunt)</span> <span class='ocrx_word' id='word_1_39' title='bbox 1755 594 1809 632; x_wconf 90' lang='lat' dir='ltr'>de</span> <span class='ocrx_word' id='word_1_40' title='bbox 1831 594 1957 632; x_wconf 89' lang='lat' dir='ltr'>nobis</span> <span class='ocrx_word' id='word_1_41' title='bbox 1978 594 2038 631; x_wconf 95' lang='lat' dir='ltr'>lo-</span> 
     </span>
     <span class='ocr_line' id='line_1_6' title="bbox 410 667 2039 719; baseline -0.002 -13"><span class='ocrx_word' id='word_1_42' title='bbox 410 672 536 706; x_wconf 92' lang='lat' dir='ltr'>cutus</span> <span class='ocrx_word' id='word_1_43' title='bbox 558 667 660 718; x_wconf 86' lang='lat' dir='ltr'>quid</span> <span class='ocrx_word' id='word_1_44' title='bbox 681 669 732 706; x_wconf 90' lang='lat' dir='ltr'>iis</span> <span class='ocrx_word' id='word_1_45' title='bbox 754 672 904 706; x_wconf 87' lang='lat' dir='ltr'>nostra</span> <span class='ocrx_word' id='word_1_46' title='bbox 933 668 1148 707; x_wconf 87' lang='lat' dir='ltr'>institutio</span> <span class='ocrx_word' id='word_1_47' title='bbox 1179 670 1390 719; x_wconf 85' lang='lat' dir='ltr'>placeret,</span> <span class='ocrx_word' id='word_1_48' title='bbox 1415 668 1751 718; x_wconf 86' lang='lat' dir='ltr'>responderunt:</span> <span class='ocrx_word' id='word_1_49' title='bbox 1776 669 1898 704; x_wconf 91' lang='lat' dir='ltr'>recte</span> <span class='ocrx_word' id='word_1_50' title='bbox 1919 678 2039 715; x_wconf 91' lang='lat' dir='ltr'>pror-</span> 
     </span>
     <span class='ocr_line' id='line_1_7' title="bbox 409 737 2038 792; baseline -0.002 -15"><span class='ocrx_word' id='word_1_51' title='bbox 409 753 496 786; x_wconf 91' lang='lat' dir='ltr'>sus,</span> <span class='ocrx_word' id='word_1_52' title='bbox 521 744 656 790; x_wconf 88' lang='lat' dir='ltr'>vtque</span> <span class='ocrx_word' id='word_1_53' title='bbox 677 740 719 777; x_wconf 92' lang='lat' dir='ltr'>in</span> <span class='ocrx_word' id='word_1_54' title='bbox 742 745 902 790; x_wconf 89' lang='lat' dir='ltr'>coepto</span> <span class='ocrx_word' id='word_1_55' title='bbox 936 739 1081 778; x_wconf 83' lang='lat' dir='ltr'>officio</span> <span class='ocrx_word' id='word_1_56' title='bbox 1105 740 1340 792; x_wconf 77' lang='lat' dir='ltr'>diligentes</span> <span class='ocrx_word' id='word_1_57' title='bbox 1370 751 1674 791; x_wconf 78' lang='lat' dir='ltr'>pergeremus3</span> <span class='ocrx_word' id='word_1_58' title='bbox 1703 739 1789 776; x_wconf 92' lang='lat' dir='ltr'>hoc</span> <span class='ocrx_word' id='word_1_59' title='bbox 1810 750 1941 775; x_wconf 88' lang='lat' dir='ltr'>vnum</span> <span class='ocrx_word' id='word_1_60' title='bbox 1965 737 2038 774; x_wconf 91' lang='lat' dir='ltr'>ob-</span> 
     </span>
     <span class='ocr_line' id='line_1_8' title="bbox 410 808 2039 863; baseline -0.002 -14"><span class='ocrx_word' id='word_1_61' title='bbox 410 816 638 849; x_wconf 89' lang='lat' dir='ltr'>seruantes</span> <span class='ocrx_word' id='word_1_62' title='bbox 678 817 739 859; x_wconf 85' lang='lat' dir='ltr'>vt,</span> <span class='ocrx_word' id='word_1_63' title='bbox 781 810 925 861; x_wconf 88' lang='lat' dir='ltr'>quoad</span> <span class='ocrx_word' id='word_1_64' title='bbox 967 811 1059 850; x_wconf 89' lang='lat' dir='ltr'>eius</span> <span class='ocrx_word' id='word_1_65' title='bbox 1099 812 1194 850; x_wconf 87' lang='lat' dir='ltr'>fieri</span> <span class='ocrx_word' id='word_1_66' title='bbox 1233 813 1389 863; x_wconf 85' lang='lat' dir='ltr'>possit,</span> <span class='ocrx_word' id='word_1_67' title='bbox 1433 811 1525 849; x_wconf 87' lang='lat' dir='ltr'>aliis</span> <span class='ocrx_word' id='word_1_68' title='bbox 1564 808 1801 861; x_wconf 80' lang='lat' dir='ltr'>gymnasiis</span> <span class='ocrx_word' id='word_1_69' title='bbox 1842 821 2039 846; x_wconf 80' lang='lat' dir='ltr'>essemus</span> 
     </span>
     <span class='ocr_line' id='line_1_9' title="bbox 410 880 2039 932; baseline -0.002 -11"><span class='ocrx_word' id='word_1_70' title='bbox 410 882 674 921; x_wconf 84' lang='lat' dir='ltr'>conformes.</span> <span class='ocrx_word' id='word_1_71' title='bbox 701 883 832 932; x_wconf 77' lang='lat' dir='ltr'>Quod</span> <span class='ocrx_word' id='word_1_72' title='bbox 855 883 984 921; x_wconf 89' lang='lat' dir='ltr'>etiam</span> <span class='ocrx_word' id='word_1_73' title='bbox 1006 884 1218 922; x_wconf 88' lang='lat' dir='ltr'>hactenus</span> <span class='ocrx_word' id='word_1_74' title='bbox 1241 883 1394 921; x_wconf 91' lang='lat' dir='ltr'>sedulo</span> <span class='ocrx_word' id='word_1_75' title='bbox 1417 895 1442 920; x_wconf 90' lang='lat' dir='ltr'>a</span> <span class='ocrx_word' id='word_1_76' title='bbox 1467 883 1594 921; x_wconf 89' lang='lat' dir='ltr'>nobis</span> <span class='ocrx_word' id='word_1_77' title='bbox 1628 887 1825 920; x_wconf 91' lang='lat' dir='ltr'>curatum</span> <span class='ocrx_word' id='word_1_78' title='bbox 1848 885 1929 918; x_wconf 91' lang='lat' dir='ltr'>est.</span> <span class='ocrx_word' id='word_1_79' title='bbox 1963 880 2039 917; x_wconf 89' lang='lat' dir='ltr'>Fa-</span> 
     </span>
     <span class='ocr_line' id='line_1_10' title="bbox 409 953 2040 1005; baseline -0.002 -13"><span class='ocrx_word' id='word_1_80' title='bbox 409 955 472 992; x_wconf 82' lang='lat' dir='ltr'>xit</span> <span class='ocrx_word' id='word_1_81' title='bbox 495 955 771 1005; x_wconf 90' lang='lat' dir='ltr'>omnipotens</span> <span class='ocrx_word' id='word_1_82' title='bbox 795 955 1019 1002; x_wconf 82' lang='lat' dir='ltr'>Dominus,</span> <span class='ocrx_word' id='word_1_83' title='bbox 1046 961 1092 993; x_wconf 81' lang='lat' dir='ltr'>vt</span> <span class='ocrx_word' id='word_1_84' title='bbox 1113 955 1256 994; x_wconf 86' lang='lat' dir='ltr'>fructu</span> <span class='ocrx_word' id='word_1_85' title='bbox 1278 956 1350 1005; x_wconf 86' lang='lat' dir='ltr'>qui</span> <span class='ocrx_word' id='word_1_86' title='bbox 1380 955 1508 993; x_wconf 91' lang='lat' dir='ltr'>istinc</span> <span class='ocrx_word' id='word_1_87' title='bbox 1528 967 1655 1005; x_wconf 84' lang='lat' dir='ltr'>quam</span> <span class='ocrx_word' id='word_1_88' title='bbox 1678 953 1922 991; x_wconf 87' lang='lat' dir='ltr'>vberrimus</span> <span class='ocrx_word' id='word_1_89' title='bbox 1942 965 2040 1002; x_wconf 89' lang='lat' dir='ltr'>pro-</span> 
     </span>
     <span class='ocr_line' id='line_1_11' title="bbox 409 1024 2040 1077; baseline -0.002 -13"><span class='ocrx_word' id='word_1_90' title='bbox 409 1032 568 1073; x_wconf 80' lang='lat' dir='ltr'>manat,</span> <span class='ocrx_word' id='word_1_91' title='bbox 594 1031 637 1064; x_wconf 90' lang='lat' dir='ltr'>et</span> <span class='ocrx_word' id='word_1_92' title='bbox 660 1027 819 1064; x_wconf 89' lang='lat' dir='ltr'>ciuium</span> <span class='ocrx_word' id='word_1_93' title='bbox 843 1032 886 1064; x_wconf 89' lang='lat' dir='ltr'>et</span> <span class='ocrx_word' id='word_1_94' title='bbox 908 1027 1157 1077; x_wconf 84' lang='lat' dir='ltr'>praesulum</span> <span class='ocrx_word' id='word_1_95' title='bbox 1180 1026 1309 1064; x_wconf 91' lang='lat' dir='ltr'>animi</span> <span class='ocrx_word' id='word_1_96' title='bbox 1331 1026 1561 1077; x_wconf 86' lang='lat' dir='ltr'>aliquando</span> <span class='ocrx_word' id='word_1_97' title='bbox 1586 1030 1845 1064; x_wconf 88' lang='lat' dir='ltr'>moueantur</span> <span class='ocrx_word' id='word_1_98' title='bbox 1867 1024 1920 1062; x_wconf 90' lang='lat' dir='ltr'>ad</span> <span class='ocrx_word' id='word_1_99' title='bbox 1955 1024 2040 1061; x_wconf 84' lang='lat' dir='ltr'>for-</span> 
     </span>
     <span class='ocr_line' id='line_1_12' title="bbox 407 1096 1437 1136; baseline 0.001 -3"><span class='ocrx_word' id='word_1_100' title='bbox 407 1097 510 1135; x_wconf 89' lang='lat' dir='ltr'>titer</span> <span class='ocrx_word' id='word_1_101' title='bbox 532 1098 754 1135; x_wconf 86' lang='lat' dir='ltr'>hereseon</span> <span class='ocrx_word' id='word_1_102' title='bbox 775 1096 1034 1136; x_wconf 88' lang='lat' dir='ltr'>doctoribus</span> <span class='ocrx_word' id='word_1_103' title='bbox 1057 1110 1103 1135; x_wconf 92' lang='lat' dir='ltr'>se</span> <span class='ocrx_word' id='word_1_104' title='bbox 1128 1096 1437 1135; x_wconf 85' lang='lat' dir='ltr'>obiiciendum.</span> 
     </span>
    </p>

    <p class='ocr_par' dir='ltr' id='par_1_3' title="bbox 408 1166 2045 2284">
     <span class='ocr_line' id='line_1_13' title="bbox 472 1166 2039 1218; baseline -0.003 -11"><span class='ocrx_word' id='word_1_105' title='bbox 472 1180 531 1207; x_wconf 90' lang='lat' dir='ltr'><strong>Io.</strong></span> <span class='ocrx_word' id='word_1_106' title='bbox 592 1169 794 1207; x_wconf 83' lang='lat' dir='ltr'>Accessit</span> <span class='ocrx_word' id='word_1_107' title='bbox 816 1169 869 1207; x_wconf 86' lang='lat' dir='ltr'>ad</span> <span class='ocrx_word' id='word_1_108' title='bbox 891 1182 971 1207; x_wconf 86' lang='lat' dir='ltr'>nos</span> <span class='ocrx_word' id='word_1_109' title='bbox 994 1180 1044 1218; x_wconf 82' lang='lat'>29</span> <span class='ocrx_word' id='word_1_110' title='bbox 1075 1167 1281 1207; x_wconf 83' lang='lat' dir='ltr'>Octobris</span> <span class='ocrx_word' id='word_1_111' title='bbox 1313 1169 1360 1207; x_wconf 92' lang='lat' dir='ltr'>R.</span> <span class='ocrx_word' id='word_1_112' title='bbox 1394 1170 1464 1207; x_wconf 82' lang='lat' dir='ltr'>Pr.</span> <span class='ocrx_word' id='word_1_113' title='bbox 1498 1167 1749 1206; x_wconf 89' lang='lat' dir='ltr'>Euerardus</span> <span class='ocrx_word' id='word_1_114' title='bbox 1777 1172 1789 1191; x_wconf 72' lang='lat'><strong>2</strong></span> <span class='ocrx_word' id='word_1_115' title='bbox 1820 1179 1875 1204; x_wconf 83' lang='lat' dir='ltr'>ex</span> <span class='ocrx_word' id='word_1_116' title='bbox 1904 1166 2039 1213; x_wconf 88' lang='lat' dir='ltr'>Vrbe,</span> 
     </span>
     <span class='ocr_line' id='line_1_14' title="bbox 413 1237 2041 1291; baseline -0.002 -13"><span class='ocrx_word' id='word_1_117' title='bbox 413 1253 509 1278; x_wconf 93' lang='lat' dir='ltr'>cum</span> <span class='ocrx_word' id='word_1_118' title='bbox 533 1241 580 1278; x_wconf 89' lang='lat' dir='ltr'>R.</span> <span class='ocrx_word' id='word_1_119' title='bbox 606 1241 653 1278; x_wconf 89' lang='lat' dir='ltr'>P.</span> <span class='ocrx_word' id='word_1_120' title='bbox 673 1242 841 1291; x_wconf 91' lang='lat' dir='ltr'>Joanne</span> <span class='ocrx_word' id='word_1_121' title='bbox 866 1241 1093 1290; x_wconf 88' lang='lat' dir='ltr'>Mortayne</span> <span class='ocrx_word' id='word_1_122' title='bbox 1118 1245 1161 1278; x_wconf 91' lang='lat' dir='ltr'>et</span> <span class='ocrx_word' id='word_1_123' title='bbox 1188 1240 1272 1278; x_wconf 86' lang='lat' dir='ltr'>alio</span> <span class='ocrx_word' id='word_1_124' title='bbox 1296 1239 1485 1290; x_wconf 86' lang='lat' dir='ltr'>quodam</span> <span class='ocrx_word' id='word_1_125' title='bbox 1506 1240 1655 1286; x_wconf 84' lang='lat' dir='ltr'>fratre,</span> <span class='ocrx_word' id='word_1_126' title='bbox 1679 1251 1790 1289; x_wconf 88' lang='lat' dir='ltr'>quos</span> <span class='ocrx_word' id='word_1_127' title='bbox 1814 1251 1867 1276; x_wconf 91' lang='lat' dir='ltr'>eo</span> <span class='ocrx_word' id='word_1_128' title='bbox 1890 1237 2041 1275; x_wconf 90' lang='lat' dir='ltr'>laetio-</span> 
     </span>
     <span class='ocr_line' id='line_1_15' title="bbox 410 1310 2042 1361; baseline -0.001 -13"><span class='ocrx_word' id='word_1_129' title='bbox 410 1324 481 1349; x_wconf 90' lang='lat' dir='ltr'>res</span> <span class='ocrx_word' id='word_1_130' title='bbox 511 1311 797 1361; x_wconf 82' lang='lat' dir='ltr'>suscepimus,</span> <span class='ocrx_word' id='word_1_131' title='bbox 822 1311 940 1361; x_wconf 87' lang='lat' dir='ltr'>quod</span> <span class='ocrx_word' id='word_1_132' title='bbox 972 1325 1069 1350; x_wconf 88' lang='lat' dir='ltr'>cum</span> <span class='ocrx_word' id='word_1_133' title='bbox 1101 1325 1155 1350; x_wconf 82' lang='lat' dir='ltr'>ex</span> <span class='ocrx_word' id='word_1_134' title='bbox 1177 1311 1293 1350; x_wconf 88' lang='lat' dir='ltr'>Vrbe</span> <span class='ocrx_word' id='word_1_135' title='bbox 1317 1312 1452 1349; x_wconf 86' lang='lat' dir='ltr'>multa</span> <span class='ocrx_word' id='word_1_136' title='bbox 1472 1324 1587 1349; x_wconf 87' lang='lat' dir='ltr'>noua</span> <span class='ocrx_word' id='word_1_137' title='bbox 1617 1311 1659 1348; x_wconf 90' lang='lat' dir='ltr'>in</span> <span class='ocrx_word' id='word_1_138' title='bbox 1681 1310 1918 1348; x_wconf 88' lang='lat' dir='ltr'>Societatis</span> <span class='ocrx_word' id='word_1_139' title='bbox 1940 1321 2042 1347; x_wconf 90' lang='lat' dir='ltr'>con-</span> 
     </span>
     <span class='ocr_line' id='line_1_16' title="bbox 410 1380 2043 1434; baseline -0.001 -15"><span class='ocrx_word' id='word_1_140' title='bbox 410 1382 671 1434; x_wconf 79' lang='lat' dir='ltr'>gregatione</span> <span class='ocrx_word' id='word_1_141' title='bbox 702 1386 882 1432; x_wconf 89' lang='lat' dir='ltr'>peracta</span> <span class='ocrx_word' id='word_1_142' title='bbox 903 1394 1052 1421; x_wconf 92' lang='lat' dir='ltr'>secum</span> <span class='ocrx_word' id='word_1_143' title='bbox 1075 1382 1311 1429; x_wconf 78' lang='lat' dir='ltr'>adferrent,</span> <span class='ocrx_word' id='word_1_144' title='bbox 1335 1386 1427 1420; x_wconf 89' lang='lat' dir='ltr'>tum</span> <span class='ocrx_word' id='word_1_145' title='bbox 1459 1382 1589 1419; x_wconf 90' lang='lat' dir='ltr'>etiam</span> <span class='ocrx_word' id='word_1_146' title='bbox 1619 1381 1838 1419; x_wconf 84' lang='lat' dir='ltr'>inferioris</span> <span class='ocrx_word' id='word_1_147' title='bbox 1860 1380 2043 1418; x_wconf 85' lang='lat' dir='ltr'>Germa-</span> 
     </span>
     <span class='ocr_line' id='line_1_17' title="bbox 408 1451 2043 1504; baseline -0.001 -13"><span class='ocrx_word' id='word_1_148' title='bbox 408 1454 506 1491; x_wconf 87' lang='lat' dir='ltr'>niae</span> <span class='ocrx_word' id='word_1_149' title='bbox 528 1453 842 1503; x_wconf 87' lang='lat' dir='ltr'>prouincialem</span> <span class='ocrx_word' id='word_1_150' title='bbox 863 1453 988 1491; x_wconf 88' lang='lat' dir='ltr'>nobis</span> <span class='ocrx_word' id='word_1_151' title='bbox 1011 1452 1297 1500; x_wconf 85' lang='lat' dir='ltr'>adducerent,</span> <span class='ocrx_word' id='word_1_152' title='bbox 1322 1466 1407 1504; x_wconf 88' lang='lat' dir='ltr'>quo</span> <span class='ocrx_word' id='word_1_153' title='bbox 1437 1453 1652 1491; x_wconf 86' lang='lat' dir='ltr'>caruimus</span> <span class='ocrx_word' id='word_1_154' title='bbox 1683 1453 1911 1490; x_wconf 89' lang='lat' dir='ltr'>hactenus.</span> <span class='ocrx_word' id='word_1_155' title='bbox 1934 1451 2043 1500; x_wconf 72' lang='lat' dir='ltr'>Ape-</span> 
     </span>
     <span class='ocr_line' id='line_1_18' title="bbox 410 1519 2045 1575; baseline -0.002 -13"><span class='ocrx_word' id='word_1_156' title='bbox 410 1523 591 1563; x_wconf 69' lang='lat' dir='ltr'>ruimns</span> <span class='ocrx_word' id='word_1_157' title='bbox 615 1524 664 1562; x_wconf 79' lang='lat' dir='ltr'>R.</span> <span class='ocrx_word' id='word_1_158' title='bbox 686 1524 783 1562; x_wconf 62' lang='lat' dir='ltr'><strong>Pri.</strong></span> <span class='ocrx_word' id='word_1_159' title='bbox 798 1524 1087 1575; x_wconf 71' lang='lat' dir='ltr'>prouinciali</span> <span class='ocrx_word' id='word_1_160' title='bbox 1103 1524 1258 1563; x_wconf 75' lang='lat' dir='ltr'>omnia</span> <span class='ocrx_word' id='word_1_161' title='bbox 1277 1523 1464 1575; x_wconf 76' lang='lat' dir='ltr'>collegii</span> <span class='ocrx_word' id='word_1_162' title='bbox 1478 1523 1687 1575; x_wconf 75' lang='lat' dir='ltr'>negocia,</span> <span class='ocrx_word' id='word_1_163' title='bbox 1709 1535 1821 1573; x_wconf 77' lang='lat' dir='ltr'>quae</span> <span class='ocrx_word' id='word_1_164' title='bbox 1842 1521 1896 1570; x_wconf 74' lang='lat' dir='ltr'>ei,</span> <span class='ocrx_word' id='word_1_165' title='bbox 1916 1523 1961 1559; x_wconf 73' lang='lat' dir='ltr'>vt</span> <span class='ocrx_word' id='word_1_166' title='bbox 1978 1519 2045 1559; x_wconf 76' lang='lat' dir='ltr'>di-</span> 
     </span>
     <span class='ocr_line' id='line_1_19' title="bbox 411 1591 2045 1646; baseline -0.002 -12"><span class='ocrx_word' id='word_1_167' title='bbox 411 1596 549 1643; x_wconf 79' lang='lat' dir='ltr'>cebat,</span> <span class='ocrx_word' id='word_1_168' title='bbox 575 1595 738 1646; x_wconf 73' lang='lat' dir='ltr'>optime</span> <span class='ocrx_word' id='word_1_169' title='bbox 749 1595 1003 1646; x_wconf 74' lang='lat' dir='ltr'>placebant.</span> <span class='ocrx_word' id='word_1_170' title='bbox 1026 1596 1319 1634; x_wconf 69' lang='lat' dir='ltr'>Recessermzt</span> <span class='ocrx_word' id='word_1_171' title='bbox 1351 1596 1503 1634; x_wconf 70' lang='lat' dir='ltr'>antem</span> <span class='ocrx_word' id='word_1_172' title='bbox 1526 1595 1552 1633; x_wconf 93' lang='lat'><strong>6</strong></span> <span class='ocrx_word' id='word_1_173' title='bbox 1569 1594 1637 1634; x_wconf 79' lang='lat' dir='ltr'>die</span> <span class='ocrx_word' id='word_1_174' title='bbox 1658 1591 1933 1633; x_wconf 75' lang='lat' dir='ltr'>Nouembris</span> <span class='ocrx_word' id='word_1_175' title='bbox 1948 1592 2045 1643; x_wconf 75' lang='lat' dir='ltr'>pri-</span> 
     </span>
     <span class='ocr_line' id='line_1_20' title="bbox 412 1662 2043 1714; baseline -0.002 -9"><span class='ocrx_word' id='word_1_176' title='bbox 412 1680 536 1705; x_wconf 74' lang='lat' dir='ltr'>mum</span> <span class='ocrx_word' id='word_1_177' title='bbox 558 1665 834 1714; x_wconf 67' lang='lat' dir='ltr'>Lomuimn,</span> <span class='ocrx_word' id='word_1_178' title='bbox 855 1666 1010 1705; x_wconf 74' lang='lat' dir='ltr'>deinde</span> <span class='ocrx_word' id='word_1_179' title='bbox 1036 1666 1307 1705; x_wconf 71' lang='lat' dir='ltr'>Tornacum.</span> <span class='ocrx_word' id='word_1_180' title='bbox 1328 1665 1460 1704; x_wconf 72' lang='lat' dir='ltr'>Nihil</span> <span class='ocrx_word' id='word_1_181' title='bbox 1482 1665 1611 1704; x_wconf 64' lang='lat' dir='ltr'>cuins</span> <span class='ocrx_word' id='word_1_182' title='bbox 1628 1666 1680 1703; x_wconf 81' lang='lat' dir='ltr'>R.</span> <span class='ocrx_word' id='word_1_183' title='bbox 1701 1665 1750 1702; x_wconf 91' lang='lat' dir='ltr'>P.</span> <span class='ocrx_word' id='word_1_184' title='bbox 1781 1664 1823 1702; x_wconf 84' lang='lat' dir='ltr'>V.</span> <span class='ocrx_word' id='word_1_185' title='bbox 1845 1662 2043 1713; x_wconf 69' lang='lat' dir='ltr'>amplius</span> 
     </span>
     <span class='ocr_line' id='line_1_21' title="bbox 410 1736 2042 1788; baseline -0.002 -12"><span class='ocrx_word' id='word_1_186' title='bbox 410 1737 650 1777; x_wconf 75' lang='lat' dir='ltr'>certiorem</span> <span class='ocrx_word' id='word_1_187' title='bbox 676 1737 876 1788; x_wconf 66' lang='lat' dir='ltr'>jaciam,</span> <span class='ocrx_word' id='word_1_188' title='bbox 901 1736 1118 1775; x_wconf 58' lang='lat' dir='ltr'>occurrit.</span> <span class='ocrx_word' id='word_1_189' title='bbox 1143 1736 1513 1775; x_wconf 87' lang='lat' dir='ltr'>Commendamus</span> <span class='ocrx_word' id='word_1_190' title='bbox 1542 1750 1623 1774; x_wconf 90' lang='lat' dir='ltr'>nos</span> <span class='ocrx_word' id='word_1_191' title='bbox 1645 1736 1836 1774; x_wconf 87' lang='lat' dir='ltr'>omnium</span> <span class='ocrx_word' id='word_1_192' title='bbox 1868 1736 2042 1772; x_wconf 89' lang='lat' dir='ltr'>Patrum</span> 
     </span>
     <span class='ocr_line' id='line_1_22' title="bbox 409 1805 2042 1859; baseline -0.002 -13"><span class='ocrx_word' id='word_1_193' title='bbox 409 1822 687 1848; x_wconf 89' lang='lat' dir='ltr'>romanorum</span> <span class='ocrx_word' id='word_1_194' title='bbox 710 1808 934 1846; x_wconf 83' lang='lat' dir='ltr'>sacrificiis</span> <span class='ocrx_word' id='word_1_195' title='bbox 955 1808 1223 1859; x_wconf 80' lang='lat' dir='ltr'>fratrumque</span> <span class='ocrx_word' id='word_1_196' title='bbox 1240 1809 1459 1859; x_wconf 89' lang='lat' dir='ltr'>precibus,</span> <span class='ocrx_word' id='word_1_197' title='bbox 1492 1808 1648 1857; x_wconf 87' lang='lat' dir='ltr'>quibus</span> <span class='ocrx_word' id='word_1_198' title='bbox 1681 1807 1880 1846; x_wconf 89' lang='lat' dir='ltr'>omnibus</span> <span class='ocrx_word' id='word_1_199' title='bbox 1914 1805 2042 1856; x_wconf 90' lang='lat' dir='ltr'>pluri-</span> 
     </span>
     <span class='ocr_line' id='line_1_23' title="bbox 409 1877 2042 1931; baseline -0.002 -13"><span class='ocrx_word' id='word_1_200' title='bbox 409 1893 521 1918; x_wconf 88' lang='lat' dir='ltr'>mam</span> <span class='ocrx_word' id='word_1_201' title='bbox 555 1881 740 1918; x_wconf 91' lang='lat' dir='ltr'>salutem</span> <span class='ocrx_word' id='word_1_202' title='bbox 774 1885 1035 1931; x_wconf 88' lang='lat' dir='ltr'>praecantur</span> <span class='ocrx_word' id='word_1_203' title='bbox 1072 1881 1119 1918; x_wconf 97' lang='lat' dir='ltr'>R.</span> <span class='ocrx_word' id='word_1_204' title='bbox 1154 1881 1200 1917; x_wconf 83' lang='lat' dir='ltr'>P.</span> <span class='ocrx_word' id='word_1_205' title='bbox 1240 1879 1510 1927; x_wconf 88' lang='lat' dir='ltr'>Leonardus,</span> <span class='ocrx_word' id='word_1_206' title='bbox 1550 1880 1603 1917; x_wconf 91' lang='lat' dir='ltr'>M.</span> <span class='ocrx_word' id='word_1_207' title='bbox 1632 1880 1823 1929; x_wconf 90' lang='lat' dir='ltr'>Joannes</span> <span class='ocrx_word' id='word_1_208' title='bbox 1859 1877 2042 1916; x_wconf 90' lang='lat' dir='ltr'>Redtius</span> 
     </span>
     <span class='ocr_line' id='line_1_24' title="bbox 409 1935 2041 2002; baseline -0.002 -13"><span class='ocrx_word' id='word_1_209' title='bbox 409 1964 584 2002; x_wconf 83' lang='lat' dir='ltr'>regens,</span> <span class='ocrx_word' id='word_1_210' title='bbox 618 1951 673 1989; x_wconf 88' lang='lat' dir='ltr'>M.</span> <span class='ocrx_word' id='word_1_211' title='bbox 707 1951 925 1989; x_wconf 90' lang='lat' dir='ltr'>Henricus</span> <span class='ocrx_word' id='word_1_212' title='bbox 956 1935 1208 2000; x_wconf 82' lang='lat' dir='ltr'>Dionysius,</span> <span class='ocrx_word' id='word_1_213' title='bbox 1242 1951 1297 1988; x_wconf 91' lang='lat' dir='ltr'>M.</span> <span class='ocrx_word' id='word_1_214' title='bbox 1333 1949 1586 1997; x_wconf 85' lang='lat' dir='ltr'>Balduinus,</span> <span class='ocrx_word' id='word_1_215' title='bbox 1620 1950 1675 1989; x_wconf 93' lang='lat' dir='ltr'>M.</span> <span class='ocrx_word' id='word_1_216' title='bbox 1710 1949 1908 1987; x_wconf 87' lang='lat' dir='ltr'>Andreas</span> <span class='ocrx_word' id='word_1_217' title='bbox 1944 1962 2041 1987; x_wconf 87' lang='lat' dir='ltr'>cum</span> 
     </span>
     <span class='ocr_line' id='line_1_25' title="bbox 409 2019 2042 2072; baseline -0.001 -13"><span class='ocrx_word' id='word_1_218' title='bbox 409 2020 586 2071; x_wconf 88' lang='lat' dir='ltr'>reliquis</span> <span class='ocrx_word' id='word_1_219' title='bbox 607 2021 812 2059; x_wconf 87' lang='lat' dir='ltr'>fratribus</span> <span class='ocrx_word' id='word_1_220' title='bbox 834 2019 1103 2059; x_wconf 85' lang='lat' dir='ltr'>domesticiS.</span> <span class='ocrx_word' id='word_1_221' title='bbox 1128 2021 1337 2072; x_wconf 88' lang='lat' dir='ltr'>Cupimus</span> <span class='ocrx_word' id='word_1_222' title='bbox 1359 2033 1550 2072; x_wconf 88' lang='lat' dir='ltr'>quoque,</span> <span class='ocrx_word' id='word_1_223' title='bbox 1576 2020 1611 2059; x_wconf 90' lang='lat' dir='ltr'>si</span> <span class='ocrx_word' id='word_1_224' title='bbox 1644 2021 1805 2072; x_wconf 89' lang='lat' dir='ltr'>placet,</span> <span class='ocrx_word' id='word_1_225' title='bbox 1829 2021 2042 2057; x_wconf 85' lang='lat' dir='ltr'>salutatos</span> 
     </span>
     <span class='ocr_line' id='line_1_26' title="bbox 410 2091 2043 2143; baseline -0.002 -13"><span class='ocrx_word' id='word_1_226' title='bbox 410 2091 642 2130; x_wconf 87' lang='lat' dir='ltr'>doctorem</span> <span class='ocrx_word' id='word_1_227' title='bbox 664 2092 942 2143; x_wconf 87' lang='lat' dir='ltr'>Gropperum</span> <span class='ocrx_word' id='word_1_228' title='bbox 973 2096 1205 2142; x_wconf 89' lang='lat' dir='ltr'>vtrumque</span> <span class='ocrx_word' id='word_1_229' title='bbox 1227 2091 1255 2140; x_wconf 81' lang='lat'>⁸,</span> <span class='ocrx_word' id='word_1_230' title='bbox 1281 2097 1324 2130; x_wconf 88' lang='lat' dir='ltr'>et</span> <span class='ocrx_word' id='word_1_231' title='bbox 1351 2093 1403 2131; x_wconf 92' lang='lat' dir='ltr'>D.</span> <span class='ocrx_word' id='word_1_232' title='bbox 1436 2092 1650 2131; x_wconf 89' lang='lat' dir='ltr'>Zonnium</span> <span class='ocrx_word' id='word_1_233' title='bbox 1680 2096 1708 2130; x_wconf 81' lang='lat'>⁴.</span> <span class='ocrx_word' id='word_1_234' title='bbox 1733 2091 1867 2129; x_wconf 88' lang='lat' dir='ltr'>Hisce</span> <span class='ocrx_word' id='word_1_235' title='bbox 1897 2092 2043 2129; x_wconf 87' lang='lat' dir='ltr'>valeat</span> 
     </span>
     <span class='ocr_line' id='line_1_27' title="bbox 414 2162 2044 2215; baseline -0.001 -14"><span class='ocrx_word' id='word_1_236' title='bbox 414 2165 459 2202; x_wconf 90' lang='lat' dir='ltr'>R.</span> <span class='ocrx_word' id='word_1_237' title='bbox 485 2166 558 2202; x_wconf 85' lang='lat' dir='ltr'>Pa.</span> <span class='ocrx_word' id='word_1_238' title='bbox 584 2165 634 2202; x_wconf 92' lang='lat' dir='ltr'>V.</span> <span class='ocrx_word' id='word_1_239' title='bbox 661 2164 872 2204; x_wconf 87' lang='lat' dir='ltr'>Coloniae</span> <span class='ocrx_word' id='word_1_240' title='bbox 903 2164 945 2201; x_wconf 92' lang='lat' dir='ltr'>in</span> <span class='ocrx_word' id='word_1_241' title='bbox 967 2163 1193 2214; x_wconf 82' lang='lat' dir='ltr'>gymnasio</span> <span class='ocrx_word' id='word_1_242' title='bbox 1227 2176 1344 2202; x_wconf 93' lang='lat' dir='ltr'>nouo</span> <span class='ocrx_word' id='word_1_243' title='bbox 1374 2165 1660 2211; x_wconf 88' lang='lat' dir='ltr'>Coronarum,</span> <span class='ocrx_word' id='word_1_244' title='bbox 1684 2163 1914 2215; x_wconf 87' lang='lat' dir='ltr'>6Januarii</span> <span class='ocrx_word' id='word_1_245' title='bbox 1945 2162 2044 2200; x_wconf 86' lang='lat' dir='ltr'>anni</span> 
     </span>
     <span class='ocr_line' id='line_1_28' title="bbox 417 2233 1355 2284; baseline 0 -11"><span class='ocrx_word' id='word_1_246' title='bbox 417 2244 531 2284; x_wconf 82' lang='lat'><strong>1559.</strong></span> <span class='ocrx_word' id='word_1_247' title='bbox 557 2235 621 2273; x_wconf 85' lang='lat' dir='ltr'>Ex</span> <span class='ocrx_word' id='word_1_248' title='bbox 644 2233 954 2274; x_wconf 89' lang='lat' dir='ltr'>commissione</span> <span class='ocrx_word' id='word_1_249' title='bbox 977 2236 1024 2273; x_wconf 92' lang='lat' dir='ltr'>R.</span> <span class='ocrx_word' id='word_1_250' title='bbox 1050 2236 1096 2273; x_wconf 84' lang='lat' dir='ltr'>P.</span> <span class='ocrx_word' id='word_1_251' title='bbox 1122 2234 1355 2273; x_wconf 87' lang='lat' dir='ltr'>Leonardi.</span> 
     </span>
    </p>

    <p class='ocr_par' dir='ltr' id='par_1_4' title="bbox 492 2306 1098 2358">
     <span class='ocr_line' id='line_1_29' title="bbox 492 2306 1098 2358; baseline 0 -14"><span class='ocrx_word' id='word_1_252' title='bbox 492 2307 539 2344; x_wconf 92' lang='lat' dir='ltr'>R.</span> <span class='ocrx_word' id='word_1_253' title='bbox 567 2308 614 2345; x_wconf 89' lang='grc' dir='ltr'>Ρ.</span> <span class='ocrx_word' id='word_1_254' title='bbox 639 2308 692 2346; x_wconf 93' lang='lat' dir='ltr'><strong>V.</strong></span> <span class='ocrx_word' id='word_1_255' title='bbox 716 2306 920 2358; x_wconf 85' lang='lat' dir='ltr'>indignus</span> <span class='ocrx_word' id='word_1_256' title='bbox 943 2318 1098 2344; x_wconf 89' lang='lat' dir='ltr'>seruus</span> 
     </span>
    </p>
   </div>
   <div class='ocr_carea' id='block_1_3' title="bbox 985 2424 1906 2465">
    <p class='ocr_par' dir='ltr' id='par_1_5' title="bbox 985 2424 1906 2465">
     <span class='ocr_line' id='line_1_30' title="bbox 985 2424 1906 2465; baseline 0.001 -3"><span class='ocrx_word' id='word_1_257' title='bbox 985 2424 1244 2463; x_wconf 84' lang='lat' dir='ltr'>FRANCISCUS</span> <span class='ocrx_word' id='word_1_258' title='bbox 1275 2425 1496 2465; x_wconf 81' lang='lat' dir='ltr'>COSTERUS</span> <span class='ocrx_word' id='word_1_259' title='bbox 1526 2424 1849 2464; x_wconf 89' lang='lat' dir='ltr'>mechliniensis</span> <span class='ocrx_word' id='word_1_260' title='bbox 1879 2428 1906 2463; x_wconf 80' lang='lat'>⁵.</span> 
     </span>
    </p>
   </div>
   <div class='ocr_carea' id='block_1_4' title="bbox 411 2588 2045 2935">
    <p class='ocr_par' dir='ltr' id='par_1_6' title="bbox 460 2588 1608 2640">
     <span class='ocr_line' id='line_1_31' title="bbox 460 2588 1608 2640; baseline -0.002 -10"><span class='ocrx_word' id='word_1_261' title='bbox 460 2596 469 2614; x_wconf 89' lang='lat'>¹</span> <span class='ocrx_word' id='word_1_262' title='bbox 520 2593 734 2640; x_wconf 86' lang='lat' dir='ltr'>Philippus</span> <span class='ocrx_word' id='word_1_263' title='bbox 755 2590 988 2639; x_wconf 86' lang='lat' dir='ltr'>Mylander.</span> <span class='ocrx_word' id='word_1_264' title='bbox 1010 2589 1072 2628; x_wconf 80' lang='lat' dir='ltr'><strong>Cf.</strong></span> <span class='ocrx_word' id='word_1_265' title='bbox 1092 2588 1284 2633; x_wconf 80' lang='lat' dir='ltr'>HANSEN,</span> <span class='ocrx_word' id='word_1_266' title='bbox 1306 2591 1333 2628; x_wconf 92' lang='lat'>1.</span> <span class='ocrx_word' id='word_1_267' title='bbox 1354 2603 1403 2633; x_wconf 92' lang='lat' dir='ltr'><strong>c.‚</strong></span> <span class='ocrx_word' id='word_1_268' title='bbox 1423 2590 1506 2635; x_wconf 82' lang='lat'>318,</span> <span class='ocrx_word' id='word_1_269' title='bbox 1525 2591 1608 2628; x_wconf 81' lang='lat'><strong>319.</strong></span> 
     </span>
    </p>

    <p class='ocr_par' dir='ltr' id='par_1_7' title="bbox 459 2649 1931 2697">
     <span class='ocr_line' id='line_1_32' title="bbox 459 2649 1931 2697; baseline -0.001 -9"><span class='ocrx_word' id='word_1_270' title='bbox 459 2653 472 2672; x_wconf 87' lang='lat'>²</span> <span class='ocrx_word' id='word_1_271' title='bbox 526 2653 566 2689; x_wconf 85' lang='grc' dir='ltr'>Ρ.</span> <span class='ocrx_word' id='word_1_272' title='bbox 591 2651 825 2688; x_wconf 87' lang='lat' dir='ltr'>Everardus</span> <span class='ocrx_word' id='word_1_273' title='bbox 845 2649 1144 2691; x_wconf 79' lang='lat' dir='ltr'>Mercurianus‚</span> <span class='ocrx_word' id='word_1_274' title='bbox 1165 2649 1367 2686; x_wconf 87' lang='lat' dir='ltr'>inferioris</span> <span class='ocrx_word' id='word_1_275' title='bbox 1386 2649 1639 2687; x_wconf 87' lang='lat' dir='ltr'>Germaniae</span> <span class='ocrx_word' id='word_1_276' title='bbox 1660 2650 1931 2697; x_wconf 83' lang='lat' dir='ltr'>provincialis.</span> 
     </span>
    </p>

    <p class='ocr_par' dir='ltr' id='par_1_8' title="bbox 412 2709 2043 2809">
     <span class='ocr_line' id='line_1_33' title="bbox 460 2709 2043 2758; baseline -0.001 -10"><span class='ocrx_word' id='word_1_277' title='bbox 460 2713 472 2732; x_wconf 83' lang='lat'>³</span> <span class='ocrx_word' id='word_1_278' title='bbox 517 2711 711 2758; x_wconf 81' lang='lat' dir='ltr'>Joannes,</span> <span class='ocrx_word' id='word_1_279' title='bbox 732 2711 903 2752; x_wconf 75' lang='lat' dir='ltr'>scilicet,</span> <span class='ocrx_word' id='word_1_280' title='bbox 923 2711 972 2746; x_wconf 92' lang='lat' dir='ltr'>de</span> <span class='ocrx_word' id='word_1_281' title='bbox 991 2723 1070 2757; x_wconf 92' lang='lat' dir='ltr'>quo</span> <span class='ocrx_word' id='word_1_282' title='bbox 1085 2709 1247 2756; x_wconf 82' lang='lat' dir='ltr'>saepius</span> <span class='ocrx_word' id='word_1_283' title='bbox 1266 2710 1305 2745; x_wconf 92' lang='lat' dir='ltr'>in</span> <span class='ocrx_word' id='word_1_284' title='bbox 1325 2710 1586 2756; x_wconf 85' lang='lat' dir='ltr'>praecedenti</span> <span class='ocrx_word' id='word_1_285' title='bbox 1611 2711 1830 2754; x_wconf 78' lang='lat' dir='ltr'>volumine,</span> <span class='ocrx_word' id='word_1_286' title='bbox 1858 2711 1927 2757; x_wconf 88' lang='lat' dir='ltr'>qui</span> <span class='ocrx_word' id='word_1_287' title='bbox 1953 2722 2043 2747; x_wconf 90' lang='lat' dir='ltr'>cum</span> 
     </span>
     <span class='ocr_line' id='line_1_34' title="bbox 412 2771 937 2809; baseline -0.004 -1"><span class='ocrx_word' id='word_1_288' title='bbox 412 2771 538 2809; x_wconf 79' lang='lat' dir='ltr'>fratre</span> <span class='ocrx_word' id='word_1_289' title='bbox 558 2772 733 2807; x_wconf 87' lang='lat' dir='ltr'>Romam</span> <span class='ocrx_word' id='word_1_290' title='bbox 755 2775 937 2807; x_wconf 87' lang='lat' dir='ltr'>venerat.</span> 
     </span>
    </p>

    <p class='ocr_par' dir='ltr' id='par_1_9' title="bbox 411 2828 2045 2935">
     <span class='ocr_line' id='line_1_35' title="bbox 458 2828 2045 2876; baseline -0.001 -10"><span class='ocrx_word' id='word_1_291' title='bbox 458 2831 473 2850; x_wconf 77' lang='lat'>⁴</span> <span class='ocrx_word' id='word_1_292' title='bbox 523 2829 557 2866; x_wconf 87' lang='lat' dir='ltr'><strong>F</strong></span> <span class='ocrx_word' id='word_1_293' title='bbox 560 2830 766 2866; x_wconf 87' lang='lat' dir='ltr'>ranciscus</span> <span class='ocrx_word' id='word_1_294' title='bbox 784 2828 975 2874; x_wconf 84' lang='lat' dir='ltr'>Sonnius,</span> <span class='ocrx_word' id='word_1_295' title='bbox 997 2829 1212 2875; x_wconf 87' lang='lat' dir='ltr'>theologus</span> <span class='ocrx_word' id='word_1_296' title='bbox 1230 2829 1493 2874; x_wconf 80' lang='lat' dir='ltr'>lovaniensis,</span> <span class='ocrx_word' id='word_1_297' title='bbox 1514 2833 1603 2876; x_wconf 87' lang='lat' dir='ltr'>post</span> <span class='ocrx_word' id='word_1_298' title='bbox 1622 2829 1833 2876; x_wconf 86' lang='lat' dir='ltr'>episcopus</span> <span class='ocrx_word' id='word_1_299' title='bbox 1851 2828 2045 2867; x_wconf 86' lang='lat' dir='ltr'>buseodu-</span> 
     </span>
     <span class='ocr_line' id='line_1_36' title="bbox 411 2886 2044 2935; baseline -0.001 -9"><span class='ocrx_word' id='word_1_300' title='bbox 411 2889 543 2927; x_wconf 88' lang='lat' dir='ltr'>censis</span> <span class='ocrx_word' id='word_1_301' title='bbox 562 2893 602 2926; x_wconf 88' lang='lat' dir='ltr'>et</span> <span class='ocrx_word' id='word_1_302' title='bbox 628 2888 942 2935; x_wconf 78' lang='lat' dir='ltr'>antuerpiensis.</span> <span class='ocrx_word' id='word_1_303' title='bbox 970 2888 1127 2925; x_wconf 83' lang='lat' dir='ltr'>Romae</span> <span class='ocrx_word' id='word_1_304' title='bbox 1154 2893 1249 2925; x_wconf 90' lang='lat' dir='ltr'>tunc</span> <span class='ocrx_word' id='word_1_305' title='bbox 1276 2887 1450 2935; x_wconf 91' lang='lat' dir='ltr'>Philippi</span> <span class='ocrx_word' id='word_1_306' title='bbox 1478 2887 1515 2925; x_wconf 96' lang='lat' dir='ltr'>II</span> <span class='ocrx_word' id='word_1_307' title='bbox 1541 2888 1706 2935; x_wconf 84' lang='lat' dir='ltr'>negotia</span> <span class='ocrx_word' id='word_1_308' title='bbox 1732 2901 1823 2925; x_wconf 88' lang='lat' dir='ltr'>cum</span> <span class='ocrx_word' id='word_1_309' title='bbox 1850 2886 2044 2925; x_wconf 84' lang='lat' dir='ltr'>Pontifice</span> 
     </span>
    </p>
   </div>
   <div class='ocr_carea' id='block_1_5' title="bbox 412 2948 1306 3054">
    <p class='ocr_par' dir='ltr' id='par_1_10' title="bbox 412 2948 1306 3054">
     <span class='ocr_line' id='line_1_37' title="bbox 412 2948 629 2986; baseline -0.009 0"><span class='ocrx_word' id='word_1_310' title='bbox 412 2948 629 2986; x_wconf 86' lang='lat' dir='ltr'>tractabat.</span> 
     </span>
     <span class='ocr_line' id='line_1_38' title="bbox 459 3005 1306 3054; baseline -0.001 -10"><span class='ocrx_word' id='word_1_311' title='bbox 459 3008 472 3027; x_wconf 79' lang='lat'>⁵</span> <span class='ocrx_word' id='word_1_312' title='bbox 527 3006 630 3044; x_wconf 89' lang='lat' dir='ltr'>Vide</span> <span class='ocrx_word' id='word_1_313' title='bbox 649 3007 750 3044; x_wconf 83' lang='lat' dir='ltr'>Lz‘tt.</span> <span class='ocrx_word' id='word_1_314' title='bbox 771 3006 1024 3054; x_wconf 78' lang='lat' dir='ltr'>Quadrim.,</span> <span class='ocrx_word' id='word_1_315' title='bbox 1049 3005 1099 3052; x_wconf 82' lang='lat' dir='ltr'>V,</span> <span class='ocrx_word' id='word_1_316' title='bbox 1123 3006 1306 3044; x_wconf 81' lang='lat'><strong>185-186.</strong></span> 
     </span>
    </p>
   </div>
   <div class='ocr_carea' id='block_1_6' title="bbox 2080 2614 2095 3192">
    <p class='ocr_par' dir='ltr' id='par_1_11' title="bbox 2080 2614 2095 3192">
     <span class='ocr_line' id='line_1_39' title="bbox 2093 2614 2095 2667; baseline 0 0"><span class='ocrx_word' id='word_1_317' title='bbox 2093 2614 2095 2667; x_wconf 74' lang='lat' dir='ltr'>l</span> 
     </span>
     <span class='ocr_line' id='line_1_40' title="bbox 2092 2701 2095 2749; baseline 0 0"><span class='ocrx_word' id='word_1_318' title='bbox 2092 2701 2095 2749; x_wconf 80' lang='grc' dir='ltr'>ἶ</span> 
     </span>
     <span class='ocr_line' id='line_1_41' title="bbox 2090 2764 2094 2793; baseline 0 0"><span class='ocrx_word' id='word_1_319' title='bbox 2090 2764 2094 2793; x_wconf 69' lang='grc' dir='ltr'>ι</span> 
     </span>
     <span class='ocr_line' id='line_1_42' title="bbox 2082 3025 2090 3120; baseline 0 0"><span class='ocrx_word' id='word_1_320' title='bbox 2082 3025 2090 3120; x_wconf 73' lang='lat' dir='ltr'>l</span> 
     </span>
     <span class='ocr_line' id='line_1_43' title="bbox 2080 3111 2088 3192; baseline 0 0"><span class='ocrx_word' id='word_1_321' title='bbox 2080 3111 2088 3192; x_wconf 76' lang='lat' dir='ltr'>l</span> 
     </span>
    </p>
   </div>
  </div>
 </body>
</html>
