1908 3446
264 213 334 251 386
737 212 957 249 LITTERAE
984 210 1338 255 QUADRIMESTRES

218 328 310 352 rum
333 315 464 362 uitae,
485 328 569 364 quo
595 313 746 352 ordine
768 313 813 350 fit
838 325 987 350 eorum
1010 311 1173 349 mentio
1198 310 1251 347 ab
1274 309 1475 355 ecclesia,
1496 308 1749 346 recitentur.
1770 305 1834 343 Ad

217 398 336 436 quas,
358 399 453 423 cum
477 384 689 435 discipuli,
713 390 803 422 tum
827 384 955 421 etiam
979 382 1058 419 uiri
1080 381 1202 418 multi
1220 380 1501 418 conueniunt.

275 468 334 495 10.
397 457 584 507 Collegij
607 456 734 494 huius
757 460 893 492 status
911 454 951 491 in
976 453 1129 490 melius
1153 452 1327 489 omnino
1356 451 1398 488 in
1419 449 1513 488 dies
1535 453 1833 500 promouetur.

217 528 393 566 Summa
414 529 484 566 illa
500 527 748 568 humiditas,
774 538 884 575 quae
906 537 960 562 ne
984 524 1192 574 templum
1214 528 1411 560 nostrum
1433 521 1570 571 magis
1594 520 1836 558 celebrare-

218 605 300 647 tur,
339 599 568 637 uidebatur
603 597 831 648 impedire,
863 596 1031 633 sublata
1067 600 1148 640 est,
1183 606 1280 631 cum
1315 594 1524 643 templum
1560 595 1838 629 consternen-
1882 624 1885 643 :

221 670 320 708 dum
339 677 357 695 a
376 669 636 708 curauimus.
662 669 898 705 Extructus
923 672 987 703 est
1020 667 1039 690 b
1061 671 1293 715 praeterea
1315 664 1489 710 chorus,
1513 668 1635 701 recte
1654 673 1773 708 sane,
1799 666 1840 698 et
1883 655 1885 690 ἶ

222 753 318 779 611111
343 753 394 778 ea
416 741 584 778 ratione
606 739 659 777 ab
681 738 924 777 architecto
948 736 1136 787 quodam
1166 736 1364 786 egregio,
1390 734 1651 772 amicissimo
1673 737 1838 780 nostro,

218 825 302 863 qua
324 812 511 850 maxime
535 816 578 849 et
600 810 809 861 templum
832 810 970 859 ipsum
994 807 1246 853 adornetur,
1273 812 1316 844 et
1337 805 1463 844 nobis
1498 818 1584 842 non
1612 816 1761 854 parum
1783 803 1839 841 af-

216 883 380 921 feratur
403 881 636 922 commodi.
663 881 891 920 Conducta
914 885 980 917 est
1001 884 1232 929 praeterea
1254 877 1337 914 alia
1366 876 1521 914 domus
1554 875 1742 925 collegio
1771 874 1839 911 ad-

216 967 345 1000 nexa,
370 967 480 1004 quae
503 953 557 991 ad
579 954 739 991 multoe.
762 953 802 991 ei
818 951 1094 990 necessarios
1112 963 1213 988 usus
1233 948 1442 987 deseruit.
1463 948 1568 986 Eam
1585 959 1693 985 vero
1713 947 1840 984 etiam

219 1024 393 1075 collegij
419 1024 604 1062 futuram
628 1025 714 1061 cito
738 1035 976 1073 speramus

267 1107 281 1134 1
294 1107 327 1134 Ι.
365 1097 493 1133 Rmus
512 1095 775 1133 forliuiensis
799 1093 1089 1144 episcopusin
1107 1092 1244 1129 semel
1266 1095 1471 1140 suscepta
1489 1101 1593 1140 erga
1611 1088 1841 1138 collegium

218 1168 303 1205 hoc
340 1175 384 1205 et
419 1166 667 1204 uniuersam
703 1166 973 1204 Societatem
1010 1161 1324 1202 beneuolentia
1356 1160 1537 1211 egregie
1572 1164 1839 1210 perseuerat.

219 1238 349 1288 Quod
373 1244 416 1276 et
434 1238 577 1276 multis
600 1238 739 1275 modis
758 1237 966 1275 declarat.
988 1236 1097 1273 Nam
1117 1234 1378 1272 beneficium
1396 1231 1615 1283 quoddam
1632 1231 1713 1280 (sic
1731 1230 1842 1268 enim

218 1311 397 1359 uocant)
415 1309 531 1359 quod
553 1309 755 1359 applicari
781 1306 1001 1346 Socz'etatz'
1021 1316 1038 1333 0
1058 1311 1246 1356 poterat,
1265 1305 1346 1343 sibi
1366 1305 1420 1341 ab
1443 1315 1496 1341 eo
1520 1303 1592 1353 qui
1612 1301 1682 1340 hic
1702 1301 1842 1351 proxi-

219 1395 288 1419 mo
303 1394 414 1419 anno
429 1381 482 1419 ad
494 1381 800 1431 probationem
818 1380 859 1417 in
873 1379 1145 1416 Societatem
1163 1376 1377 1414 admissus
1394 1375 1413 1400 d
1432 1379 1498 1413 est
1511 1374 1803 1412 renuntiatum
1822 1376 1843 1419 ¹,

217 1453 406 1503 collegio
436 1452 537 1490 111116
566 1452 813 1502 applicauit,
853 1456 895 1488 et
927 1451 1010 1488 alio
1043 1449 1097 1486 de
1121 1448 1208 1486 suis
1230 1446 1448 1485 beneficio
1473 1446 1566 1484 eius
1589 1445 1843 1495 consangui-

217 1537 325 1562 neos
343 1531 360 1549 ³
396 1524 667 1574 compensari
690 1523 840 1561 uoluit.
864 1522 914 1560 Id
937 1534 1045 1560 uero
1070 1519 1330 1559 beneficium
1353 1520 1413 1556 est
1434 1516 1671 1563 eiusmodi,
1696 1518 1745 1554 ut
1767 1529 1843 1554 an-

222 1594 305 1633 nui
327 1595 422 1634 eins
444 1595 636 1646 fructus
656 1594 748 1632 sint
779 1593 963 1632 circiter
984 1604 1032 1644 70
1064 1592 1198 1631 aurei
1217 1591 1408 1630 nummi.
1449 1592 1688 1628 Praeterea
1716 1588 1844 1626 etiam
1888 1617 1889 1626 ,

218 1666 473 1717 diligentem
498 1679 674 1716 operam
697 1665 832 1712 dedit,
857 1669 902 1703 ut
919 1664 1184 1716 permutatio
1207 1663 1422 1715 quaedam
1444 1662 1586 1709 fieret,
1611 1672 1694 1710 qua
1715 1659 1845 1697 bene-

223 1738 368 1776 ficium
404 1737 533 1784 aliud,
559 1738 681 1776 cuius
716 1736 912 1775 redditus
948 1736 1076 1774 annui
1098 1736 1275 1774 ducenti
1307 1733 1429 1772 aurei
1461 1737 1623 1779 essent,
1657 1731 1843 1781 collegio

221 1809 549 1860 adiungeretur.
585 1808 716 1856 Quod
755 1821 1011 1858 quamquam
1033 1807 1183 1858 perfici
1206 1819 1292 1844 non
1314 1805 1471 1856 potuit,
1504 1804 1673 1854 prolixa
1703 1808 1846 1840 tamen
1888 1819 1889 1822 ¹

220 1881 312 1919 eius
334 1881 536 1919 uoluntas
558 1881 767 1932 apparuit.
794 1881 981 1919 Omnino
1003 1880 1045 1917 in
1066 1881 1152 1917 1106
1172 1878 1397 1924 incumbit,
1428 1881 1474 1914 ut
1506 1874 1740 1926 collegium
1761 1875 1845 1912 hoc

221 1952 301 1990 sibi
337 1951 707 1998 constituendum,
741 1957 872 2002 atque
895 1950 1110 1990 redifibns
1131 1952 1170 1990 et
1186 1949 1476 2001 prouentibus
1499 1946 1739 1986 ornandum
1760 1946 1843 1996 pla-

219 2036 274 2061 ne
296 2028 472 2061 statuat.
500 2022 630 2072 Quod
651 2022 732 2060 nisi
754 2022 836 2060 alia
866 2023 1035 2060 ratione
1058 2021 1154 2059 fieri
1175 2020 1329 2071 possit,
1353 2017 1683 2057 tabernaculum
1714 2015 1845 2067 quod-

220 2095 333 2142 dam,
370 2094 577 2145 singulari
618 2094 804 2144 quodam
844 2094 1027 2131 artificio
1068 2093 1376 2139 fabrefactum,
1418 2103 1523 2129 auro
1575 2089 1845 2141 gemmisque

220 2166 514 2217 praefulgens,
538 2166 673 2215 precij
698 2165 917 2202 minimum
941 2164 1072 2202 duum
1090 2164 1252 2202 milium
1275 2175 1524 2209 aureorum,
1549 2160 1630 2199 sibi
1656 2158 1845 2197 uenden-

219 2237 319 2275 dum
341 2235 556 2283 decreuit3
580 2242 710 2287 atque
735 2237 864 2273 etiam
886 2235 989 2273 illud
1011 2235 1123 2282 istic,
1148 2240 1195 2273 ut
1213 2233 1425 2281 audimus,
1445 2232 1560 2283 apud
1576 2231 1845 2270 Societatem

219 2308 436 2359 deposuit.
459 2306 578 2345 R.‘-'¹¹1S
602 2307 694 2345 eius
714 2306 957 2353 coadiutor,
977 2306 1150 2356 saepius
1169 2305 1404 2356 collegium
1422 2301 1669 2349 inuisendo,
1690 2307 1733 2339 et
1749 2312 1844 2338 nos-

219 2379 296 2417 tris
319 2377 562 2417 commodis
584 2377 780 2416 studiose
810 2377 1111 2428 procurandis,
1135 2377 1324 2415 animum
1354 2388 1477 2413 suum
1509 2374 1683 2412 abunde
1705 2373 1844 2411 decla-

218 2455 297 2488 rat.
324 2449 409 2498 Qui
432 2450 561 2487 etiam
585 2449 730 2500 coepit
752 2449 865 2499 apud
886 2462 965 2488 nos
989 2453 1148 2487 octauo
1171 2460 1345 2499 quoque
1368 2447 1438 2485 die
1461 2445 1676 2485 confiteri.

277 2531 337 2558 12.
398 2520 483 2569 Qui
517 2519 587 2557 hic
621 2525 720 2557 sunt
752 2532 919 2567 omnes,
958 2518 1260 2558 concreditum
1301 2518 1382 2556 sibi
1413 2518 1624 2556 talentum
1656 2515 1807 2554 sedulo
1834 2513 1847 2538 f

221 2596 447 2637 exercent,
474 2596 517 2627 et
540 2602 637 2628 cum
659 2590 700 2628 in
722 2590 892 2638 litteris,
918 2596 1007 2628 tum
1030 2591 1072 2628 in
1094 2590 1245 2640 spiritu
1277 2594 1321 2627 et
1341 2589 1518 2639 pietatis
1541 2587 1697 2637 studijs
1717 2585 1841 2637 pluri—

265 2740 285 2760 a
334 2739 499 2776 tabulis.
570 2740 635 2764 —b
657 2744 717 2775 est
736 2739 842 2776 add.
865 2740 910 2776 in
929 2749 1068 2785 marg.
1136 2745 1200 2764 —0
1235 2737 1424 2784 collegio.
1490 2737 1557 2762 —d
1580 2735 1763 2773 Emend.
1797 2743 1845 2771 ex

220 2800 376 2836 missus.
442 2806 505 2825 -e
527 2798 840 2845 consanguineis
858 2799 1062 2835 damnum.
1127 2798 1185 2822 —f
1215 2797 1368 2834 Praec.
1387 2808 1426 2833 v.
1448 2796 1554 2833 add.
1575 2799 1711 2842 supra
1727 2803 1838 2831 vers.

267 2948 277 2969 ¹
329 2946 416 2993 Agi
437 2946 596 2982 videtur
614 2946 662 2982 de
681 2945 847 2982 Vanino
867 2945 1034 2982 Vanini.
1055 2945 1164 2982 Vide
1187 2945 1340 2983 Laz'niz'
1358 2945 1567 2988 Mommas,
1589 2942 1663 2987 IV,
1696 2942 1774 2987 1503
1804 2944 1843 2978 et

220 3018 357 3054 supra.
378 3019 415 3053 p.
439 3005 518 3050 183,
538 3010 675 3042 annot.
699 3005 729 3041 1.
1827 2996 1830 3000 ’
