1908 3446
174 211 243 250 878
582 209 593 219 ⁴
637 208 851 245 LITTERAE
877 206 1234 252 QUADRlquSTRES

883 378 995 428 432

630 523 680 567 P.
719 517 1041 566 CAROLUS
1076 516 1247 563 GRIM

558 644 796 671 VINDOBONA
828 633 871 669 17
896 642 1149 669 samsucius
1182 631 1268 667 1560
1295 632 1318 666 ¹.

134 739 357 778 Decrescit
380 735 736 788 malignantium
771 732 968 779 ecclesia,
994 732 1216 771 bonorum
1247 733 1398 770 antem
1432 729 1646 769 nonnihil
1678 742 1749 768 ac-

210 803 382 843 crescit.
423 803 511 840 Nec
547 802 703 839 desunt
738 798 1090 844 contz‘otzaz‘oreS,
1128 810 1238 847 quos
1279 796 1397 835 inter
1435 796 1750 835 numerandus

212 867 411 907 caesaris
428 866 732 911 contzssonator,
751 863 824 902 vir
842 863 982 901 bonus
998 864 1037 901 et
1055 864 1226 909 doctus,
1260 861 1339 911 qni
1354 861 1479 899 mala
1511 873 1538 898 a
1558 860 1750 898 Phause-

211 947 262 972 ro
281 934 471 972 causata
491 934 708 981 resparare
725 931 934 968 conatur.
957 928 1078 967 Unus
1095 928 1160 966 vel
1179 925 1563 966 alterhaereticus
1579 925 1750 963 malam

210 998 403 1038 seminat
437 996 709 1035 doclrinanz.
751 993 928 1034 caeteri
949 993 1152 1032 caesaris
1173 995 1212 1031 et
1234 991 1379 1044 legati
1403 989 1666 1042 praesentia
1688 992 1751 1028 ta-

212 1067 322 1109 cen&
354 1062 542 1101 liberius
572 1064 720 1100 famen
757 1060 803 1098 in,
830 1059 969 1111 pagis
1004 1060 1167 1110 agunt.
1203 1058 1532 1109 Epl'scoporum
1563 1059 1648 1106 pro
1685 1055 1750 1093 in-

210 1130 466 1168 stauranda
491 1126 691 1165 Ecclesia
722 1126 915 1164 labores.
942 1123 1170 1164 Cailzolici
1186 1125 1516 1174 promovemur
1538 1123 1597 1159 ad
1619 1120 1750 1160 altio-

214 1209 284 1234 res
301 1196 498 1246 gradus.
1278 1190 1282 1197 ’

213 1305 240 1350 †
271 1303 354 1340 Ihs.
393 1300 542 1340 Gratia
578 1304 621 1336 et
654 1311 736 1349 pax
774 1296 934 1337 Christi
969 1301 1144 1334 recreet
1178 1295 1341 1334 animas
1371 1299 1558 1333 nostras.
1598 1294 1752 1331 Amen.

135 1375 241 1412 Cum
273 1374 320 1410 R.
346 1373 391 1410 P.
415 1373 467 1410 V.
492 1375 661 1421 gratum
683 1369 751 1415 sit,
776 1373 822 1405 ut
844 1367 897 1405 ad
921 1367 1130 1405 maiorem
1153 1367 1234 1404 Dei
1256 1364 1438 1416 gloriam
1459 1370 1591 1416 atque
1614 1365 1754 1402 eccle-

134 1446 221 1483 siae
253 1457 355 1481 suae
377 1442 698 1493 promotionem
722 1439 904 1503 subvinde
927 1438 1086 1487 aliquid
1109 1438 1404 1488 perscribatur
1426 1437 1480 1474 de
1512 1442 1625 1474 statu
1659 1437 1754 1474 reli-

132 1517 273 1568 gionis
296 1516 554 1555 christianae
577 1516 755 1552 istarum
776 1512 1114 1563 prouinciarum,
1140 1523 1325 1561 cumque
1349 1510 1559 1560 temporis
1581 1509 1690 1547 ratio
1713 1508 1755 1546 id

135 1589 295 1639 exigat,
328 1589 407 1625 hac
438 1587 533 1624 uice
557 1585 611 1623 de
641 1585 733 1622 istis
763 1588 931 1622 tantum
963 1595 1104 1634 agam.
1130 1582 1175 1620 Si
1204 1582 1336 1633 igitur
1367 1582 1479 1619 haec
1509 1581 1756 1631 praesentia

134 1667 331 1711 tempora
354 1672 449 1697 cum
472 1657 768 1708 superioribus
791 1655 1029 1702 conferam,
1055 1654 1289 1693 ecclesiam
1310 1651 1635 1703 malignantium
1669 1665 1755 1689 non

134 1743 351 1776 crescere,
375 1743 457 1767 nec
477 1730 518 1767 in
537 1728 694 1766 eodem
718 1732 833 1764 statu
855 1738 1130 1777 permanere,
1154 1724 1232 1763 sed
1250 1723 1504 1762 decreuisse
1520 1736 1668 1774 parum
1688 1721 1756 1760 hic

134 1803 342 1848 dicerem,
380 1801 613 1839 ecclesiam
647 1805 794 1838 autem
839 1798 999 1838 Christi
1033 1796 1193 1848 aliquid
1226 1796 1485 1835 incrementi
1522 1794 1756 1845 sumpsisse

135 1874 269 1912 ausim
300 1873 530 1911 affirmare.
564 1871 774 1910 Omnibus
804 1869 1049 1921 praecipuis
1079 1868 1275 1906 Viennae
1306 1867 1494 1917 templis,
1526 1867 1569 1904 in
1603 1865 1757 1916 quibus

134 1947 227 1984 fieri
258 1946 401 1983 solent
423 1944 659 1981 conciones
679 1943 711 1989 a,
735 1942 957 1993 prouisum
980 1947 1047 1980 est
1069 1941 1172 1979 satis
1193 1941 1323 1987 bene,
1347 1940 1439 1978 laus
1460 1939 1572 1985 Deo,
1597 1937 1651 1975 de
1681 1937 1757 1974 bo-

134 2018 199 2054 nis
228 2030 278 2054 ac
300 2015 440 2054 doctis
472 2014 870 2060 concionatoribus,
894 2013 952 2051 ita
976 2018 1021 2050 ut
1042 2024 1319 2063 quocumque
1352 2024 1398 2049 se
1420 2009 1634 2048 haeretici
1662 2020 1757 2046 uer-

135 2094 242 2135 tant,
272 2087 375 2125 nihil
404 2086 485 2125 nisi
507 2086 722 2125 catholica
744 2086 904 2136 templa
934 2089 1158 2123 resonent.
1185 2084 1330 2122 Habet
1363 2083 1494 2120 etiam
1517 2081 1645 2120 Caes.
1673 2079 1758 2117 Ma-

1408 2154 1435 2202 2,
1465 2153 1537 2205 qui
1568 2165 1622 2190 ex
1653 2152 1758 2190 totis

135 2161 266 2197 iestas
289 2159 660 2205 concionatorem,
685 2158 823 2196 uirum
855 2162 898 2195 et
929 2157 1107 2195 doctum
1140 2162 1184 2194 et
1214 2157 1376 2194 bonum

138 2231 300 2269 uiribus
322 2236 505 2269 conatur
532 2230 632 2279 (nec
665 2242 815 2280 parum
849 2228 1102 2279 promouet)
1133 2239 1338 2279 reparare
1360 2225 1478 2277 quod
1512 2225 1759 2263 Phauserus

136 2302 428 2348 destruxerat,
454 2308 498 2339 et
518 2301 719 2352 permulti
742 2300 1026 2339 concionibus
1047 2300 1160 2337 illius
1183 2304 1226 2337 et
1247 2298 1429 2336 aliorum
1451 2301 1683 2334 mouentur
1705 2293 1759 2332 ad

137 2373 353 2411 saniorem
376 2378 582 2419 mentem,
606 2372 718 2410 inter
739 2384 849 2422 quos
872 2376 938 2408 est
969 2383 1151 2421 magnus
1173 2369 1347 2420 quidam
1367 2369 1387 2393 b
1408 2367 1581 2414 nobilis,
1605 2366 1677 2416 qui
1694 2379 1758 2404 se-

138 2445 200 2482 rio
222 2443 482 2495 promiserat
502 2448 601 2493 post
624 2442 923 2493 expulsionem
948 2441 1157 2480 Phauseri
1179 2438 1519 2486 concionatoris,
1551 2450 1598 2475 se
1621 2436 1759 2476 cuius-

137 2529 220 2566 que
242 2515 423 2566 amplius
445 2514 647 2553 catholici
679 2514 937 2551 concionem
967 2526 1054 2551 non
1077 2520 1093 2538 0
1114 2512 1377 2559 auditurum3
1399 2511 1562 2549 factum
1593 2513 1659 2546 est
1685 2520 1758 2545 ne—

184 2670 203 2689 a
254 2669 406 2706 Praec.
434 2679 472 2705 v.
501 2673 638 2713 supra
665 2678 774 2704 vers.
827 2668 892 2692 —b
913 2665 1076 2713 quidam
1102 2671 1241 2712 supra
1268 2675 1379 2703 vers.
1434 2670 1496 2690 ——0
1516 2676 1592 2700 non
1621 2667 1758 2708 supra

138 2740 247 2767 vers.

187 2892 194 2911 ¹
249 2889 307 2926 Ex
326 2893 484 2935 autogr.
506 2888 546 2924 in
564 2887 649 2924 cod.
673 2887 812 2924 Germ.
836 2886 928 2927 142,
951 2885 976 2922 f.
1003 2886 1079 2929 182;
1101 2886 1210 2934 prius
1228 2887 1276 2923 55
1293 2885 1385 2931 (62).

184 2950 197 2970 ²
246 2949 283 2986 Is
303 2949 461 2985 videtur
480 2947 602 2983 fuisse
625 2946 800 2983 Mathias
816 2946 1047 2992 Cythardus
1066 2946 1245 2991 (Esche),
1263 2945 1311 2983 O.
1335 2944 1380 2982 P.
1401 2944 1464 2982 Cf.
1487 2943 1755 2980 BRAUNSBER-

138 3021 236 3054 CER,
262 3009 309 3046 Β.
332 3007 454 3045 Petri
474 3007 639 3043 Canisiz'
654 3007 793 3052 epist.,
814 3005 863 3048 ΙΙ,
883 3004 965 3041 768.

1878 3343 1908 3446 §.0‘222
1892 3291 1897 3325 n-
