1908 3446
203 242 272 277 492
666 238 886 275 LITTERAE
913 237 1267 282 QUADiuMESTREs

160 344 384 394 augustius
420 348 463 379 ct
499 342 688 378 sanctius
724 340 763 377 ei
792 339 959 389 possint
988 338 1030 375 in
1060 337 1226 375 laetitia
1247 350 1418 388 semper
1441 343 1485 376 et
1506 339 1777 377 exultatione

159 415 395 454 descruire.

211 499 246 533 3.
308 485 422 523 sant
452 481 653 533 exposita
685 481 778 520 iam
800 480 918 531 fere,
953 481 1091 518 Pater
1121 479 1298 526 Reuer„
1337 492 1451 529 qaae
1481 481 1531 518 de
1565 479 1776 527 externis,

160 570 354 606 quaeque
390 558 439 593 de
474 552 751 593 extrinsecus
786 550 1097 590 accedentibus
1131 552 1394 600 exponenda
1432 552 1578 589 erant.
1616 551 1781 601 Nempe

161 612 308 677 z'gificr
330 640 449 665 nunc
469 639 518 664 ea
543 627 731 672 restant,
757 637 870 674 qliae
892 625 951 661 ad
972 636 1054 660 nos
1074 622 1195 672 ipsos
1216 621 1405 670 interne,
1430 622 1779 673 domesticosque

153 698 348 749 part'efes
367 697 590 747 pertinent
613 709 665 735 ac
685 698 884 746 spectant
911 702 944 734 a.
970 693 1096 742 Quae
1116 693 1340 732 nimirum
1360 694 1444 732 iam
1463 694 1483 719 b
1504 694 1595 744 ipse
1625 695 1781 733 leuiter

158 771 379 817 attingam,
413 771 451 806 et
482 780 617 817 quam
650 766 913 805 breuissime
938 767 1097 816 Potero
1123 764 1458 816 perstringam.
1488 766 1662 803 Nouem
1683 770 1782 803 sunt

158 841 197 877 in
234 842 317 877 hoc
353 840 543 889 collegio
580 838 852 884 sacerdotes,
892 843 935 875 et
970 842 1155 887 quatuor
1185 841 1418 886 praeterea
1446 836 1602 874 fratres
1647 841 1691 874 et
1722 837 1781 874 vi-

158 912 278 960 ginti.
307 913 421 949 Vnus·
444 916 588 948 autem
612 924 665 948 cx
688 910 892 947 fratribus
926 907 1161 947 iandudum
1182 908 1236 945 ad
1258 908 1543 954 Societatem,
1576 912 1624 945 ut
1655 907 1708 945 sit
1740 909 1782 945 in

157 982 467 1031 temporalibus
498 984 563 1029 (ut
596 981 659 1018 ila
691 980 858 1031 dicam)
880 979 1052 1017 adiutor
1075 986 1105 1026 0,
1131 984 1198 1018 est
1219 980 1396 1018 ascitus.
1421 978 1585 1016 Omnes
1606 978 1781 1029 quidem

160 1062 203 1092 ct
239 1055 276 1091 iu
317 1054 430 1091 bona
469 1054 627 1090 virtuto
666 1052 850 1091 colenda
886 1058 929 1090 et
964 1053 1005 1089 in
1039 1051 1208 1102 placida
1241 1051 1389 1102 quiete
1430 1051 1639 1101 suauique
1673 1063 1781 1101 pace

158 1125 354 1169 fruenda,
380 1131 424 1163 et
446 1126 485 1162 in
506 1125 647 1162 animo
670 1123 971 1174 deprimendo,
996 1123 1103 1162 etin
1134 1123 1338 1161 celeriter
1370 1121 1634 1169 obediendo,
1669 1127 1713 1160 et
1742 1122 1783 1160 in

159 1197 355 1247 proximo
387 1195 624 1246 diligendo,
662 1201 707 1233 et
739 1196 781 1233 in
818 1196 980 1246 optimo
1017 1207 1191 1245 quoque
1224 1206 1357 1244 opere
1379 1193 1597 1240 faciendo,
1622 1205 1669 1230 se
1693 1193 1783 1231 dili-

159 1272 313 1318 genter
349 1272 574 1313 exercent,
612 1268 671 1304 ita
705 1272 751 1304 ut
784 1280 871 1304 non
902 1266 1041 1304 minus
1071 1266 1113 1303 in
1135 1266 1287 1316 spiritu
1304 1265 1569 1316 proficiant,
1593 1277 1721 1315 quam
1741 1265 1785 1301 in

161 1339 285 1376 bonis
307 1339 590 1388 humanisque
613 1338 768 1375 litteris
789 1342 1093 1388 promoueant.
1120 1338 1370 1387 Quinimmo
1392 1337 1541 1388 paucis
1571 1340 1673 1374 ante
1695 1335 1783 1374 die-

161 1411 241 1447 bus
262 1410 532 1447 notationem
549 1408 760 1459 quandam
782 1409 895 1447 inter
917 1422 962 1447 se
980 1408 1492 1459 animaduersionemque
1516 1407 1783 1458 singulorum

159 1480 371 1517 factorum
395 1480 690 1526 instituerunt,
714 1493 799 1529 quo
821 1479 989 1517 facilius
1011 1484 1056 1517 et
1078 1479 1327 1530 expeditius
1362 1491 1466 1517 suae
1500 1478 1786 1529 perfectionis

160 1564 235 1600 pro
272 1551 379 1587 uirili
410 1551 590 1601 quisque
620 1556 743 1600 parte
775 1550 1050 1589 defectiones
1071 1550 1091 1574 d
1111 1549 1394 1601 intelligeret,
1418 1549 1536 1600 quod
1558 1554 1602 1586 et
1621 1549 1784 1587 factum

161 1627 241 1668 est,
266 1628 309 1660 et
331 1622 503 1672 quidem
525 1622 715 1673 apprime
734 1622 901 1659 cunctis
921 1622 1125 1659 fratribus
1145 1622 1363 1672 profuisse
1391 1622 1530 1659 uisum
1559 1626 1641 1659 est.
1672 1621 1783 1658 Inui-

159 1701 255 1732 sunt
291 1695 460 1744 saepius
494 1694 617 1731 festis
647 1693 881 1743 praecipue
913 1692 1068 1731 diebus
1090 1698 1134 1731 et
1156 1692 1344 1743 hospitia
1363 1705 1603 1744 pauperum
1624 1704 1781 1742 aegro-

159 1779 250 1803 rum
269 1765 447 1815 optimis
469 1764 869 1811 admonifionibzis,
891 1769 934 1802 et
951 1777 1259 1815 nonnunquam
1277 1765 1407 1803 etiam
1424 1776 1600 1802 reorum
1617 1764 1783 1801 uincto-

161 1849 337 1886 rumque
362 1836 581 1873 custodias
603 1843 620 1860 e
643 1835 873 1885 aliquibus
894 1836 1194 1874 concionibus.
1223 1835 1353 1885 Quod
1375 1835 1428 1873 ad
1459 1834 1601 1872 studia
1630 1834 1782 1872 libera-

160 1907 259 1944 lium
294 1908 664 1957 ingenuarumque
696 1907 935 1944 litterarum
966 1907 1138 1953 attinet,
1162 1907 1189 1956 ij
1213 1907 1286 1957 qui
1308 1906 1518 1944 classibus
1541 1910 1639 1943 sunt
1659 1918 1781 1956 prae-

159 1978 302 2028 positi,
326 1991 410 2015 non
432 1979 647 2015 minimam
668 1991 828 2016 earam
848 1977 967 2015 sibif
992 1991 1138 2016 curam
1170 1979 1408 2016 assumunt
1442 1984 1478 2023 g,
1517 1978 1557 2016 et
1593 1976 1640 2014 in
1673 1976 1783 2014 <illas

161 2049 281 2098 ipsas
316 2048 577 2086 obtinendas
612 2048 678 2086 ita
705 2049 807 2100 fere
840 2051 946 2087 sunt
981 2048 1099 2087 inter
1127 2062 1172 2087 se
1202 2048 1365 2086 diuisis
1390 2049 1520 2086 Pater
1549 2047 1782 2098 Josephus‚

161 2119 337 2168 primae3
370 2119 574 2169 Magister
605 2118 870 2166 Ludouicus,
908 2119 1145 2167 secundae3
1183 2121 1313 2157 Pater
1348 2118 1570 2166 Nicolaus,
1608 2118 1783 2165 tertiae3

164 2191 295 2240 Magr.
329 2191 531 2241 Jacobus,
569 2197 765 2241 quartae3
802 2192 931 2229 Pater
962 2193 1152 2242 Joannes
1188 2191 1396 2229 Nicolaus
1425 2190 1602 2240 quintae
1639 2202 1785 2227 curam

161 2261 273 2310 gerit
296 2265 320 2298 ¹.
344 2261 390 2298 In
410 2262 544 2311 prima
562 2263 699 2300 classe
722 2262 926 2312 leguntur
950 2262 1212 2300 Partitiones
1230 2261 1456 2301 Ciceronis
1474 2265 1519 2299 et
1538 2259 1607 2309 alij
1629 2260 1784 2311 proba-

162 2331 193 2368 ti
215 2332 467 2382 classicique
490 2333 711 2380 authores,
750 2338 794 2371 et
829 2334 891 2371 sic
907 2333 1116 2384 deinceps
1136 2333 1179 2371 in
1199 2332 1294 2382 alijs
1326 2332 1539 2370 omnibus.
1560 2332 1608 2369 In
1630 2331 1784 2370 eadem

164 2415 270 2440 uero
292 2403 429 2452 prima
450 2404 605 2450 classe,
630 2409 719 2441 tum
742 2404 953 2443 extranei
975 2405 1009 2452 ¹¹,
1043 2409 1135 2442 tum
1158 2405 1289 2443 etiam
1310 2402 1543 2442 domestici
1573 2402 1784 2454 discipuli,

210 2580 229 2598 a
255 2571 528 2619 Priusquam
559 2574 665 2610 haec
693 2576 842 2611 omnia
875 2575 1046 2616 deleret,
1079 2576 1318 2622 scripserat
1346 2574 1438 2611 Pol.
1475 2579 1689 2621 vtcumque
1706 2577 1786 2619 pro

161 2631 240 2667 iam
259 2631 358 2676 fere,
380 2635 419 2668 et
436 2632 540 2668 intra
559 2637 636 2679 pro
655 2633 827 2670 interne.
873 2636 938 2660 -b
960 2635 1008 2671 de
1027 2634 1256 2671 domesticis
1275 2635 1425 2681 aliqua.
1472 2641 1536 2659 -—0
1563 2633 1784 2670 coadiutor.

166 2691 230 2715 —d
263 2690 457 2728 deiectus.
522 2699 587 2718 -e
621 2692 779 2739 optimis
813 2693 1150 2749 admonitionibus
1181 2707 1250 2731 eos
1280 2693 1470 2738 iuuando,
1515 2697 1556 2730 et
1582 2693 1784 2729 interdum

165 2750 299 2787 etiam.
352 2751 412 2776 —f
435 2751 506 2787 eis.
560 2759 629 2785 —g
648 2751 899 2799 impendunt.
952 2754 1020 2779 —h
1042 2754 1212 2792 externi.

212 2914 223 2931 Ξ
274 2909 337 2946 De
356 2911 415 2947 his
434 2910 618 2948 omnibus
637 2912 726 2948 vide
741 2913 926 2950 notitiam
941 2927 964 2951 a
979 2913 1023 2951 P.
1040 2914 1282 2952 salmerone
1297 2914 1470 2951 Romam
1485 2913 1662 2959 missam,
1678 2912 1784 2961 apud

167 2968 302 3015 Epist.
322 2968 374 3006 P.
397 2969 678 3014 salmeromnjs
699 2971 728 3015 Ι
748 2971 828 3015 302
848 2972 930 3009 303.
953 2973 1207 3019 Cognomina
1225 2973 1466 3011 omittuntur
1483 2973 1611 3009 etiam
1632 2971 1674 3009 in
1703 2971 1784 3037 alio
1839 2995 1841 2998 <

166 3028 352 3074 catalogo
371 3028 489 3077 hujus
508 3031 615 3074 anni,
633 3030 701 3076 qui
720 3036 851 3068 exstat
869 3032 908 3068 in
927 3033 1012 3070 cod.
1035 3032 1116 3071 δῖε.
1137 3032 1207 3077 59
1227 3046 1266 3070 n.
1289 3033 1345 3070 18.
