1908 3446
190 182 260 219 648
658 182 877 220 LITTERAE
905 184 1260 228 QUAoiziMESTREs

144 285 221 322 bus
257 285 415 334 aliquid
450 286 703 323 scribamus.
744 285 873 334 Quod
909 285 1096 323 fortasse
1129 289 1259 323 antea
1292 287 1452 325 fecisse
1490 290 1765 339 opportebat.

144 356 266 393 Solet
299 356 529 406 collegium
566 357 837 393 lauretanum
869 355 922 393 ad
945 355 1231 407 quadraginta
1252 359 1321 395 vel
1355 371 1408 395 eo
1431 360 1611 409 amplius
1634 360 1768 398 conti-

142 439 227 464 nuo
250 427 384 469 alere;
408 428 448 464 in
470 427 625 477 quibus
649 426 843 463 mirabile
868 431 933 464 est
956 433 973 450 a
1000 426 1151 464 videre
1169 431 1332 466 tantam
1355 442 1523 466 morum
1546 442 1596 467 ac
1618 432 1768 468 volun-

142 502 278 534 tatum
319 498 685 543 conformitatem,
729 502 1007 547 mutuamque
1051 498 1307 536 charitatem
1348 506 1391 536 et
1432 501 1767 539 aemulationem

142 574 386 606 sanctarum
409 569 632 614 virtutum,
657 569 812 617 quibus
835 569 875 605 in
899 568 992 606 dies
1016 570 1152 619 magis
1174 582 1224 607 ac
1241 571 1377 621 magis
1401 573 1602 610 exornari
1621 572 1768 612 viden-

142 646 225 687 tur,
251 641 350 678 dum
385 641 607 677 vnanimes
632 639 926 678 obedientiam
959 647 1150 687 seruant,
1197 642 1383 680 orationi
1412 656 1489 693 pro
1521 657 1642 683 more
1671 644 1768 683 insi-

142 717 274 757 stunt,
299 712 661 749 mortificationes
684 717 727 749 et
749 711 1045 762 poenitentias
1068 717 1292 763 appetunt,
1313 714 1554 753 doctrinam
1577 715 1770 755 christia-

141 796 237 820 nam
262 784 476 829 ediscunt,
516 788 558 819 et
592 783 789 821 eamdem
823 783 1032 832 proximis
1055 783 1333 822 ediscendam
1356 785 1545 824 tradunt.
1569 788 1625 825 Vt
1656 789 1768 826 enim

141 854 421 892 sacerdotum
444 860 694 891 nostrorum
723 854 972 891 continuam
1004 854 1046 891 in
1077 854 1209 892 rebus
1232 855 1526 905 spiritualibus
1557 860 1769 897 exercita-

139 926 305 962 tionem
329 926 540 971 omittam,
565 925 710 963 solent
732 924 889 962 tratres
911 924 1049 962 nostri
1079 925 1334 976 frequenter
1357 927 1398 964 in
1433 928 1638 978 hospitali
1669 942 1769 968 con-

141 997 319 1043 cionari,
356 1009 572 1047 pauperes
609 996 801 1033 infirmos
834 996 875 1033 in
912 996 981 1033 via
1010 996 1183 1034 Domini
1215 998 1431 1037 instruere
1463 1012 1512 1038 ac
1536 1003 1767 1040 consolari.

140 1068 259 1106 Idem
284 1069 415 1106 etiam
437 1068 599 1106 faciunt
621 1068 691 1117 qui
715 1067 967 1105 elemosinis
987 1073 1183 1117 presunt.
1209 1069 1434 1108 Habemus
1458 1072 1588 1110 etiam
1610 1074 1651 1110 in
1684 1075 1770 1112 col-

140 1139 256 1191 legio
279 1152 514 1190 puerorum
537 1139 732 1177 scholam
753 1151 840 1177 non
876 1139 1215 1190 infrequentem,
1239 1140 1311 1191 qui
1331 1142 1545 1192 pietatem
1568 1158 1652 1182 vna
1673 1158 1770 1183 cum

140 1211 275 1250 literis
296 1224 373 1261 pro
398 1216 525 1260 captu
555 1210 769 1248 ediscunt.
804 1210 848 1247 In
882 1211 986 1247 alias
1008 1216 1099 1248 tres
1131 1212 1294 1250 classes
1327 1214 1498 1252 externi
1529 1228 1615 1253 non
1647 1229 1769 1255 acce-

140 1283 260 1329 dunt,
296 1283 363 1320 vel
395 1282 495 1332 quia
524 1282 708 1320 iuuenes
742 1281 795 1319 ad
816 1282 902 1320 hoc
932 1281 1081 1320 idonei
1112 1295 1199 1320 non
1231 1290 1345 1331 sunt,
1370 1286 1442 1322 vel
1474 1292 1611 1334 certe,
1644 1288 1679 1326 si
1700 1287 1771 1339 qui

139 1358 253 1400 sunt,
278 1354 382 1392 alias
412 1358 529 1391 artes
562 1352 778 1399 ediscunt,
818 1353 933 1390 vnde
971 1353 1049 1391 sibi
1087 1353 1250 1392 victum
1287 1357 1514 1406 acquirere
1543 1358 1562 1382 b
1585 1360 1768 1409 possint.

141 1425 354 1475 Oppidani
378 1430 523 1462 tamen
546 1423 802 1474 collegiales
824 1428 999 1461 nostros
1035 1425 1181 1475 magni
1201 1425 1366 1464 faciunt
1396 1432 1455 1473 et,
1489 1429 1524 1466 si
1553 1430 1656 1480 quid
1686 1430 1772 1468 odii

142 1497 211 1534 vel
245 1495 475 1534 simultatis
507 1496 618 1532 inter
651 1507 728 1532 eos
761 1495 958 1533 exoritur
988 1503 1022 1541 0,
1045 1508 1123 1545 per
1144 1501 1321 1535 nostros
1345 1499 1617 1548 emendatur,
1641 1508 1772 1552 prout

141 1568 325 1618 contigit
348 1568 467 1605 hisce
491 1566 662 1604 diebus.
688 1567 791 1604 Erat
810 1566 923 1604 enim
946 1567 1059 1604 inter
1087 1568 1251 1617 primos
1273 1569 1455 1609 huiusce
1476 1572 1577 1619 loci,
1601 1574 1672 1624 qui
1693 1587 1771 1625 per

139 1645 309 1690 septem
332 1651 468 1676 annos
490 1638 618 1675 alium
650 1637 867 1687 quendam
901 1637 1003 1675 odio
1035 1640 1401 1690 prosequebatur,
1437 1643 1492 1680 ob
1513 1656 1640 1694 quam
1673 1658 1769 1683 cau-

140 1724 229 1749 sam
262 1710 392 1748 etiam
422 1709 476 1747 ad
497 1709 540 1747 id
571 1710 782 1758 temporis
814 1709 1138 1748 confessionem
1171 1711 1413 1751 distulerat.
1448 1715 1625 1753 Frustra
1656 1717 1768 1755 enim

140 1795 162 1820 a
199 1781 342 1819 multis
364 1781 486 1818 annis
507 1780 605 1817 talis
626 1792 710 1829 pax
741 1779 885 1816 fuerat
907 1792 931 1816 a
962 1780 1108 1819 multis
1129 1787 1360 1831 attentata,
1386 1786 1572 1824 maxime
1594 1787 1694 1837 quia
1714 1787 1769 1826 de

140 1857 190 1892 re'
217 1852 466 1904 pecuniaria
501 1850 729 1901 negotium
764 1851 994 1901 agebatur.
1033 1852 1109 1890 Ille
1145 1858 1292 1892 tamen
1323 1856 1394 1905 qui
1429 1854 1489 1894 ita
1525 1858 1769 1899 obstinatus

139 1925 295 1971 fuerat,
320 1936 411 1962 rem
434 1928 572 1960 totam
595 1922 667 1960 vni
690 1933 745 1959 ex
774 1922 936 1960 nostris
959 1923 1192 1971 commisit3
1216 1926 1365 1975 sicque
1388 1928 1430 1966 in
1461 1934 1613 1968 nostro
1637 1933 1769 1970 colle-

140 1997 212 2047 gio
235 2010 281 2034 se
305 2000 454 2033 mutuo
486 1993 736 2043 amplexati,
770 1994 842 2043 qui
863 1999 992 2032 antea
1014 1995 1162 2034 tandiu
1193 1997 1366 2037 fuerant
1387 1998 1562 2039 inimici.
1596 2002 1685 2041 Sed
1715 2004 1769 2042 ad

140 2068 383 2106 domestica
414 2065 660 2103 redeamus.
694 2065 920 2103 Habemus
956 2065 998 2104 in
1027 2073 1180 2105 nostro
1218 2069 1420 2121 Collegio
1457 2076 1548 2111 tres
1590 2075 1767 2123 classes3

140 2138 248 2178 duas
269 2137 593 2188 grammatices,
619 2141 663 2174 et
684 2136 860 2174 tertiam
882 2136 1163 2176 humanitatis
1184 2139 1226 2177 in
1256 2154 1339 2191 qua
1362 2142 1493 2182 etiam
1514 2157 1702 2196 graecae
1724 2147 1768 2184 li—

139 2216 263 2249 terae
286 2209 545 2247 edocentur.
570 2208 616 2245 In
641 2207 840 2244 omnibus
862 2212 1024 2255 autem,
1048 2213 1136 2248 tam
1158 2218 1461 2263 preceptores,
1486 2228 1613 2265 quam
1644 2218 1769 2256 scho-

140 2281 280 2320 lastici
301 2281 321 2305 d
348 2280 547 2318 videntur
581 2277 746 2327 optime
781 2276 902 2329 fungi
934 2278 1080 2318 officio
1113 2294 1208 2329 suo,
1245 2289 1514 2336 apparetque
1545 2287 1586 2324 in
1617 2299 1767 2327 eorum

141 2351 532 2403 compositionibus
555 2354 599 2387 et
636 2349 678 2386 in
711 2349 994 2388 obseruantia
1022 2350 1197 2403 linguae
1227 2354 1387 2394 latinae
1417 2370 1505 2395 non
1535 2359 1769 2398 mediocris

139 2425 321 2463 fructus.
348 2422 500 2460 Lectio
523 2422 595 2458 vel
616 2420 763 2470 potius
792 2420 969 2459 collatio
1007 2434 1185 2463 casuum
1207 2426 1522 2476 conscientiae,
1554 2429 1679 2468 nobis
1700 2431 1770 2469 hic

141 2506 313 2546 semper
335 2491 452 2530 vtilis
484 2497 528 2529 et
557 2490 822 2537 necessaria,
847 2490 962 2529 cirea
992 2493 1182 2533 medium
1204 2497 1567 2550 quadragesimae
1590 2507 1768 2553 propter

139 2567 291 2606 nimias
326 2564 477 2614 templi
510 2562 824 2612 occupationes
854 2562 935 2601 fuit
963 2565 1166 2614 equidem
1201 2568 1462 2617 intermissa;
1496 2584 1590 2610 eam
1622 2578 1767 2612 tamen

139 2639 278 2685 breui,
310 2642 357 2675 vt
380 2648 524 2686 spem,
549 2645 836 2681 resumemus,
859 2648 946 2685 quo
967 2639 1261 2688 promptiores
1283 2648 1301 2666 θ
1321 2642 1375 2680 ad
1396 2644 1683 2683 resoluendas
1704 2658 1766 2684 ar-

139 2711 246 2748 duas
280 2720 472 2760 quasque
508 2705 803 2751 difficultates,
841 2718 954 2756 quae
988 2708 1185 2758 quotidie
1220 2712 1291 2750 hic
1327 2721 1577 2762 occurrunt,
1616 2729 1767 2756 omnes

139 2781 395 2827 reddantur3
418 2777 615 2830 quamuis
632 2777 736 2814 satis
756 2779 946 2828 prompti
969 2784 1012 2817 et
1034 2784 1266 2822 exercitati
1288 2783 1534 2825 uideantur.
1559 2788 1631 2826 Sic
1653 2789 1765 2826 enim

186 2921 205 2941 ³
256 2921 348 2966 δερ.
370 2916 452 2955 del.
474 2920 629 2952 tantam
648 2923 817 2948 morum.
872 2936 875 2937 ν
894 2915 937 2940 Α)
959 2914 1055 2953 Del.
1076 2926 1254 2964 possunt.
1309 2930 1372 2948 —0
1394 2923 1546 2961 Praec.
1563 2935 1603 2960 v.
1619 2925 1765 2962 obscu—

141 2993 184 3020 re
203 2984 435 3019 exaratum
456 2978 501 3013 in
521 2984 601 3012 mS.
657 2973 721 2999 —d
742 2969 844 3010 Litt.
866 2975 891 3013 h
909 2980 1049 3022 supra
1067 2987 1177 3016 vers.
1234 2989 1297 3008 —e
1318 2983 1587 3030 prumptiores
1607 2995 1685 3022 ms.
