1908 3446
275 227 342 262 ‘230
754 220 966 256 LUTERAE
996 217 1347 262 QUADRJMESTRES

230 329 406 368 (larum,
429 328 471 363 P,
494 323 671 361 iar-riori<
697 329 701 346 ί
728 322 925 369 exemplo
949 324 1076 369 atque
1097 330 1229 367 opera
1254 330 1341 355 non
1363 316 1600 358 immemor
1621 328 1654 359 ³.
1680 321 1764 371 Qui
1784 327 1829 360 ut

229 399 384 435 amoris
403 402 443 433 et
467 394 681 433 charitatis
700 391 867 429 uinculo
888 390 1107 427 unanimes
1125 390 1165 426 in
1183 387 1276 425 dies
1293 388 1429 438 magis
1446 401 1498 427 ac
1514 391 1649 441 magis
1667 391 1721 429 ad
1736 404 1829 442 per.-

229 469 460 505 fectionem
483 466 698 514 nostrique
721 461 1036 499 abdicationem
1054 459 1307 509 aspiremus,
1328 458 1528 498 omnibus
1549 461 1689 499 modis
1712 468 1830 501 curat

230 538 532 588 prospicimus).
560 536 636 573 Hic
658 545 880 585 persaepe,
915 537 957 569 et
978 530 1081 568 foris
1103 542 1188 568 non
1219 542 1316 567 raro
1338 530 1499 569 ascitus
1531 532 1826 573 concionatur.

231 609 344 646 Ideni
369 608 532 645 coeteri
552 609 697 644 Patres
719 603 945 647 interdum,
962 614 1013 639 ac
1033 601 1218 639 maxime
1237 601 1280 638 P.
1298 601 1517 640 Robertus
1534 603 1827 653 Clayssonius‚

231 686 272 717 et
295 680 486 717 doctrina
509 685 549 715 et
572 678 741 714 feruore
763 675 802 712 in
826 671 1123 711 concionando
1145 671 1421 709 admirabilis.
1449 673 1494 710 P.
1521 674 1676 711 Petrus
1697 672 1830 714 Cana-

232 750 280 787 lis
302 762 351 786 ac
376 751 418 786 Ι).
444 749 622 785 lacobus
644 752 655 770 ‘2
676 746 715 783 in
737 756 968 795 puerorum
991 742 1341 781 confessionibus
1363 742 1589 782 audiendis
1621 756 1830 796 occupan-

229 826 309 857 tur.
331 820 521 868 Quorum
545 818 728 856 omnium
746 816 824 866 piis
846 813 1153 853 monitionibus
1174 814 1366 851 nonnulli
1389 813 1543 853 diebus
1559 816 1738 867 singulis
1759 816 1832 856 do-

232 891 407 937 minicis,
431 890 594 939 plurimi
617 888 877 926 solemnibus
907 899 957 925 ac
977 885 1099 924 festis
1130 885 1284 924 diebus
1305 886 1347 924 in
1377 898 1501 925 sacra
1521 888 1732 927 sumenda
1762 902 1831 929 eu-

231 962 427 1000 charistia
448 961 667 999 nobiscum
688 962 983 1010 perseuerant.
1008 958 1146 996 Tanta
1167 969 1273 996 uero
1296 957 1531 998 Societatis
1551 965 1727 999 nostrae
1754 961 1833 1000 mi-

232 1033 377 1071 nimae
399 1030 718 1071 commendatio
740 1032 910 1075 manat,
940 1031 978 1068 et
999 1030 1017 1054 b
1037 1041 1114 1079 per
1138 1042 1289 1068 omnes
1305 1030 1548 1069 Aruerniae
1569 1031 1678 1070 fines
1698 1032 1832 1072 fundi-

231 1109 312 1149 tur,
336 1109 463 1152 atque
485 1103 542 1140 ita
563 1103 601 1140 in
624 1102 715 1139 dies
736 1105 932 1151 augetur,
957 1107 1002 1138 ut
1025 1100 1213 1138 omniurn
1241 1101 1456 1141 uoluntati
1477 1102 1731 1142 satisfacere
1761 1105 1834 1143 mi-

235 1175 346 1212 nime
370 1187 618 1212 concessum
639 1173 710 1211 sit.
734 1179 750 1197 0
777 1173 959 1210 Tantum
982 1170 1207 1222 siquidem.
1233 1173 1280 1210 R.
1306 1173 1352 1211 P.
1378 1173 1397 1197 <³
1418 1173 1460 1211 in
1480 1173 1533 1223 ijs
1554 1187 1667 1226 quae
1688 1175 1743 1214 ad
1773 1189 1833 1215 sa-

234 1247 364 1283 lutem
403 1246 633 1283 animarum
672 1242 902 1295 pertinent,
938 1241 1131 1281 tribuunt
1170 1256 1336 1291 omnes,
1374 1248 1420 1282 ut
1457 1246 1631 1285 omnino
1667 1247 1721 1285 ab
1760 1259 1834 1287 ore

233 1316 280 1353 P.
305 1318 565 1354 nostrorum
586 1323 601 1340 e
624 1314 871 1365 dependere
895 1314 1137 1352 uideantur:
1161 1314 1188 1364 ij
1211 1315 1420 1366 imprimis
1440 1315 1513 1367 qui
1547 1322 1594 1355 ut
1624 1316 1833 1369 dignitate

232 1386 416 1436 generis,
442 1387 498 1423 ita
519 1386 623 1423 alios
643 1385 895 1435 plerumque
918 1389 960 1422 et
991 1384 1160 1423 ratione
1189 1391 1425 1436 praestant.
1464 1385 1696 1437 [Sequitur
1729 1390 1839 1451 duo-

234 1470 334 1495 rum
351 1458 635 1507 peccatorum
656 1456 916 1505 conversio].

283 1539 319 1575 4.
378 1528 590 1566 Numerus
610 1533 757 1566 noster
779 1541 862 1566 uno
893 1540 945 1566 ex
977 1528 1248 1567 scholasticis
1277 1534 1431 1568 auctus
1462 1536 1543 1578 est,
1578 1531 1647 1570 cui
1675 1544 1834 1571 nomen

232 1598 447 1636 Anthonio
480 1603 558 1635 est.
591 1598 644 1635 Vt
674 1603 817 1637 aetate
849 1599 951 1636 satis
977 1604 1203 1650 prouecta,
1227 1600 1289 1638 sic
1309 1600 1363 1638 ad
1385 1614 1456 1639 res
1477 1600 1685 1652 agendas,
1708 1616 1833 1654 quam

231 1667 283 1705 ad
305 1668 443 1706 studia
463 1669 600 1718 aptior
623 1674 701 1707 est.
725 1669 892 1707 Annum
914 1683 1027 1708 nunc
1047 1669 1137 1721 agit
1156 1682 1222 1720 40.
1246 1671 1330 1710 Hic
1358 1684 1463 1722 prae
1494 1674 1670 1725 reliquis
1701 1675 1834 1713 omni-

231 1740 308 1776 bus
337 1739 502 1785 institit,
536 1745 579 1777 ut
608 1740 649 1778 in
679 1740 943 1779 Societatem
974 1741 1293 1790 admitteretur,
1327 1756 1375 1781 se
1397 1744 1451 1782 ad
1474 1745 1619 1783 omnia
1638 1751 1833 1796 paratum

233 1821 327 1846 esse
358 1809 624 1860 promittens.
657 1811 752 1860 Qua
780 1811 821 1849 in
851 1824 897 1849 re
929 1812 1118 1851 omnium
1148 1818 1324 1864 superat
1356 1815 1728 1866 expectationem.
1761 1818 1836 1856 Est

233 1879 343 1918 enim
366 1885 408 1918 et
428 1881 439 1904 f
465 1881 517 1919 ad
540 1882 828 1921 obediendum
851 1889 894 1922 et
914 1884 1196 1923 laborandum
1216 1886 1530 1936 paratissimus.
1554 1888 1594 1925 Is
1617 1893 1685 1927 est
1705 1889 1835 1928 maxi-

232 1963 300 1988 mo
322 1950 566 1990 adiumento
590 1953 636 1990 R.
660 1954 775 1991 Patri
796 1955 1016 2005 Baptistae
1037 1954 1050 1974 ³
1070 1956 1113 1994 in
1133 1956 1451 2007 prospiciendis
1477 1971 1589 2009 quae
1620 1959 1674 1998 ad
1705 1960 1834 1999 colle-

230 2020 287 2071 gii
320 2021 663 2061 aedificationem
696 2026 942 2063 necessaria
971 2031 1084 2065 sunt.
1119 2027 1243 2076 Quae
1273 2033 1480 2078 quantum
1510 2029 1564 2069 R.
1596 2030 1646 2069 P.
1680 2029 1836 2081 Bapti-

230 2093 300 2129 sta
321 2099 342 2123 Ξ
362 2105 438 2130 sua
456 2092 676 2141 industria,
700 2095 861 2143 labore,
884 2097 1132 2147 praesentia
1151 2102 1427 2149 promoueat,
1451 2113 1539 2139 non
1558 2100 1687 2139 facile
1718 2096 1835 2140 dixe-

233 2162 323 2200 rim.
357 2163 439 2200 Res
470 2175 572 2201 uero
603 2164 694 2215 ipsa
722 2166 825 2204 satis
853 2167 1057 2218 loquitur,
1089 2167 1207 2219 quod
1236 2169 1320 2207 iam
1342 2174 1509 2209 tantum
1532 2171 1662 2210 calcis
1683 2175 1836 2223 totque

232 2231 393 2283 lapides
427 2233 598 2272 aduecti
631 2235 728 2282 sint,
765 2242 869 2286 quot
902 2250 1014 2288 pene
1054 2238 1260 2278 sufficere
1298 2245 1521 2291 poterunt,
1563 2246 1651 2281 tam
1689 2242 1839 2294 templi

233 2316 356 2353 quam
379 2304 550 2355 collegii
570 2305 858 2346 fundamentis
878 2309 1102 2349 iaciendis.
1125 2310 1311 2350 Accedit
1333 2313 1464 2351 etiam
1490 2314 1532 2351 in
1562 2313 1657 2353 dies
1687 2326 1838 2366 quaer-

233 2385 307 2411 nas
337 2374 480 2412 trabes
510 2375 680 2423 aduehi,
712 2391 887 2428 quarum
908 2379 991 2418 iam
1013 2381 1032 2406 h
1054 2382 1263 2421 maiorem
1282 2388 1451 2433 partem
1478 2397 1599 2424 nunc
1618 2385 1689 2424 hic
1708 2385 1837 2423 habe-

236 2457 341 2482 mus.
367 2445 580 2496 Quodque
601 2449 740 2488 multo
761 2450 825 2488 his
847 2451 982 2490 maius
1005 2457 1085 2500 est,
1108 2451 1143 2491 is
1163 2453 1224 2492 ita
1240 2454 1537 2495 Mecoenatisi
1561 2440 1734 2496 ⁴’nostri
1753 2455 1837 2495 ani-

278 2574 296 2593 a
346 2575 482 2612 adiuti.
535 2578 597 2602 —b
619 2578 856 2616 existimatio
870 2580 910 2617 in
924 2581 997 2618 hac
1015 2588 1144 2629 parte.
1199 2592 1262 2610 —0
1280 2585 1489 2631 possimus.
1536 2588 1602 2612 —d
1623 2587 1711 2624 R.is
1729 2586 1837 2624 P.bus

234 2647 296 2665 —e
313 2639 496 2685 ipsorum.
549 2643 605 2667 —f
637 2648 674 2679 et
694 2649 828 2690 supra
845 2656 957 2683 vers.
1015 2656 1083 2682 —g
1102 2648 1185 2686 ille.
1240 2651 1306 2676 —h
1328 2650 1407 2688 iam
1426 2656 1565 2698 supra
1583 2663 1698 2690 vers.

242 2700 289 2725 -i
318 2698 426 2735 R.¹1²¹
447 2701 630 2748 episcopi.

281 2829 287 2848 ¹
340 2827 385 2865 P.
404 2829 674 2878 Hieronymus
693 2832 752 2871 Le
767 2834 860 2873 Bas.

278 2891 291 2911 ²
341 2891 384 2929 P.
401 2892 574 2938 Jacobus
593 2895 800 2935 Morellus.
823 2899 885 2937 Cf.
907 2901 1007 2939 Lz'tt.
1028 2902 1277 2950 Quadrim.,
1299 2905 1354 2952 V,
1372 2906 1454 2944 834.

277 2950 290 2970 ⁸
341 2949 385 2986 Ρ.
405 2950 585 2998 Baptista
605 2954 737 2993 Viola.

278 3009 292 3028 ⁴
340 3008 570 3049 Gulielmus
587 3026 609 3050 a
629 3012 747 3053 Prato
766 3016 831 3062 (du
850 3018 959 3066 Prat)
981 3020 1189 3070 episcopus
1205 3024 1547 3063 claromontanus,

1896 1870 1900 1952 ἱ

1896 1959 1901 2052 i
