1908 3446
181 219 250 255 758
644 219 860 254 [ATTERAE
890 217 1245 262 QUADRIMESTRES

133 320 214 358 hac
250 321 290 358 in
324 326 447 370 parte
481 325 677 358 nostrum
700 318 884 356 maxime
906 318 1219 368 approbabant.
1245 319 1373 355 Rmus
1395 329 1502 355 uero
1527 317 1757 367 episcopus

134 390 384 430 viennensis
407 392 432 439 ¹,
456 390 509 429 ad
526 403 654 442 quem
674 390 803 427 etiam
827 389 971 426 statim
992 388 1106 427 fama
1126 388 1252 426 huius
1270 389 1333 426 rei
1353 393 1631 438 peruenerat,
1657 389 1756 426 dum

135 476 210 514 per
234 476 279 501 se
299 463 455 501 clarius
476 462 519 500 id
542 461 842 511 cognouisset,
881 466 925 497 et
959 472 1051 498 rem
1086 460 1138 497 ab
1177 460 1374 498 omnibus
1410 459 1756 497 commendatam

135 533 321 584 proprijs
352 533 616 583 inspexisset
641 532 793 568 oculis:
821 530 1093 568 ornatissime
1117 543 1212 577 uos,
1237 530 1388 580 inquit,
1413 531 1548 567 altare
1571 530 1758 576 Domini,

135 618 215 643 nos
237 617 344 643 uero
377 615 547 642 mensas
580 615 795 640 ornamus.
831 600 976 639 Allicit
1006 602 1152 652 itaque
1186 602 1415 652 plurimum
1448 606 1624 639 ornatus
1659 601 1757 648 iste,

138 677 233 715 Deo
265 676 442 714 infinitis
473 674 613 712 modis
644 674 861 723 rebusque
894 672 1050 711 diuinis
1081 672 1269 719 debitus,
1303 672 1356 710 ad
1386 672 1595 723 pietatem
1616 685 1760 722 quam-

135 748 343 798 plurimos
378 758 701 798 germanorum,
739 745 809 794 qui
845 743 887 782 id
921 744 1061 794 ipsum
1097 756 1121 781 a
1155 744 1390 782 maioribus
1426 744 1513 781 suis
1547 744 1760 782 honestis-

136 820 290 858 simum
322 830 494 869 semper
525 816 658 855 fuisse
691 818 785 854 Deo
819 816 1066 866 sanctisque
1098 816 1185 853 suis
1216 805 1402 853 maxime
1426 814 1635 862 debitum,
1662 816 1761 853 olim

138 896 259 928 certe
291 889 552 927 didicerunt.
592 887 688 925 Fuit
722 887 835 924 inter
870 887 974 924 alias
995 886 1148 924 mulier
1170 886 1398 937 quaedam,
1422 899 1508 924 non
1530 886 1762 924 admodum

137 961 308 1012 pinguis
330 960 548 1005 fortunae,
573 970 685 1009 quae
709 970 804 995 cum
827 957 937 995 duos
960 957 1135 995 daleros
1156 957 1198 995 in
1219 970 1343 995 usum
1365 957 1635 995 tabernaculi
1653 970 1763 994 sum-

138 1046 205 1070 ma
227 1031 513 1070 contentione
537 1029 670 1079 recipi
692 1041 716 1066 a
736 1029 897 1066 nostris
918 1028 1146 1075 uoluisset,
1171 1040 1305 1079 aegro
1337 1028 1480 1066 animo
1511 1028 1682 1067 ferebat
1717 1040 1764 1065 se

139 1117 190 1142 ea
223 1104 265 1141 in
300 1116 345 1141 re
382 1100 471 1153 pati
506 1101 737 1151 repulsam,
770 1100 961 1138 Nolebat
983 1100 1097 1138 enim
1119 1100 1169 1146 is,
1194 1099 1264 1150 qui
1286 1099 1438 1150 templi
1467 1111 1611 1137 curam
1634 1099 1763 1150 gerit,

138 1175 367 1227 quicquam
389 1174 442 1212 ab
465 1185 517 1211 ea
537 1173 754 1223 accipere,
774 1171 891 1222 quod
913 1171 1045 1209 sciret
1065 1184 1153 1210 non
1175 1183 1313 1222 usque
1335 1170 1447 1209 adeo
1471 1171 1651 1209 diuitem
1671 1183 1765 1210 earn

140 1260 255 1294 esse,
279 1251 325 1284 ut
348 1246 456 1284 citra
477 1244 652 1295 aliquod
673 1242 999 1282 incommodum
1021 1243 1106 1282 hoc
1135 1243 1303 1281 faceret
1336 1243 1660 1293 eleemosynae.
1693 1244 1768 1281 Illa

140 1331 246 1356 uero
269 1318 384 1355 nulla
405 1316 575 1354 ratione
592 1313 759 1366 quieuit
776 1314 918 1353 donec
939 1314 1202 1365 impetrauit,
1222 1320 1268 1353 ut
1291 1327 1342 1353 ea
1363 1314 1548 1365 pecunia
1570 1313 1611 1352 ei
1630 1314 1709 1361 rei,
1734 1314 1767 1352 si

138 1390 180 1428 id
210 1389 324 1427 forte
355 1387 600 1426 necessitas
629 1388 874 1437 postularet
895 1393 928 1433 a,
961 1385 1386 1425 accommodaretur.
1420 1386 1517 1424 Fuit
1537 1391 1770 1437 praeterea

141 1462 203 1499 uir
238 1461 346 1499 alius
381 1461 595 1497 honestae
632 1457 912 1505 conditionis,
950 1458 1022 1508 qui
1051 1471 1138 1496 non
1173 1457 1328 1496 minori
1363 1458 1525 1496 affectu
1559 1470 1635 1496 uas
1668 1459 1767 1496 oleo

141 1538 291 1571 sancto
314 1529 582 1570 asseruando
606 1529 1124 1576 accommodatissimum,
1148 1542 1233 1580 quo
1255 1530 1484 1580 plurimum
1512 1530 1766 1580 egebamus,

141 1615 298 1654 magno
320 1602 424 1640 satis
445 1601 595 1652 precio
617 1613 671 1639 ex
694 1605 878 1651 argento
899 1605 941 1638 et
963 1613 1068 1638 auro
1092 1600 1255 1651 templo
1272 1606 1425 1639 nostro
1444 1600 1652 1639 confecit.
1675 1601 1770 1638 Hac

142 1686 245 1712 sane
267 1673 437 1711 ratione
459 1671 625 1722 pietate
649 1684 726 1709 sua
746 1671 943 1722 germani
973 1671 1038 1721 (ut
1068 1670 1121 1709 de
1153 1671 1343 1721 hispanis
1371 1670 1475 1709 nihil
1511 1671 1581 1709 hic
1611 1670 1770 1721 dicam)

141 1759 222 1784 nos
257 1757 310 1783 eo
347 1744 635 1782 uehementer
666 1742 908 1793 impellunt,
941 1746 987 1780 ut
1017 1755 1105 1780 non
1125 1743 1400 1793 quiescamus
1422 1743 1567 1781 donec
1587 1743 1767 1793 reliqua,

143 1828 254 1868 quae
274 1815 328 1853 ad
348 1816 557 1866 pietatem
579 1815 741 1865 pariter
765 1820 809 1852 et
831 1815 994 1852 cultum
1017 1814 1209 1852 diuinum
1231 1827 1282 1853 ac
1302 1815 1452 1866 templi
1473 1815 1612 1853 nostri
1648 1827 1770 1853 orna-

143 1894 232 1926 tum
254 1887 546 1938 requiruntur,
571 1886 735 1924 maiore
754 1898 882 1936 quam
904 1892 1034 1924 antea
1056 1899 1131 1937 spe
1152 1885 1408 1937 perficiendi
1425 1886 1542 1937 quod
1564 1892 1767 1937 coeptum

144 1964 225 2006 est,
263 1958 482 1997 conficere
519 1957 841 2009 aggrediamur.
881 1958 1015 1995 Multa
1047 1958 1118 1996 hic
1153 1958 1381 1996 breuitatis
1413 1970 1544 1996 causa
1575 1959 1770 1996 omittam

142 2031 269 2069 huius
289 2030 466 2081 generis
498 2029 642 2068 officia
672 2042 979 2080 germanorum
1014 2028 1177 2079 pariter
1211 2042 1262 2068 ac
1296 2029 1591 2080 hispanorum,
1627 2042 1770 2080 neque

144 2102 331 2140 referam
361 2113 412 2139 ea
444 2101 586 2139 omnia
617 2113 728 2151 quae
759 2101 825 2139 his
856 2105 1041 2151 quatuor
1072 2101 1294 2139 mensibus
1324 2099 1424 2139 data
1454 2106 1554 2139 sunt
1574 2101 1700 2140 nobis
1721 2114 1772 2140 ac

148 2172 311 2223 templo
336 2177 608 2210 consecrata.

198 2255 236 2293 4.
299 2243 501 2293 Quinque
523 2243 614 2293 pari
636 2243 780 2282 studio
803 2256 854 2282 ac
874 2243 1052 2281 feruore
1073 2242 1115 2281 in
1137 2243 1409 2282 Societatem
1430 2243 1598 2282 admitti
1624 2250 1772 2295 postu-

146 2316 302 2363 larunt,
326 2327 404 2365 pro
422 2315 593 2352 duobus
613 2315 694 2366 ipsi
712 2314 842 2354 etiam
862 2319 1070 2366 parentes
1089 2315 1323 2353 instabant.
1350 2316 1413 2353 Ex
1434 2315 1499 2354 his
1521 2321 1682 2364 tamen,
1702 2317 1772 2355 uel

146 2386 264 2438 quod
285 2392 478 2425 aetatem
499 2399 587 2424 non
608 2386 838 2434 haberent,
863 2388 934 2425 uel
955 2386 1072 2438 quod
1094 2387 1177 2425 alia
1197 2387 1367 2425 ratione
1389 2388 1542 2426 Patres
1561 2389 1700 2426 nostri
1729 2388 1773 2426 id

146 2458 321 2510 negocij
345 2458 387 2496 in
409 2457 525 2496 aliud
546 2463 719 2508 tempus
741 2457 1032 2497 differendum
1054 2464 1272 2509 putarent,
1296 2458 1509 2497 admissus
1531 2465 1598 2498 est
1624 2473 1769 2499 nemo.

148 2531 310 2569 Sextus
332 2541 440 2567 uero
461 2529 481 2553 b
503 2541 601 2566 cum
621 2529 664 2566 in
686 2529 978 2580 spiritualibus
1000 2530 1239 2580 exercitijs,
1263 2530 1418 2581 quibus
1438 2542 1516 2582 per
1538 2532 1773 2570 Rectorem

147 2605 345 2639 nostrum
368 2600 676 2647 exercebatur,
701 2613 801 2639 sese
824 2602 919 2639 Deo
942 2606 1265 2649 consecrasset,
1297 2601 1554 2640 iustissimas
1590 2603 1645 2641 ob
1677 2616 1773 2642 cau—

149 2685 233 2719 sas,
257 2675 303 2709 ut
332 2669 374 2709 in
405 2671 675 2710 Societatem
707 2671 995 2723 reciperetur,
1021 2672 1221 2711 obtinuit:
1255 2674 1294 2712 et
1324 2674 1442 2723 quod
1469 2672 1517 2712 in
1546 2673 1775 2726 exercitzjs

144 2746 226 2794 per
246 2755 291 2782 se
311 2743 590 2789 decreuerat,
615 2744 725 2780 uota
747 2741 990 2782 Societatis
1009 2742 1167 2782 statim
1197 2742 1359 2782 emisit.
1390 2744 1430 2782 Is
1459 2744 1595 2782 multa
1622 2743 1775 2784 nobili-

196 2880 216 2900 a
252 2881 283 2918 5
297 2890 365 2917 vv.
384 2884 529 2925 praec.
550 2880 596 2915 in
618 2890 756 2925 marg.
812 2880 876 2906 -b
903 2879 1016 2918 2vv.
1037 2884 1180 2927 praec.
1201 2884 1339 2927 supra
1356 2891 1482 2926 vers..
1504 2880 1641 2919 deleto
1657 2894 1772 2921 vnus.

200 3026 209 3045 ¹
262 3021 466 3061 Antonius
485 3021 590 3060 Brus
608 3022 657 3060 de
676 3021 860 3070 Muglitz.
