1908 3446
542 30 609 59 st&

511 161 897 201 432—V1N00130NA
927 162 968 200 17
994 162 1255 200 SEPTEMBms
1281 158 1371 200 1560
1634 159 1704 199 879

129 263 218 301 scio
242 263 463 313 quomodo
486 270 533 302 vt
555 280 572 290 -ι
594 265 722 303 istum
746 265 948 313 azidierit3
972 266 1031 303 ita
1053 270 1236 315 repente
1258 269 1449 303 mutatus
1482 269 1563 310 est,
1589 270 1633 302 ut
1664 277 1749 302 non

129 335 266 372 solum
296 333 387 385 ipse
418 336 589 374 intersit
620 338 935 375 catholicorum
967 336 1097 375 modo
1132 338 1151 362 b
1180 336 1479 382 concionibus,
1512 336 1589 373 sed
1622 337 1750 373 etiam

128 406 235 443 alios
252 404 304 443 ad
326 406 411 444 hoc
442 407 715 446 exhortetur.
740 409 786 445 In
821 413 972 446 nostro
995 408 1158 458 templo
1182 407 1507 458 conspiciuntur
1529 408 1610 445 iam
1630 408 1749 445 multi

127 476 198 526 qui
215 481 343 514 antea
360 490 536 526 prorsus
556 478 610 517 ab
627 479 801 530 antiqua
817 479 1030 529 religione
1050 485 1172 517 erant
1187 487 1203 505 0
1219 479 1362 526 alieni,
1382 492 1465 517 nec
1482 479 1620 517 solum
1644 485 1751 516 tem-

128 559 233 596 pore
265 548 504 595 concionis,
538 549 616 587 sed
639 550 770 588 etiam
791 548 832 588 in
863 563 1031 588 summo
1064 562 1188 588 sacro
1218 549 1426 600 templum
1457 555 1651 588 nostrum
1686 555 1750 586 est

127 618 256 655 solito
278 618 462 668 plenius.
488 620 541 657 Et
565 632 717 658 omnes
738 622 859 671 quasi
882 621 1081 667 heretici,
1114 621 1373 672 praesertim
1396 621 1590 659 Viennae
1614 620 1632 644 ⁴¹
1655 620 1751 657 sile-

127 702 172 726 re
218 688 416 726 uidentur
450 695 599 740 preter
634 705 765 729 unum
801 698 845 729 et
889 693 1073 729 alterum
1104 691 1318 729 fortassis.
1354 692 1592 730 Doctorem
1627 691 1752 728 Phili-

128 772 227 796 num
270 764 294 806 ¹,
336 761 591 812 theologiae
631 762 929 812 professorem
970 763 1011 800 in
1052 763 1354 809 uniuersitate,
1395 762 1540 800 ferunt
1579 762 1751 813 publice.

128 831 435 870 comunionem
457 833 536 870 sub
558 838 741 884 utraque
763 833 944 881 docere,
969 834 1041 883 qui
1064 833 1194 872 etiam
1216 834 1389 885 publice
1413 834 1466 872 de
1491 833 1644 872 eadem
1668 847 1752 871 ma-

128 902 238 939 teria
267 902 510 951 positiones
541 903 789 942 heraeticas
820 904 1106 951 defendisset,
1139 905 1220 942 nisi
1251 905 1422 955 legatus
1452 905 1721 955 apostolicus
1742 908 1754 924 '²

129 978 312 1011 conatus
336 972 430 1011 eius
451 981 468 999 e
490 975 790 1025 repressisset.
815 976 891 1013 Est
915 981 957 1013 et
989 977 1097 1014 alius
1119 976 1292 1026 quidam
1323 976 1549 1026 professor
1584 977 1754 1013 uniuer-

127 1044 280 1092 sitatis,
306 1046 577 1084 Muschlerus
611 1047 789 1084 nomine
811 1047 838 1093 ⁸,
863 1047 974 1085 male
997 1047 1114 1095 fidei,
1139 1053 1319 1098 propter
1340 1047 1457 1098 quod
1488 1048 1666 1085 scholae
1698 1048 1753 1084 ci-

127 1116 272 1154 uitatis
300 1117 497 1167 regimen
529 1123 597 1155 est
626 1118 680 1155 ab
711 1118 783 1156 illo
815 1118 856 1155 in
889 1118 1152 1156 catholicum
1183 1118 1401 1169 quendam
1431 1119 1442 1142 f
1482 1119 1751 1164 translatum,

126 1188 197 1237 qui
220 1193 365 1225 tamen
386 1188 587 1238 priuatim
606 1189 753 1238 plures
772 1193 815 1227 et
833 1189 993 1227 ciuium
1013 1196 1055 1227 et
1073 1190 1282 1228 nobilium
1304 1190 1417 1228 filios
1439 1189 1582 1228 adhuc
1603 1190 1751 1233 docet,

127 1265 256 1308 atque
279 1260 431 1310 procul
466 1259 598 1298 dubio
630 1273 706 1298 sua
728 1260 943 1311 prauitate
975 1262 1206 1299 inocentes
1234 1262 1384 1299 inficit.
1415 1261 1482 1299 Ad
1511 1261 1626 1299 hunc
1656 1275 1751 1299 cum

129 1331 264 1369 semel
297 1343 350 1369 ex
381 1332 653 1370 scholaribus
680 1332 840 1370 nostris
868 1332 1020 1384 aliquis
1043 1333 1306 1371 accessisset
1327 1340 1364 1379 g,
1388 1338 1435 1371 ut
1464 1332 1624 1370 auxilio
1642 1333 1754 1370 illius

127 1401 240 1452 apud
256 1403 274 1426 ¹¹
291 1401 514 1440 dominum
544 1403 761 1454 quendam
793 1404 802 1428 ἱ
833 1410 1185 1454 promoueretur,
1210 1417 1306 1442 cum
1324 1404 1615 1442 intellexisset
1636 1404 1752 1441 illum

129 1485 226 1510 esse
258 1472 501 1511 studiosum
533 1474 739 1525 collegii]
770 1474 1020 1522 Societatis,
1055 1476 1199 1513 statim
1230 1474 1353 1513 dixit:
1385 1488 1567 1525 quorum
1603 1474 1753 1512 lectio-

128 1556 205 1582 nes
229 1544 248 1568 k
276 1544 414 1592 audis,
446 1546 640 1597 ipsorum
671 1552 797 1585 utere
828 1547 1004 1591 auxilio,
1039 1547 1151 1584 uade
1182 1547 1236 1585 ad
1265 1552 1366 1586 tuos
1397 1547 1590 1586 iesuitas.
1625 1546 1753 1596 Quod

128 1616 251 1664 plura
284 1628 372 1654 non
406 1616 636 1655 audiantur
681 1617 736 1656 de
767 1619 991 1665 hereticis,
1038 1618 1291 1656 adscribunt
1332 1618 1461 1669 aliqui
1503 1618 1754 1669 presentiae

129 1686 318 1725 caesaris
340 1692 385 1725 et
407 1688 541 1739 legati
561 1689 791 1739 apostolici
825 1689 850 1736 ¹,
883 1690 955 1740 qui
977 1689 1190 1727 mandatis
1213 1697 1242 1714 m
1267 1695 1311 1727 et
1337 1702 1415 1728 suo
1440 1688 1643 1738 exemplo
1664 1688 1754 1738 plu-

128 1770 198 1795 res
218 1758 260 1796 in
284 1758 431 1797 officio
455 1761 666 1798 continet.
692 1760 826 1798 Extra
846 1766 993 1799 tamen
1016 1760 1240 1798 ciuitatem
1276 1761 1317 1798 in
1346 1760 1754 1798 circumiacentibus

128 1830 249 1881 pagis
271 1843 322 1869 ac
345 1831 514 1882 oppidis
535 1832 730 1879 liberius,
754 1839 800 1870 ut
821 1832 968 1880 audio,
992 1838 1126 1883 agunt
1147 1833 1348 1871 heretici.
1373 1833 1418 1871 Si
1439 1831 1754 1870 animaduerta-

127 1907 195 1939 tur
223 1901 452 1953 aliquando
483 1904 524 1942 in
559 1903 671 1951 illos,
709 1903 762 1942 ad
795 1905 879 1942 alia
908 1905 1129 1955 fugientes
1159 1905 1257 1943 loca
1277 1911 1312 1951 ¹³¹,
1344 1903 1459 1942 idern
1494 1904 1673 1951 faciunt3
1711 1909 1754 1941 et

127 1987 225 2012 cum
257 1987 412 2026 magna
443 1976 604 2027 ubique
636 1977 997 2014 concionatorum
1033 1977 1214 2027 penuria
1243 1977 1312 2023 sit,
1350 1976 1493 2014 locum
1528 1975 1754 2014 inueniunt

126 2045 252 2083 facile
274 2053 307 2084 ⁰.
330 2046 452 2085 Multi
475 2047 589 2085 enirn
610 2049 716 2085 sunt
746 2047 809 2086 ibi
827 2046 1029 2098 persuasi
1050 2054 1070 2081 Ρ
1090 2053 1289 2098 prestare
1312 2047 1485 2093 malum,
1508 2060 1635 2097 quam
1664 2047 1735 2084 nul

173 2228 191 2245 a
234 2224 274 2255 vt
292 2224 429 2267 supra
465 2231 574 2257 vers.
629 2222 694 2246 —b
732 2221 847 2257 modo
889 2226 1027 2266 supra
1061 2232 1169 2258 vers.
1224 2230 1287 2248 —c
1324 2226 1441 2258 erant
1471 2226 1606 2267 supra
1642 2231 1751 2269 vens,

129 2280 193 2304 -d
216 2279 399 2316 Emend,
422 2291 473 2317 ex
491 2281 531 2316 in
552 2279 727 2317 Vienna.
782 2302 813 2304 -ν
829 2288 846 2306 e
878 2280 1064 2317 Emend.
1086 2291 1136 2318 ex
1154 2294 1259 2318 suos.
1314 2282 1371 2306 -f
1394 2281 1595 2328 quendam
1616 2286 1752 2326 supra

125 2350 234 2376 vers.
287 2347 357 2372 -Ξ
379 2339 564 2377 Emend.
579 2351 630 2377 ex
644 2339 826 2377 accessit.
869 2340 935 2364 -h
969 2340 1147 2377 Videtur
1161 2341 1328 2378 emend.
1348 2340 1536 2377 Polanci
1549 2351 1688 2377 mmm
1705 2351 1754 2377 ex

125 2398 189 2435 ad.
242 2399 300 2424 -1
330 2398 528 2436 Praec.v
557 2404 694 2445 supra
714 2409 822 2442 vers,
877 2401 931 2432 —J'
964 2399 1147 2437 Emend.
1165 2401 1268 2437 exin
1289 2399 1476 2445 collegio.
1531 2420 1551 2423 -
1578 2400 1596 2424 k
1621 2399 1754 2436 Prius

126 2457 357 2494 lectionem.
410 2460 467 2484 -1
494 2458 608 2496 3vv.
628 2464 771 2505 praec.
808 2465 946 2505 supra
974 2471 1082 2497 vers.
1106 2460 1260 2497 eadem
1280 2470 1432 2496 mmm.
1488 2467 1563 2484 —ffl
1586 2459 1639 2496 ln
1671 2470 1753 2496 ms'.

125 2517 304 2555 videtur
333 2511 547 2564 scrihtmn
583 2518 783 2555 mandilis.
839 2526 906 2543 -11
928 2519 1016 2556 loca
1042 2524 1179 2564 supra
1210 2530 1319 2556 vers.
1378 2526 1441 2545 —0
1479 2518 1597 2555 facile
1616 2524 1753 2564 supra

125 2588 236 2614 vers.
289 2585 355 2611 —p
375 2577 451 2615 sibi
471 2584 777 2624 persuaserunt.

172 2734 182 2754 ¹
233 2732 271 2771 Is
293 2733 450 2771 videtur
469 2745 558 2771 esse
577 2731 819 2770 Leonardus
840 2732 1021 2770 Villinus
1042 2732 1239 2778 (Hoefler)
1257 2734 1306 2770 de
1325 2746 1404 2781 quo
1430 2733 1536 2780 apud
1565 2733 1752 2770 BRAUNS-

125 2803 307 2836 BERGER,
329 2793 355 2831 1.
372 2805 422 2838 c.,
446 2792 524 2835 149,
544 2792 627 2837 395,
646 2792 729 2829 573.

172 2852 186 2871 ²
235 2851 466 2890 Stanislaus
483 2852 647 2889 Hosius.

171 2912 184 2931 ⁸
234 2910 441 2958 Georgius
476 2911 747 2948 Muschlerus.
786 2910 849 2948 Cf.
894 2910 1148 2955 STEINHERZ,
1194 2912 1630 2950 Nuntiaturberichte
1668 2923 1752 2950 aus

126 2970 448 3016 Deutschlaud,
473 2970 585 3008 1560-
607 2971 706 3007 1572.
733 2970 824 3008 Vol.
842 2970 872 3014 Ι,
893 2970 963 3007 210
977 2991 988 2997 -
1003 2970 1086 3015 211,
1107 2971 1190 3015 215,
1209 2971 1279 3009 223
1295 2992 1307 2998 -
1320 2971 1402 3010 225.
