1908 3446
263 261 309 297 66
732 257 951 298 errERAE
978 261 1336 306 QuAmuMasTizEs

219 362 354 404 tione.
391 362 432 400 in
467 362 622 413 quibus
652 362 732 400 fuit
763 363 980 414 integrum
1017 361 1380 401 santimonialium
1417 360 1698 409 coenobium,
1736 375 1844 413 quae

219 447 372 473 omnes
408 435 609 472 confiteri
645 440 688 472 et
723 448 800 485 per
835 447 985 473 manus
1015 440 1266 473 nostrorum
1298 446 1462 472 sacram
1495 433 1844 472 communionem

217 506 420 556 accipere
443 505 694 544 voluerunt.
720 506 994 556 Expetuntur
1024 506 1153 544 etiam
1186 504 1323 544 nostri
1355 505 1499 542 multis
1528 503 1569 543 in
1600 504 1708 543 locis
1740 505 1846 542 Mar-

218 577 310 615 ciae
332 577 405 615 vel
427 575 481 615 ad
501 589 634 627 paces
657 578 998 628 componendas,
1026 577 1093 615 vel
1126 574 1179 615 ad
1211 575 1467 627 erigendum
1490 589 1650 614 nonum
1673 576 1845 626 aliquod

218 648 468 700 collegium,
497 649 566 686 vel
598 654 643 686 vt
665 649 819 687 saltem
843 647 915 686 diu
939 653 1088 699 optata
1117 654 1366 686 nostrorum
1398 646 1620 697 presentia
1649 645 1731 684 frui
1750 659 1848 697 pos·-

216 721 318 768 sint,
339 720 475 770 fitque
497 720 714 758 interdum
739 725 784 758 vt
807 726 986 770 propter
1008 720 1149 758 varias
1174 718 1488 770 occupationes
1517 724 1603 756 tam
1631 717 1711 768 piis
1733 719 1848 756 votis

216 791 470 830 satisfacere
493 804 579 829 non
597 791 828 842 possimus.
851 791 1021 841 Quodsi
1042 791 1274 841 aliquoties
1296 791 1414 841 ipsos
1435 790 1650 828 inuisendi
1673 792 1846 829 occasio

215 864 445 913 tribuatur,
480 869 602 904 tanta
637 864 849 904 charitate
882 862 1101 913 tantisque
1134 862 1288 901 officiis
1323 875 1403 900 nos
1439 867 1779 912 prosequuntur:
1804 867 1847 899 vt

214 935 489 975 admirationi
519 937 665 987 potius
697 949 823 986 quam
860 933 1151 973 consolationi
1182 934 1308 972 nobis
1348 946 1446 971 esse
1477 932 1738 970 videantur„
1761 932 1847 969 Sed

215 1008 300 1046 hoc
322 1012 447 1046 extra
467 1008 668 1059 proprios
690 1012 754 1052 (vt
772 1007 909 1054 aiunt)
927 1006 1054 1044 lares.
1080 1005 1207 1044 Nunc
1229 1018 1337 1043 vero
1361 1004 1463 1054 quid
1481 1004 1599 1042 domi
1617 1003 1669 1041 sit
1687 1004 1845 1042 factum

213 1079 363 1129 paucis
386 1078 650 1130 aperiamus
672 1087 688 1103 2¹
710 1109 718 1117 .

268 1161 304 1199 7.
367 1150 571 1189 Proxime
605 1151 753 1202 elapso
787 1150 979 1188 aduentu
1016 1147 1203 1196 Domini,
1241 1154 1392 1186 noster
1440 1148 1484 1185 R.
1522 1148 1566 1185 P.
1601 1152 1749 1186 rector
1783 1152 1848 1184 est

215 1221 500 1261 concionatus
535 1222 576 1260 in
612 1222 775 1272 templo
814 1224 861 1260 Β.
896 1222 1085 1273 Virginis
1116 1220 1306 1271 maglno]
1331 1217 1351 1241 b
1374 1219 1564 1257 omnium
1595 1230 1776 1256 assensu
1806 1223 1848 1255 et

215 1291 533 1331 consolatione.
558 1293 741 1331 Tantam
774 1293 886 1331 enim
920 1292 1103 1343 gratiam
1127 1291 1166 1329 ei
1195 1290 1376 1341 largitus
1409 1295 1475 1328 est
1504 1290 1638 1336 Deus,
1663 1292 1709 1327 vt
1738 1288 1847 1340 seip-

213 1376 307 1402 sum
325 1376 556 1414 superasse
576 1367 619 1401 et
637 1362 820 1402 aliorum
841 1363 1029 1401 omnium
1051 1362 1165 1400 votis
1182 1361 1463 1412 respondisse
1480 1360 1609 1399 facile
1628 1360 1844 1399 videatur.

214 1434 485 1474 Audiebatur
507 1448 531 1473 a
552 1435 696 1474 inultis
719 1447 886 1473 summa
908 1434 1133 1477 auiditate,
1159 1434 1215 1471 ob
1243 1432 1374 1482 idque
1404 1432 1728 1483 frequentiores
1750 1431 1847 1469 soli-

211 1511 257 1544 to
281 1507 520 1546 conciones
546 1507 711 1545 habere
743 1513 809 1544 est
844 1510 1041 1547 coactus:
1074 1505 1115 1543 in
1150 1504 1320 1555 quibus,
1352 1503 1583 1542 concitatis
1613 1503 1846 1541 multorum

212 1578 379 1627 animis,
403 1578 507 1617 illud
540 1578 669 1617 etiarn
699 1577 804 1617 boni
836 1577 999 1624 effecit,
1034 1578 1152 1627 qnod
1173 1584 1189 1601 ⁰
1211 1576 1333 1614 multi
1363 1581 1568 1625 parentes
1598 1579 1846 1612 nostrorum

214 1649 529 1700 oppidanorum
570 1663 673 1688 suos
713 1650 766 1688 ad
807 1662 886 1687 nos
927 1649 1089 1687 liberos
1128 1646 1493 1686 transmittendos
1537 1650 1760 1693 curarent,
1805 1651 1847 1683 et

213 1721 355 1759 adhuc
376 1721 395 1746 <¹
412 1727 597 1773 augetur
614 1721 762 1759 talium
783 1720 1061 1760 scholarium
1083 1727 1100 1745 θ
1125 1731 1347 1764 numerus,
1368 1718 1440 1767 qui
1455 1717 1496 1755 in
1514 1716 1670 1755 litteris
1689 1722 1733 1755 et
1746 1716 1847 1754 doc-

212 1792 350 1830 trinae
387 1793 650 1831 christianae
687 1791 963 1830 documentis
999 1790 1334 1841 diligentissime
1368 1788 1637 1826 erudiuntur.
1672 1788 1847 1826 Habent

214 1865 327 1902 enim
349 1877 437 1902 non
459 1865 600 1902 solum
620 1869 975 1915 praeceptorem,
1000 1861 1072 1913 qui
1096 1874 1173 1900 eos
1196 1859 1412 1900 continno
1436 1860 1446 1883 f
1487 1859 1620 1897 docet
1643 1864 1686 1896 et
1708 1859 1761 1897 ad
1785 1871 1846 1896 sa-

213 1949 332 1974 crum
355 1935 619 1974 audiendum
639 1941 819 1987 propter
842 1935 1024 1973 aliorum
1062 1932 1416 1972 aedificationem
1444 1929 1640 1982 quotidie
1663 1931 1781 1969 ducit
1805 1936 1846 1967 et

214 2007 399 2056 reducit,
424 2008 502 2046 sed
526 2009 657 2046 etiam
680 2007 959 2046 sacerdotem
984 2019 1115 2044 vnum
1139 2019 1191 2043 ex
1215 2005 1376 2043 nostris
1398 2004 1471 2054 qui
1493 2015 1570 2041 eos
1601 2002 1774 2052 publice
1797 2014 1847 2040 ac

213 2079 413 2133 priuatim
436 2092 548 2132 quae
570 2079 624 2118 ad
644 2079 776 2117 fidem
800 2084 843 2116 et
864 2079 1006 2117 bonos
1030 2089 1174 2116 mores
1195 2076 1432 2126 pertinent,
1468 2074 1642 2113 edocet.
1667 2075 1732 2111 Ex
1760 2086 1844 2124 quo

212 2153 366 2202 ingens
401 2153 728 2190 lauretanorum
759 2150 1023 2197 aedificatio,
1069 2161 1279 2199 amorque
1314 2160 1419 2198 erga
1440 2146 1711 2185 Societatem
1732 2145 1846 2183 solet

208 2235 485 2274 promanare.
509 2222 646 2261 Simili
668 2223 798 2261 etiarn
820 2222 989 2260 ratione
1009 2221 1254 2259 edocentur
1273 2218 1469 2271 quotidie
1487 2230 1703 2269 pauperes
1726 2222 1858 2255 ante—⁷

212 2308 340 2345 quam
361 2293 656 2341 commedant,
680 2298 727 2331 vt
758 2293 828 2331 vel
851 2293 912 2331 sic
943 2291 1112 2331 discant
1144 2296 1392 2330 creatorem
1423 2289 1845 2338 benefactoremque

213 2380 336 2404 suum
359 2378 620 2418 agnoscere,
652 2377 839 2414 seseque
871 2368 1022 2415 gratos
1052 2364 1111 2402 illi
1144 2363 1340 2401 exibere.
1376 2361 1635 2399 Alliciuntur
1665 2361 1747 2398 hac
1779 2359 1846 2397 via

212 2436 338 2476 multi
363 2435 417 2475 ad
448 2435 773 2476 confessionem
812 2440 855 2473 et
885 2435 938 2473 ad
961 2435 1155 2473 melioris
1177 2434 1294 2472 vitae
1317 2445 1529 2471 normam.
1557 2430 1687 2482 Quod
1719 2431 1846 2482 siqui
1902 2460 1904 2465 ,

213 2510 325 2547 inter
349 2521 427 2547 eos
449 2509 722 2560 reperiantur
744 2507 883 2545 minus
904 2505 1094 2553 honesti,
1115 2511 1202 2543 tarn
1223 2504 1305 2543 viri
1321 2517 1449 2554 quam
1468 2503 1690 2550 mulieres,
1714 2515 1844 2540 anno·

213 2592 294 2618 nae
316 2578 639 2618 substractione
660 2578 713 2616 ad
746 2577 951 2616 virtutem
980 2578 1349 2626 honestatemque
1380 2575 1662 2613 reducuntur.
1687 2574 1842 2612 Solent

215 2651 345 2689 etiam
382 2651 520 2690 nostri
552 2651 807 2701 collegiales
838 2649 992 2688 diebus
1028 2647 1257 2687 dominicis
1294 2653 1337 2685 et
1366 2647 1489 2685 festis
1522 2646 1843 2685 xenodochium
1902 2692 1906 2703 Ι

212 2727 390 2760 nostrae
408 2721 511 2761 fidei
532 2735 557 2760 a
579 2723 688 2760 R.¹¹¹0
723 2721 839 2760 card.
875 2720 1075 2771 carpensi
1105 2720 1188 2758 iam
1218 2719 1387 2770 pridem
1408 2717 1614 2756 traditum
1636 2716 1842 2763 inuisere,
1901 2754 1905 2760 ,

210 2806 348 2844 seque
375 2793 417 2832 in
444 2793 750 2833 concionando
777 2803 1005 2838 exercere,
1045 2797 1089 2829 et
1110 2789 1171 2829 sic
1192 2791 1239 2828 fit
1261 2795 1307 2828 vt
1331 2801 1554 2840 pauperes
1577 2786 1844 2826 multimodis

261 2964 279 2982 a
317 2956 531 3002 attingam.
603 2956 667 2980 —b
711 2955 979 2999 Consumpta
1011 2953 1178 2990 charta.
1252 2959 1314 2976 —0
1367 2956 1419 2988 vt.
1488 2951 1552 2976 —d
1585 2951 1625 2987 in
1656 2950 1754 2987 dies.

215 3024 279 3041 -θ
307 3014 655 3055 scholasticorum.
709 3014 767 3039 ——f
805 3013 984 3055 assidue.

1892 3293 1908 3446 m
