1908 3446
10 1326 19 1533 -am--asbd

482 141 870 179 328-V1Nu030NA
902 143 912 177 l
941 140 1141 186 JANUARH
1172 140 1260 175 1560
1567 139 1632 174 457

64 253 275 292 seruetur,
311 259 394 295 quo
429 245 705 283 xenodochia
736 243 950 292 (Domino
974 244 1083 282 lmec
1106 243 1219 280 bonci
1243 241 1433 280 consiliu
1461 242 1680 279 nimirum

62 320 244 369 propter
272 316 537 354 animarum
558 315 800 365 praecipue
828 316 1099 353 nostrarmn
1121 326 1174 352 ac
1198 313 1384 350 illorum
1410 312 1681 351 miserorum

16 407 17 410 ¹
62 390 251 427 salntem
289 388 583 438 suggerente)
623 393 722 423 sunt
762 386 972 431 instituta,
1015 397 1232 434 nunquam
1273 383 1496 428 deserent,
1540 383 1681 420 donec

64 459 230 500 CHRO.
250 459 381 509 JESV
403 460 516 496 bene
549 458 735 508 propitio
769 457 822 495 ad
855 457 1063 495 effectum
1096 468 1186 493 rem
1218 467 1272 492 ex
1303 455 1430 492 animi
1464 455 1680 492 sententia

63 531 291 570 deducant.
315 530 533 568 Effectum
556 535 788 579 praeterea
809 528 923 579 apud
939 528 1069 566 Caes.
1097 528 1149 564 M.
1176 531 1257 573 est,
1284 531 1329 563 ut
1352 531 1594 571 cantorum,
1614 527 1682 574 (de

63 601 218 652 quibus
240 599 360 639 alias
381 602 443 639 est
458 599 595 651 facta
619 599 805 647 mentio)
828 607 845 624 ἢ
867 601 1025 638 exacta
1051 598 1144 636 iam
1167 597 1271 648 few
1302 595 1518 646 stipendia
1547 596 1680 633 muni-

62 672 234 711 ficentia
265 673 464 711 Caesaris
494 671 848 709 sziblenarentnr
881 671 916 708 b.
951 669 1082 720 Quod
1113 668 1285 707 abunde
1317 667 1683 706 clementissimus

60 744 258 795 princeps
279 741 514 793 praestitit,
539 742 766 791 noluitque
791 747 835 778 ut
865 754 957 779 non
985 741 1134 779 solnm
1163 739 1248 777 illa
1284 741 1585 790 augerentur,
1609 740 1683 776 sed

65 817 109 853 ιιέ
128 824 205 862 250
226 816 264 852 et
295 813 492 864 amplius
515 812 709 864 florenis
740 812 1018 850 soluerentur
1055 823 1276 862 expensae
1308 810 1548 860 praeterito
1571 821 1682 847 anno

61 888 102 925 in
124 893 140 911 0
163 886 344 937 gratiam
370 884 584 924 Caesaris
605 898 683 935 pro
707 885 726 909 d
749 883 1015 923 cantoribus
1031 883 1392 934 praememoratis
1408 882 1566 919 factae.
1588 880 1685 929 Qua

66 960 235 996 l'atrum
257 960 506 994 nostrorum
529 956 800 993 humanitate
830 968 880 993 ac
915 954 1205 1005 frequentiori
1240 953 1461 1002 colloquio
1497 951 1684 1003 permoti

63 1031 241 1068 iuuenes
272 1028 342 1066 isti
363 1028 612 1078 pacatiores
635 1027 809 1074 redditi,
833 1040 883 1065 ac
905 1026 959 1065 ad
992 1028 1203 1077 pietatem
1224 1025 1534 1076 promptiores,
1559 1036 1684 1074 quam

64 1107 197 1148 erant,
219 1100 435 1138 uidentur.
456 1099 711 1150 Magnificus
729 1099 930 1137 dominus
947 1099 1225 1137 Gusmannus
1243 1105 1260 1122 θ
1284 1099 1412 1136 Caes.
1434 1096 1487 1135 M.
1509 1095 1685 1134 cubicu-

65 1171 211 1210 larius
231 1173 469 1221 supremus
489 1172 553 1220 (ut
570 1170 674 1208 nihil
696 1170 751 1208 de
774 1170 956 1208 aliorum
979 1170 1020 1207 in
1041 1183 1122 1207 nos
1144 1169 1352 1219 singulari
1373 1167 1686 1206 beneuolentiu

65 1244 219 1292 dicam)
236 1243 277 1281 in
300 1242 552 1293 Hispaniam
575 1242 825 1289 discedens,
850 1242 984 1279 multa
1009 1239 1222 1280 utensilia
1254 1241 1279 1287 f,
1305 1240 1363 1279 M.
1391 1239 1516 1278 Caes.
1550 1238 1686 1278 etiam

66 1316 298 1361 (minuente,
323 1314 449 1352 nobis
471 1313 649 1365 legauit
678 1320 714 1352 g.
735 1315 828 1364 Jam
850 1312 967 1362 quod
989 1311 1042 1350 ad
1065 1313 1348 1350 autoritatem
1378 1313 1553 1349 Patrum
1588 1323 1686 1347 nos-

63 1391 224 1424 trorum
247 1384 420 1431 attinet,
455 1383 563 1434 quid
593 1383 751 1422 multis
781 1385 892 1434 opus
921 1382 1005 1422 est?
1035 1383 1099 1420 Ex
1122 1382 1246 1421 unius
1269 1381 1469 1422 Caesaris
1491 1381 1668 1419 testimo

63 1458 147 1505 nio,
171 1458 338 1508 quanta
360 1456 379 1480 ¹¹
402 1457 456 1493 sit
477 1455 591 1507 apud
623 1461 827 1494 caeteros
865 1455 994 1494 facile
1031 1460 1098 1493 est
1128 1454 1296 1501 uidere,
1329 1456 1373 1492 vt
1408 1454 1479 1505 qui
1513 1458 1688 1491 nostros

65 1529 227 1580 magnis
245 1534 289 1567 et
310 1527 558 1566 difficilibus
581 1526 668 1565 suis
690 1527 732 1565 in
755 1527 948 1578 negotijs
970 1526 1023 1565 ad
1046 1539 1093 1564 se
1111 1539 1198 1565 non
1216 1526 1353 1564 semel
1369 1525 1619 1572 accersiuit3
1645 1530 1689 1562 et

64 1600 176 1652 quod
192 1599 233 1637 in
251 1612 421 1650 quaque
440 1612 487 1636 re
502 1598 635 1650 facto
655 1600 765 1648 opus
785 1599 894 1637 esset
922 1598 947 1645 i,
972 1596 1260 1636 libentissime
1278 1596 1458 1644 audiuit,
1479 1597 1687 1647 pluraque

65 1671 195 1721 (absit
229 1670 458 1710 electionis
492 1668 708 1720 suspicio)
744 1670 798 1707 de
835 1682 987 1707 eorum
1023 1669 1244 1708 sententia
1277 1668 1426 1720 (JESV
1463 1668 1688 1707 Seruatori

64 1750 211 1782 nostro
235 1744 288 1781 sit
310 1743 400 1781 laus
424 1748 468 1780 et
489 1742 649 1791 honor)
669 1741 876 1793 perfecit.

113 1826 150 1864 9.
213 1814 451 1854 Caeterum
486 1827 538 1852 ne
574 1812 661 1860 hic,
701 1814 820 1863 qnod
849 1813 1056 1852 maxima
1087 1811 1169 1852 Dei
1189 1814 1252 1852 est
1282 1812 1476 1859 bonitas,
1508 1796 1689 1851 silentio

65 1885 358 1937 transigatur
379 1884 427 1923 in
446 1884 543 1935 ipsa
561 1884 572 1916 J'
604 1885 793 1922 omnium
816 1889 1064 1923 sanctorum
1087 1884 1361 1931 celebritate,
1380 1885 1493 1922 ultra
1515 1888 1689 1922 centum

66 1957 310 1995 uenerabile
343 1956 493 1996 CHRI.
519 1968 676 2006 corpus
707 1956 869 1994 deuote
902 1960 1203 2006 susceperunt.
1228 1956 1397 1994 Eodem
1419 1968 1568 1993 mense
1593 1967 1689 1992 cum

68 2029 159 2067 R.d0
183 2030 278 2067 Pre.
305 2029 358 2066 M.
384 2028 616 2066 Francisco
639 2027 845 2078 Scipione
868 2028 1051 2066 iuuenes
1072 2033 1258 2078 quatuor
1281 2028 1322 2065 in
1344 2027 1578 2078 collegium
1595 2040 1690 2077 ger-

67 2101 274 2138 manicum
311 2103 534 2150 spectatae
570 2100 634 2148 (ut
670 2112 755 2150 ego
792 2099 953 2149 sentio)
983 2099 1212 2149 probitatis
1248 2099 1365 2137 missi
1401 2103 1515 2146 sunt,
1545 2099 1692 2149 plures

66 2172 315 2222 propediem
337 2171 550 2218 mittendi,
575 2171 608 2209 si
630 2184 714 2221 qua
735 2184 781 2209 se
801 2171 975 2209 occasio
999 2172 1178 2208 Romam
1201 2171 1331 2209 eundi
1363 2171 1584 2209 obtulerit.
1610 2171 1692 2208 Per

67 2244 176 2283 idem
196 2249 383 2294 tempus,
407 2244 581 2294 quidam
611 2244 766 2282 artium
788 2242 1029 2280 liberalium
1051 2242 1274 2292 magister,
1310 2242 1487 2280 natione
1509 2241 1689 2288 flander,

67 2315 260 2354 doctrina
281 2328 332 2353 ac
351 2315 517 2365 pietate
549 2328 635 2353 non
666 2315 872 2365 uulgaris,
907 2318 951 2351 et
972 2313 1084 2351 inter
1118 2318 1295 2351 nostros
1327 2314 1427 2351 olim
1459 2314 1621 2351 Romae
1651 2312 1691 2350 in

67 2388 313 2437 germanico
336 2387 356 2410 k
387 2387 576 2437 coll‘egio
605 2387 832 2432 educatus,
852 2385 1168 2435 typographiae
1188 2390 1414 2424 corrector
1433 2389 1476 2423 et
1497 2384 1691 2435 praefec-

67 2462 133 2496 tus
153 2459 246 2506 fuit,
271 2459 540 2509 approbante
564 2470 759 2504 caesare,
783 2470 807 2495 a
840 2456 1001 2495 nostris
1037 2457 1258 2495 institutus
1282 2462 1308 2504 1;
1340 2458 1375 2495 is
1413 2456 1549 2507 probe
1588 2469 1690 2494 sane

112 2593 128 2612 a
179 2594 246 2638 qui
265 2593 370 2641 apud
389 2606 461 2630 nos
480 2593 746 2631 instituuntur
765 2593 803 2628 in
824 2593 971 2629 litteris
990 2606 1037 2630 ac
1064 2593 1256 2630 moribus.
1326 2594 1390 2617 —b
1424 2596 1690 2638 augerentur.

69 2660 131 2678 —0
151 2652 247 2689 eius.
301 2653 368 2678 —d
402 2652 472 2689 eis.
539 2660 603 2678 -e
635 2651 868 2699 praefectus
899 2652 1087 2689 cubiculi.
1153 2652 1211 2677 —f
1249 2651 1521 2698 supellectilia
1552 2651 1692 2688 domus

68 2724 175 2749 suae.
244 2719 313 2745 -Ξ
333 2711 508 2760 reliquit.
577 2712 643 2737 —h
663 2724 780 2759 quae.
857 2713 913 2737 -i
939 2704 1150 2749 sentirent.
1219 2711 1275 2744 —J'
1305 2712 1343 2747 in
1364 2706 1462 2759 ipsa.
1515 2712 1583 2736 —k
1604 2723 1692 2757 ger-

69 2783 197 2808 mamo
213 2782 292 2808 ms.

116 2898 125 2916 ¹
176 2896 213 2933 Is
232 2895 304 2933 fuit
323 2895 555 2934 Guilelmus
577 2895 777 2932 Columna
797 2894 1019 2940 (Sulenius,
1048 2894 1204 2939 Saule).
1234 2895 1296 2932 Cf.
1331 2895 1690 2941 BRAUNSBERGER,

71 2956 96 2993 1.
116 2968 165 3000 c.,
184 2954 265 2992 572.
