1908 3446
558 172 945 211 407.—V1ND0130NA
976 174 1017 210 31
1048 173 1239 210 AUGUSTI
1268 173 1358 210 1560
1654 174 1723 211 765

147 274 273 311 nobis
295 275 494 312 omnibus
515 275 730 312 honestae
752 276 1052 314 recreationes
1070 276 1227 321 desint,
1252 288 1365 313 neue
1389 276 1685 313 immoderatis
1713 278 1768 314 la-

147 344 325 382 boribus
347 350 419 382 aut
442 345 597 394 studijs
618 345 880 396 frangamur.
907 348 1029 385 quat
1059 359 1233 397 quoque
1266 347 1417 384 mirum
1450 346 1490 383 in
1513 347 1687 384 modum
1711 347 1768 384 di-

148 416 246 453 uina
266 415 438 453 bonitas
460 421 581 454 tanto
605 418 757 467 magis,
782 422 943 466 quanto
967 418 1060 467 quis
1083 416 1319 455 studiosius
1344 416 1436 455 eius
1459 430 1671 455 summum
1695 419 1768 456 lio-

146 499 298 525 norem
319 488 489 537 quaerit
511 481 687 539 ubiQue.
708 491 892 527 Constat
911 490 979 527 uel
996 490 1082 527 hoc
1099 490 1193 527 solo
1212 488 1316 526 satis
1337 494 1624 539 quamtopere
1644 490 1771 527 uinea

145 558 256 597 haec
277 559 494 597 dominica
516 565 646 609 egeat
670 561 882 611 operarijs
905 573 1001 599 cum
1023 561 1076 599 ad
1093 573 1256 611 paucos
1279 561 1389 607 illos,
1414 560 1486 611 qui
1507 561 1578 598 hic
1600 567 1697 598 sunt
1716 573 1769 598 ex

144 630 319 677 nostris,
343 630 526 681 plurima
555 643 606 668 ac
625 631 719 669 fere
744 633 887 670 omnia
916 632 1092 682 pietatis
1114 644 1165 669 ac
1199 632 1421 669 literarum
1456 631 1599 669 officia
1622 631 1770 669 deuol-

147 706 316 739 uantur.

197 773 235 810 8.
295 773 383 810 Iam
405 785 512 811 uero
535 774 652 823 quod
679 774 732 812 ad
763 775 1009 813 scholarum
1040 775 1228 825 negocia
1258 775 1429 819 attinet,
1461 773 1768 824 discipulorum

143 843 319 894 quidem
354 843 485 882 index
526 850 571 882 et
604 857 787 883 numero
822 858 1107 896 personarum
1144 852 1188 884 et
1221 845 1451 884 nobilitate
1483 850 1636 882 auctus
1668 858 1770 882 sane

144 920 274 965 atque
297 915 448 966 augeri
469 915 665 965 quotidie
689 916 881 965 (tametsi
903 917 1048 966 plures
1073 918 1127 954 ob
1153 929 1306 954 causas
1328 916 1531 967 permulti
1552 916 1705 961 fluere,
1727 921 1771 953 ut

145 986 207 1024 sic
227 987 393 1037 loquar,
417 999 468 1025 ac
488 988 678 1025 refluere
711 988 899 1037 soleant)
921 1001 1007 1026 non
1038 1001 1187 1038 parum
1209 988 1323 1027 forte
1345 995 1364 1013 a
1386 1001 1481 1026 eam
1511 989 1566 1026 ob
1599 1000 1771 1026 causam

144 1057 333 1105 uidetur,
357 1058 475 1108 quod
496 1070 654 1109 magna
675 1071 827 1097 omnes
850 1059 1076 1109 diligentia
1093 1059 1229 1110 (quod
1250 1059 1512 1098 beneficium
1535 1065 1602 1098 est
1623 1060 1704 1097 Dei
1721 1071 1772 1097 ac

145 1130 271 1179 opus)
292 1141 316 1166 a
336 1130 698 1180 praeceptoribus
720 1130 807 1168 suis
839 1136 1058 1177 curantur,
1084 1137 1131 1168 ut
1153 1137 1197 1169 et
1228 1131 1269 1168 in
1300 1131 1437 1169 literis
1470 1136 1513 1168 et
1543 1131 1585 1168 in
1606 1130 1770 1181 pietate

143 1201 372 1251 plurimum
395 1201 519 1239 simul
543 1214 695 1239 omnes
724 1201 967 1251 proficiant,
992 1215 1043 1240 ac
1072 1203 1330 1252 praesertim
1360 1202 1434 1249 illi,
1459 1202 1531 1253 qui
1561 1203 1772 1240 maiorem

144 1272 198 1309 de
220 1285 266 1311 se
289 1284 411 1322 spem
432 1273 658 1322 praebent,
680 1273 774 1310 fore
807 1278 852 1310 ut
883 1272 1113 1323 aliquando
1140 1273 1318 1311 tandem
1348 1286 1578 1312 commune
1610 1274 1771 1311 bonum

143 1343 310 1381 altioris
332 1343 494 1381 ordinis
515 1356 567 1381 ac
587 1344 879 1394 praestantius
908 1350 1216 1395 promoueant.
1241 1344 1519 1382 Confitentur
1556 1349 1770 1383 consueto

143 1415 379 1453 Societatis
402 1428 524 1454 more
545 1415 741 1466 singuljs,
766 1421 812 1453 ut
843 1416 1076 1461 minimum,
1100 1415 1336 1463 mensibus,
1362 1416 1652 1454 communiter
1684 1429 1771 1454 om-

142 1498 237 1533 nes;
274 1486 396 1524 multi
427 1492 602 1534 octauo,
636 1487 706 1535 alij
744 1497 787 1535 15
819 1500 994 1538 quoque
1026 1487 1114 1534 die3
1145 1500 1230 1538 qua
1261 1500 1315 1525 ex
1337 1500 1384 1525 re
1416 1500 1466 1526 ac
1496 1488 1771 1526 institutione

142 1558 371 1608 plurimum
393 1570 513 1605 sane,
539 1559 634 1596 Deo
657 1559 764 1605 laus,
790 1559 1075 1597 emolumenti
1097 1559 1286 1609 capiunt,
1311 1572 1362 1597 ac
1385 1560 1515 1597 etiam
1534 1559 1589 1597 de
1612 1573 1657 1597 se
1676 1572 1772 1610 per-

142 1629 263 1666 multi
285 1629 655 1668 existimationem
686 1630 864 1676 faciunt,
896 1629 1306 1680 spectationemque
1332 1631 1567 1680 praebent,
1600 1637 1646 1668 ut
1677 1632 1773 1669 reli-

143 1700 295 1751 giosae
326 1702 442 1740 uitae
473 1701 794 1752 perfectionem
823 1701 1145 1752 propemodum
1182 1703 1407 1753 assequuti
1438 1702 1684 1741 uideantur.
1718 1703 1774 1741 Hi

144 1785 296 1811 omnes
327 1785 530 1823 magnum
561 1773 723 1824 ingenij
762 1779 805 1811 et
841 1773 1069 1811 doctrinae
1105 1785 1209 1812 suae
1242 1772 1465 1825 specimen
1493 1773 1770 1821 aediderunt,

144 1856 240 1882 cum
275 1845 318 1882 in
351 1845 561 1895 proximis
595 1844 717 1894 ferijs
753 1845 1045 1884 pentecostes
1079 1845 1300 1895 frequenti
1337 1846 1528 1884 omnium
1574 1846 1772 1884 ordinum

144 1929 375 1963 concursu,
399 1915 705 1967 praesentibus
746 1917 876 1955 etiam
908 1917 1078 1955 Nuncio
1120 1917 1274 1955 summi
1304 1918 1524 1968 pontificis
1561 1923 1605 1955 et
1634 1918 1772 1956 archi-

143 1987 351 2038 episcopo
374 1989 610 2038 gnesnensi
635 1988 642 2006 ¹

652 2018 660 2033 ,
685 1988 810 2039 regni
832 1989 1042 2026 Poloniae
1073 1988 1273 2038 primate,
1299 1994 1343 2026 et
1378 1989 1473 2038 alijs
1503 2002 1591 2027 non
1621 1990 1772 2040 paucis

143 2071 399 2109 supraemae
422 2059 646 2110 dignitatis
667 2059 784 2107 uiris,
819 2061 1095 2098 comoediam
1126 2073 1236 2111 quae
1273 2061 1552 2100 «Acolastus»
1577 2061 1772 2100 inscribi-

143 2136 226 2179 tur,
251 2145 275 2170 a
295 2132 457 2171 nostris
477 2138 706 2184 purgatam
726 2145 778 2171 ac
798 2135 1127 2184 locupletatam,
1153 2146 1249 2172 cum
1279 2147 1446 2172 summa
1474 2135 1664 2173 omnium
1686 2135 1772 2173 lae-

142 2204 244 2243 ticia
275 2210 318 2243 et
348 2205 411 2243 rei
443 2205 606 2255 optime
628 2211 782 2256 gestae
804 2207 1090 2245 attestatione
1113 2207 1419 2245 exhibuerunt.
1441 2207 1772 2258 Disputationes

143 2276 359 2315 habentur
380 2276 449 2315 die
473 2276 656 2324 sabbati,
680 2277 866 2316 maxime
889 2278 930 2316 in
952 2278 1251 2329 superioribus
1274 2279 1498 2326 classibus,
1522 2279 1564 2316 in
1582 2279 1771 2330 collegio

144 2353 313 2395 nostro,
336 2361 422 2399 quo
446 2347 630 2386 studiosi
663 2353 841 2387 nostrae
877 2349 1130 2400 diligentiae
1167 2348 1424 2397 concrediti,
1448 2354 1540 2388 turn
1571 2354 1771 2388 autorum

145 2419 439 2459 obscuritates
459 2420 757 2459 concertando
781 2421 1000 2469 euincant,
1025 2427 1116 2460 tum
1138 2422 1217 2460 sibi
1234 2421 1623 2474 promptitudinem
1641 2434 1771 2472 quan-

145 2493 243 2531 dam
264 2504 315 2530 ac
344 2491 599 2554 facilitatem
629 2492 683 2530 ad
713 2493 965 2531 sublimiora
995 2493 1138 2531 studia
1173 2499 1371 2532 sternant
1400 2500 1768 2545 praeparentque.

144 2564 191 2600 In
213 2555 501 2601 uniuersitate
528 2576 636 2602 uero
669 2576 766 2602 curn
797 2563 1118 2614 disputationes
1148 2565 1348 2615 publicae
1376 2577 1530 2616 nuper,
1564 2565 1615 2603 D.
1650 2567 1770 2603 Lam—

144 2635 271 2672 berto
293 2634 510 2685 praeside,
535 2640 684 2673 essent
705 2635 973 2685 propositae,
999 2635 1246 2686 complures
1266 2648 1319 2674 ex
1337 2636 1613 2687 magnatibus
1635 2636 1770 2674 totius

145 2706 334 2745 ciuitatis
355 2705 515 2744 eodem
546 2707 864 2753 confluxerant,
896 2707 1011 2744 inter
1031 2720 1142 2758 quos
1172 2708 1334 2758 primus
1368 2708 1449 2746 fuit
1478 2708 1769 2759 archiepisco-

191 2845 210 2865 a
261 2845 353 2891 Seq.
373 2843 424 2880 ob
442 2843 527 2880 del.

194 2985 202 3003 ¹
250 2982 428 3030 Joannes
446 2982 745 3020 Przerembski.
