1908 3446
190 226 260 263 712
656 227 878 263 L1TTERAE
906 227 1262 272 QUADmMESTREs

144 328 257 367 Huic
279 336 346 369 est
367 331 540 381 quidam
573 330 680 368 ciuis
714 335 756 367 et
788 334 1104 367 conterraneus
1135 329 1413 371 adolescens,
1447 329 1645 378 proxima
1673 340 1774 379 qua-

143 400 389 451 dragesima
419 402 573 440 artium
605 400 812 451 magister
844 400 1029 445 futurus,
1062 400 1133 450 quj
1166 400 1339 437 uidetur
1369 399 1524 437 eadem
1546 406 1564 423 a
1587 399 1775 448 uestigia

144 472 455 522 insequuturus
480 475 503 510 ¹.
530 473 724 521 Vterque
749 477 894 508 autem
919 470 1032 520 apud
1053 483 1134 507 nos
1156 469 1377 508 biennium
1408 471 1512 520 egit.
1548 471 1623 508 Est
1653 482 1775 520 prae—

144 549 267 580 terea
287 544 395 580 alius
417 543 761 581 buscoducensis
784 548 984 592 tempore
1017 541 1176 579 eodem
1207 554 1292 591 quo
1325 542 1395 579 hic
1430 541 1773 591 promouendus,

145 614 215 663 quj
249 615 521 652 Societatem
555 620 621 651 est
653 615 892 664 ingressus3
921 612 1184 650 adolescens
1206 612 1398 651 musicae
1422 611 1628 662 imprimis
1649 611 1775 650 ualde

145 685 327 735 peritus,
367 692 411 722 et
448 686 551 723 satis
582 690 763 722 naturae
801 684 977 721 dotibus
1007 684 1246 721 instructus
1282 683 1307 721 ².
1346 684 1455 721 Sunt
1487 683 1676 733 denique
1707 683 1775 732 alij

148 757 276 794 etiam
298 757 617 807 quamplurimj,
642 757 712 807 quj
736 769 823 793 non
846 762 944 793 sunt
965 757 1117 807 procul
1139 768 1164 792 a
1185 768 1322 806 regno
1345 755 1443 804 Dej,
1465 755 1667 805 exemplo
1686 760 1776 793 tum

147 834 498 879 praeceptorum,
532 835 622 866 tum
655 827 1053 878 condiscipulorum
1084 826 1137 864 ad
1167 827 1292 876 Xpm.
1326 825 1645 876 insequendum
1675 826 1777 863 inci-

148 900 242 948 tatj.
269 902 460 939 Cauetur
483 905 630 937 autem
651 900 736 946 hic,
761 912 815 937 ne
838 900 932 950 quis
963 910 1224 948 quemquam
1255 898 1309 935 ad
1339 897 1575 935 Societatis
1609 898 1777 935 institu-

146 974 237 1009 tum
269 971 545 1018 adhortetur3
576 972 646 1022 quj
680 971 839 1021 alioquj
870 983 999 1008 secus
1020 970 1202 1015 faceret,
1227 982 1313 1006 non
1335 969 1510 1018 impune
1532 968 1686 1007 abiret.
1715 970 1776 1006 De

149 1042 328 1080 fratrum
365 1048 479 1081 statu
516 1049 560 1081 et
594 1056 792 1089 numero,
826 1042 896 1092 quj
930 1041 1145 1080 Coloniae
1182 1045 1522 1087 commorantur,
1555 1041 1606 1078 V.
1642 1041 1689 1078 R.
1723 1053 1777 1078 ex

149 1114 286 1151 literis
307 1112 372 1151 his
395 1115 575 1152 annexis
605 1114 732 1152 facile
766 1112 960 1164 colliget.
986 1112 1161 1163 Optime
1193 1111 1396 1149 uidentur
1430 1123 1582 1149 omnes
1612 1112 1775 1159 affecti,

149 1185 305 1235 quibus
327 1183 714 1223 animaduertimus
736 1185 777 1222 in
800 1184 894 1222 dies
916 1183 1029 1234 apud
1050 1184 1325 1221 iuuentutem
1348 1183 1523 1220 maioris
1547 1188 1590 1220 et
1612 1183 1777 1233 gratiae

149 1263 192 1294 et
215 1257 462 1295 autoritatis
483 1257 577 1294 fieri
597 1258 915 1303 accessionem,
941 1255 1053 1307 apud
1071 1256 1228 1306 vulgus
1250 1259 1397 1292 autem
1418 1255 1775 1293 beneuolentiae.

150 1329 324 1377 Plurimj
349 1328 553 1366 uidentur
576 1341 599 1365 a
621 1329 716 1366 Deo
739 1328 840 1378 Opt.
867 1329 979 1366 Max.
1011 1327 1235 1377 praeclara
1256 1325 1370 1364 dona
1401 1326 1454 1363 ad
1480 1326 1778 1376 proximorum

149 1400 334 1438 salutem
366 1399 691 1450 propagandam
724 1399 1003 1450 consequutj‚
1038 1405 1081 1436 et
1113 1397 1166 1436 ad
1196 1398 1316 1436 uaria
1342 1398 1580 1436 Societatis
1600 1403 1778 1435 nostrae

151 1471 355 1509 obeunda
377 1471 535 1509 munia.

233 1544 317 1582 Hic
337 1556 484 1581 sumus
503 1553 568 1592 523
586 1550 761 1594 praeter
785 1556 862 1581 eos
884 1543 955 1593 quj
976 1544 1212 1589 Treueros,
1238 1554 1334 1580 cum
1353 1542 1400 1579 R.
1423 1542 1467 1579 P.
1493 1541 1749 1591 prouincialj
1768 1542 1780 1560 ³

154 1620 252 1652 sunt
274 1615 510 1663 amandatj,
534 1615 605 1665 quj
630 1626 652 1662 3
676 1620 772 1652 sunt
794 1619 821 1661 ⁴,
842 1625 1101 1664 quamquam
1123 1613 1275 1651 annuis
1298 1624 1524 1650 careamus
1559 1612 1777 1650 censibus,

155 1686 451 1724 Conuictores
472 1686 683 1724 habemus
706 1697 771 1735 49,
804 1686 898 1736 plus
926 1684 1081 1722 minus.
1115 1682 1389 1722 Scholarium
1411 1688 1557 1721 autem
1574 1695 1780 1721 numerus

152 1771 355 1808 magnum
379 1758 419 1795 in
443 1757 536 1795 dies
558 1758 687 1795 sumit
710 1758 1042 1803 incrementum,
1068 1757 1109 1794 in
1126 1755 1281 1806 quibus
1302 1754 1526 1806 plaerique
1544 1759 1643 1792 sunt
1663 1767 1780 1806 mag-

151 1842 232 1867 nae
275 1828 613 1879 expectationis,
665 1834 708 1865 et
753 1828 947 1876 nonnullj
989 1826 1228 1865 illustribus
1269 1826 1351 1875 ortj
1393 1825 1661 1876 parentibus.
1699 1826 1780 1864 Re-

152 1906 356 1940 creantur
376 1901 606 1951 plurimum
637 1900 863 1938 auditores
885 1905 929 1938 et
960 1899 1201 1938 lectionum
1224 1904 1268 1936 et
1303 1896 1646 1948 disputationum
1668 1897 1780 1936 ordi—

150 1986 221 2019 ne,
260 1973 330 2011 uel
353 1973 540 2010 maxime
578 1985 630 2010 ea
650 1972 861 2010 methodo
886 1976 928 2010 et
951 1971 1102 2010 solerti
1125 1968 1366 2022 diligentia,
1399 1982 1483 2021 qua
1504 1970 1545 2007 in
1576 1968 1778 2008 docendo

152 2050 330 2082 utuntur
382 2050 713 2095 praeceptores.
765 2043 1168 2082 Declamationibus
1210 2041 1479 2088 domesticis,
1534 2053 1647 2092 quae
1691 2046 1779 2079 tam

152 2128 313 2168 graece
335 2129 462 2166 quam
485 2115 619 2154 latine
640 2116 764 2162 fiunt,
791 2120 834 2154 et
858 2115 987 2153 etiam
1018 2114 1225 2161 carmine,
1264 2112 1448 2152 subinde
1480 2113 1662 2151 aliorum
1694 2113 1780 2151 col-

153 2189 369 2240 legiorum
391 2201 549 2239 magna
572 2200 668 2226 cum
690 2186 819 2237 animj
844 2187 1071 2238 uoluptate
1095 2190 1139 2225 et
1161 2185 1367 2237 singularj
1401 2184 1689 2223 admiratione
1720 2185 1779 2223 in-

155 2265 326 2298 tersunt
358 2260 556 2299 studiosi.
592 2261 731 2298 Tanta
762 2264 829 2297 est
860 2271 991 2310 porro
1027 2258 1338 2309 discipulorum
1360 2257 1621 2308 frequentia,
1647 2261 1693 2295 ut
1724 2256 1779 2295 de

157 2331 318 2370 scholis
349 2337 421 2369 aut
454 2331 774 2369 commutandis
810 2336 883 2369 aut
914 2329 1226 2381 amplificandis
1257 2330 1311 2368 sit
1345 2329 1470 2379 breuj
1503 2327 1781 2380 suscipienda

153 2403 382 2454 cogitatio;
415 2403 590 2441 tametsi
628 2415 705 2440 sex
744 2402 982 2440 habeamus
1012 2401 1240 2439 distinctas
1280 2401 1457 2447 classes,
1502 2406 1544 2438 et
1582 2401 1779 2451 singulae

199 2569 220 2589 a
247 2569 389 2606 eadem
409 2570 456 2606 in
477 2579 618 2615 marg.

203 2715 210 2734 ¹
263 2712 354 2750 Non
373 2713 643 2760 intelligimus
662 2713 859 2760 quomodo
879 2712 1047 2750 Hansen
1067 2711 1301 2749 existimare
1326 2712 1450 2756 possit
1473 2711 1644 2750 indicari
1665 2712 1780 2760 jaeo-

152 2774 247 2811 bum
266 2773 408 2810 Muntz
427 2773 729 2817 coloniensem,
749 2773 817 2820 qui
838 2785 975 2810 mense
988 2771 1100 2819 Julio
1118 2784 1161 2809 se
1179 2772 1262 2821 jam
1280 2771 1476 2810 Societati
1495 2771 1678 2810 dederat.

201 2835 214 2853 ²
266 2833 499 2870 Everardus
518 2832 855 2870 Buscoducensis.
877 2831 941 2870 Cf.
962 2831 1152 2875 HANSEN,
1173 2830 1242 2869 362
1258 2831 1349 2877 (29).

200 2894 212 2914 ³
263 2893 309 2930 P.
330 2892 566 2930 Everardus
585 2891 885 2930 Mercurianus.

198 2954 211 2973 ⁴
265 2951 343 2989 PP.
371 2951 551 2999 joannes
582 2951 769 2996 Rhetius„
806 2953 995 2990 Andreas
1022 2950 1421 3001 Valkenburgensis,
1456 2956 1496 2988 et
1526 2950 1573 2988 fr.
1602 2949 1781 2999 Joannes

153 3012 273 3052 Ekel.
296 3011 424 3057 Ibid..
444 3011 525 3050 359.
