1908 3446
432 229 845 267 294—1chotsfrfmio
876 227 889 263 1
924 227 1183 264 SEPTEMBRls
1214 226 1303 262 1559
1569 224 1636 261 317

59 335 134 386 gij,
172 340 218 373 ut
251 334 293 371 hi
323 340 412 371 tum
449 333 641 382 virgines
675 331 760 379 [ibi]
784 332 803 349 ’ὦ
825 330 1053 368 00110111535
1089 328 1407 374 consolatione,
1440 333 1531 364 tum
1554 327 1686 376 11151115

58 406 142 443 1001
182 405 386 455 populum
423 402 546 451 uerbj
579 402 659 450 Dej
692 400 1020 452 praedicatione
1057 400 1313 437 reficerent.
1357 398 1461 435 Tam
1507 401 1685 434 sanctae

59 477 189 527 igitur
216 475 416 527 petitionj
440 474 710 512 satisfactum
742 478 823 519 est,
857 484 940 510 1100
970 472 1062 508 sine
1095 470 1276 521 copioso
1299 470 1457 515 11110111,
1483 467 1687 518 quemad-

60 547 237 586 modum
259 551 448 584 testatae
485 551 583 583 sunt
605 545 809 595 ingentes
831 543 1066 595 gratiarum
1089 543 1303 588 actiones,
1330 546 1372 579 et
1395 541 1477 578 alia
1507 540 1687 591 gratitu-

59 617 168 657 dinis
190 631 240 657 ac
261 617 544 667 benignitatis
574 621 833 667 argumenta
864 613 1129 653 clarissima
1159 613 1320 651 nostris
1344 611 1555 658 exhibita,
1578 625 1688 661 (11105

59 688 188 729 etiam
211 688 264 727 ad
287 701 334 727 se
356 689 479 737 breuj
509 687 652 726 redire
675 687 820 725 multis
850 685 1053 737 precibus
1085 684 1424 731 contenderunt,
1457 684 1610 721 beatas
1641 696 1688 721 se

58 761 153 799 iore
172 759 493 810 praedicantes
513 759 547 805 b,
574 758 608 796 si
626 759 695 796 uel
719 771 849 795 unum
868 757 923 794 de
944 762 1095 794 nostra
1116 756 1344 794 Societate
1368 755 1569 793 obtinere
1592 767 1688 805 pos-

59 838 171 879 sent,
195 832 268 882 qui
302 831 405 881 ipsis
427 829 641 869 continuo
664 829 858 875 adesset,
892 841 943 866 30
972 840 1129 879 panem
1152 827 1437 878 euangelicae
1461 826 1688 864 doctrinae

58 903 295 953 frangeret.
321 901 436 951 Quin
459 908 502 939 et
523 901 622 939 illae
645 900 838 951 uirgines
862 912 1013 938 omnes
1037 901 1096 937 ad
1120 911 1255 937 unum
1277 898 1422 937 cordis
1445 898 1508 946 suj
1533 910 1690 936 arcana

59 979 339 1025 aperuerunt,
365 985 450 1011 uno
475 985 550 1012 ore
573 972 839 1010 affirmantes
871 978 902 1018 C,
927 976 1102 1021 praeter
1133 983 1277 1017 unam,
1301 981 1414 1021 quae
1446 974 1536 1006 tum
1568 981 1688 1006 suam

58 1046 101 1084 in
122 1046 239 1084 uitae
261 1057 426 1096 genere
458 1049 664 1094 suscepto
696 1042 1033 1081 inconstantiam
1064 1041 1271 1092 prodidit,
1297 1046 1341 1078 et
1364 1041 1419 1079 ob
1454 1038 1497 1077 id
1529 1052 1690 1078 coeno-

59 1116 130 1155 bio
153 1116 335 1167 depulsa
355 1115 552 1154 recessit.
578 1114 730 1163 Itaque
753 1113 864 1151 duae
888 1126 943 1151 ex
978 1113 1075 1160 illis,
1100 1125 1206 1163 quas
1229 1111 1428 1151 Christus
1452 1111 1587 1162 elegit
1610 1110 1689 1148 sibi

60 1200 256 1239 sponsas,
279 1187 360 1238 piis
388 1187 565 1224 Patrum
602 1184 982 1223 exhortationibus
1003 1189 1233 1235 permotae
1256 1188 1356 1221 sunt
1377 1182 1431 1221 ad
1452 1182 1690 1233 professio-

59 1271 159 1298 nem
189 1264 304 1297 stato
332 1262 534 1309 tempore
565 1256 827 1303 faciendam,
862 1255 976 1293 vnde
1014 1268 1161 1293 rursus
1197 1254 1308 1293 duos
1349 1267 1404 1292 ex
1435 1255 1519 1293 hoc
1560 1254 1691 1292 00110-

59 1331 131 1381 gio
154 1330 359 1379 accersirj
384 1333 663 1368 curauerunt.

116 1412 177 1440 ΙΙ.
237 1403 302 1440 De
325 1400 525 1451 collegiis
545 1398 775 1437 fundandis
797 1399 840 1437 in
861 1398 1112 1445 Germania,
1137 1398 1220 1436 iam
1244 1397 1349 1435 alias
1377 1396 1595 1436 intellexit
1616 1401 1691 1435 tua

60 1475 319 1528 paternitas;
360 1474 446 1512 hoc
485 1476 652 1510 tantum
693 1470 806 1510 addo
849 1471 1104 1522 episcopum
1146 1473 1447 1519 eystetensem
1490 1475 1497 1493 ¹
1540 1468 1691 1518 (distat

61 1552 207 1586 autem
243 1545 398 1595 Eystet
428 1543 699 1594 Ingolstadio
735 1543 873 1580 tribus
895 1540 1134 1580 miliaribus
1156 1539 1438 1592 germanicis)
1461 1552 1558 1578 cum
1581 1539 1678 1577 Β.ᾱο

0 1620 1 1623 ’
61 1620 107 1657 Ρ.
145 1616 406 1656 Prouinciali
440 1616 525 1653 iam
559 1620 789 1661 tractasse,
824 1619 871 1652 ut
891 1614 1052 1652 habeat
1084 1612 1321 1663 collegium
1342 1612 1384 1649 in
1406 1610 1596 1662 quodam
1619 1623 1690 1649 va-

61 1702 142 1728 cuo
164 1687 448 1727 monasterio.
474 1687 575 1725 Eius
604 1686 908 1736 suffraganeus
929 1689 942 1708 2
965 1689 1032 1722 est
1049 1683 1287 1722 Societatis
1308 1682 1485 1720 intimus
1507 1682 1688 1729 amicus,

62 1760 132 1811 quj
157 1758 439 1810 conqueritur
461 1757 578 1808 quod
607 1756 747 1796 nostri
773 1768 860 1794 non
883 1756 1065 1794 ueniunt
1086 1755 1268 1805 amplius
1291 1753 1310 1778 d
1332 1753 1386 1792 ad
1407 1765 1557 1792 sacros
1579 1752 1691 1791 ordi-

61 1843 137 1869 nes
160 1829 478 1881 suscipiendos,
503 1828 619 1867 vnde
642 1827 813 1867 cuidam
836 1840 891 1865 ex
909 1827 1070 1865 nostris
1093 1825 1294 1864 Patribus
1317 1824 1441 1872 dixit,
1465 1825 1590 1864 uelut
1610 1824 1691 1863 im-

0 1915 3 1918 ·
34 1897 36 1900 ¹
56 1904 324 1953 properans,
349 1913 397 1939 50
420 1900 565 1949 uererj
602 1911 657 1938 ne
680 1905 860 1950 propter
883 1911 1003 1936 suam
1025 1897 1316 1936 rusticitatem
1338 1895 1381 1935 id
1402 1897 1492 1935 fiat.
1517 1896 1585 1934 Ad
1606 1897 1692 1934 hoc

64 1979 106 2011 et
127 1972 181 2011 ad
197 1973 280 2011 alia
302 1970 446 2010 officia
480 1971 641 2010 nostris
665 1970 916 2009 exhibenda
951 1982 1051 2007 sese
1076 1969 1208 2007 offert
1228 1968 1528 2019 paratissimus
1550 1968 1691 2006 bonus

62 2057 213 2083 senex.

119 2128 178 2155 12.
257 2116 519 2153 placuerunt
539 2114 620 2164 piis
643 2119 687 2151 et
708 2112 851 2152 doctis
875 2111 977 2150 uiris
999 2112 1153 2150 literae
1177 2124 1231 2148 ex
1254 2110 1463 2161 Hispania
1485 2115 1528 2148 et
1550 2110 1693 2148 Gallia

64 2186 116 2225 ad
141 2201 222 2226 nos
258 2188 433 2233 missae,
465 2185 507 2223 in
542 2184 697 2235 quibus
733 2185 946 2235 agebatur
983 2182 1037 2220 de
1072 2182 1168 2220 zelo
1204 2183 1446 2233 principum
1481 2182 1694 2220 aduersus

63 2259 214 2298 hostes
245 2258 490 2297 catholicae
524 2257 666 2306 fiidej.
706 2257 948 2295 Placebunt
978 2255 1156 2293 indubie
1193 2260 1238 2292 et
1272 2255 1428 2293 literae
1468 2254 1691 2302 indianae,

64 2343 169 2382 quas
189 2331 258 2369 RS
280 2331 329 2368 P.
351 2327 631 2380 prouincialis
654 2327 767 2379 apud
797 2340 845 2366 se
875 2327 1025 2373 habet,
1058 2332 1104 2364 ut
1134 2327 1256 2377 prelo
1289 2325 1551 2364 mandentur
1574 2339 1692 2365 cum-

63 2401 209 2452 primis
244 2400 432 2439 licuerit.
472 2400 647 2447 [Preces
677 2399 911 2449 postulat.j
951 2397 1208 2449 Ingolstadij
1247 2398 1300 2435 ad
1337 2397 1556 2437 Calendas
1587 2398 1690 2448 Sep-

63 2472 242 2510 tembris
268 2480 382 2521 1559.

141 2543 205 2581 Ex
228 2542 538 2582 commissione
560 2543 607 2580 R.
634 2542 680 2580 P.
705 2540 904 2580 rectoris.
930 2541 979 2578 T.
1005 2541 1052 2578 R.
1079 2541 1126 2579 P.
1150 2539 1352 2591 indignus
1375 2552 1530 2578 seruus

1074 2628 1309 2667 Dommcus
1340 2628 1511 2667 MENGm
1540 2629 1569 2666 ⁸.

111 2732 130 2752 ‘²
181 2732 250 2769 Sic
263 2737 412 2779 ap'ogr.
466 2731 531 2756 -b
551 2729 842 2778 praedicabant
860 2729 1050 2774 virgines.
1101 2735 1162 2754 „c
1183 2741 1225 2765 se
1243 2729 1351 2765 velle
1370 2729 1409 2764 in
1427 2728 1614 2765 inchoato
1629 2728 1694 2764 dei

67 2792 230 2840 serujtio
249 2802 503 2838 permanere.
558 2790 624 2815 —vd
645 2790 694 2826 ad
715 2802 819 2826 eum.

114 2923 122 2943 ¹
174 2921 435 2961 Eberhardus
453 2921 504 2958 ab
523 2919 751 2957 Hirnheim.

113 2981 126 3001 ‘²
176 2980 238 3018 Cf.
260 2981 361 3018 Lz‘tt.
382 2980 632 3027 Quadrim..
655 2979 708 3024 V,
729 2978 813 3016 606.

112 3041 126 3062 ⁸
175 3039 220 3077 P.
242 3039 434 3086 Lanoyus
452 3039 613 3085 collegii
643 3039 971 3085 ingolstadiensis
998 3043 1142 3081 rector,
1172 3038 1211 3074 in
1239 3037 1522 3074 informatione
1550 3036 1595 3073 24
1623 3036 1691 3083 Ju-
