1908 3446
156 317 226 355 606
618 317 837 358 LITTERAE
862 322 1220 367 QUADmMESTREs

111 423 187 460 rali
209 423 503 466 confessione,
529 430 650 463 tanto
673 440 770 464 cuin
793 426 1012 465 desiderio
1036 438 1086 464 ac
1107 426 1281 476 spiritus
1298 428 1489 475 feruore,
1510 433 1555 466 ut
1577 427 1619 467 id
1637 442 1730 466 uer-

108 493 174 530 bis
196 494 299 532 satis
320 496 524 545 prosequi
547 509 634 533 non
656 498 831 546 possim.
864 498 1160 535 Accesserunt
1184 511 1237 535 ex
1259 499 1437 548 nouitijs
1453 505 1639 550 quatuor
1660 500 1732 550 qui

111 565 226 603 uotis
243 579 290 603 se
313 568 408 604 Deo
431 567 740 614 astrinxerunt,
766 581 816 606 ac
838 567 981 606 eidem
997 569 1087 619 pari
1109 570 1278 607 ratione
1296 571 1470 620 placere
1488 583 1732 620 summope-

109 647 155 673 re
177 636 369 675 student.
395 638 489 688 Ego
514 644 635 676 certe
666 639 867 690 indignus
889 639 1030 678 adhuc
1062 653 1193 687 eram,
1218 642 1288 691 qui
1319 642 1431 679 inter
1463 654 1540 679 eos
1572 654 1731 680 connu-

109 719 314 747 merarer.
340 709 417 746 His
438 710 642 759 peractis,
667 717 813 749 rector
842 717 993 749 noster
1017 724 1069 749 ex
1094 711 1330 763 Hungaria,
1356 726 1441 763 quo
1464 726 1488 751 a
1509 714 1617 751 R.¹¹³0
1639 713 1731 751 stri-

108 780 291 828 gonensi
314 780 639 830 archipraesule
664 788 669 806 ¹
693 794 771 831 per
794 783 941 820 literas
964 782 1105 820 fuerat
1140 784 1324 830 accitus,
1358 797 1578 832 reuersus,
1617 797 1731 822 com-

108 863 274 897 munes,
299 863 404 901 quas
427 857 531 890 tunc
551 853 735 902 primum
757 866 781 891 a
803 854 852 892 T.
879 855 925 891 R.
953 855 998 892 P.
1024 856 1176 892 missas
1207 862 1456 906 acceperat,
1491 856 1728 895 Societatis

106 928 282 960 nostrae
306 924 480 973 regulas
502 928 528 970 ²,
553 937 630 974 per
653 925 817 975 aliquot
840 925 935 963 dies
957 938 1113 976 magna
1136 938 1190 964 ex
1211 932 1335 976 parte
1357 928 1483 965 nobis
1506 928 1730 978 explicuit,

106 1006 189 1043 qua
208 994 401 1032 lectione
425 995 706 1034 confirmatus
727 1001 977 1035 nostrorum
1014 998 1204 1048 spirituS,
1238 999 1390 1036 mirum
1428 1004 1494 1036 est
1524 1004 1729 1048 quantum

106 1064 145 1101 in
169 1065 348 1116 singulis
369 1078 483 1116 pene
505 1067 760 1117 profecerit.

160 1146 194 1184 7.
255 1136 476 1175 Caesarea
511 1138 716 1177 maiestas
752 1140 806 1178 de
842 1141 1117 1191 grauioribus
1149 1154 1457 1192 nonnunquam
1492 1142 1623 1180 rebus
1659 1155 1731 1180 ex-

105 1207 333 1258 pediendis
366 1222 444 1259 per
479 1216 670 1258 nostros,
707 1225 817 1262 quos
853 1211 1137 1250 libentissime
1174 1212 1307 1259 audit,
1340 1212 1616 1260 admonetur,
1641 1219 1730 1251 tan-

105 1285 235 1329 taque
256 1280 424 1330 pietate
461 1287 504 1318 et
527 1294 676 1320 amore
698 1282 970 1322 Societatem
992 1284 1103 1322 hanc
1137 1284 1355 1322 minimam
1374 1286 1477 1335 Jesu
1506 1286 1730 1336 prosequi-

105 1356 187 1398 tur,
212 1356 258 1388 ut
280 1352 352 1389 uix
386 1352 617 1402 quicquam
638 1354 691 1391 ab
714 1367 768 1392 eo
806 1355 851 1392 P.
876 1355 948 1401 N.,
986 1355 1183 1404 quamuis
1219 1368 1375 1406 magna
1411 1361 1455 1393 et
1475 1355 1730 1406 frequenter

102 1434 202 1461 sese
240 1422 441 1470 offerant,
478 1429 644 1474 petant,
668 1425 786 1475 quod
816 1439 903 1464 non
934 1426 1274 1465 clementissime
1312 1427 1542 1465 concedat.
1580 1427 1659 1474 Ae,
1686 1431 1729 1464 ut

103 1494 299 1532 omittam
321 1508 433 1545 quae
456 1496 511 1533 ob
542 1502 792 1535 nostrorum
823 1497 1187 1537 intercessionem
1218 1498 1259 1536 in
1295 1498 1402 1536 alios
1434 1497 1633 1546 contulit,
1659 1512 1729 1537 cu-

103 1566 215 1603 rauit
237 1566 320 1604 emi
355 1567 480 1605 nobis
502 1567 679 1606 domum
714 1569 927 1619 quandam
951 1570 1168 1608 ecclesiae
1191 1575 1369 1608 nostrae
1394 1570 1594 1617 uicinam,
1619 1582 1728 1620 quae

103 1635 175 1673 uix
196 1647 221 1685 4
241 1636 427 1675 millibus
448 1638 544 1676 flor.
582 1639 784 1678 rhenenS.
807 1641 1077 1679 absoluetur.
1103 1641 1163 1678 Ea
1195 1651 1244 1688 32
1279 1641 1524 1692 primariae,
1549 1641 1728 1679 austria-

103 1718 181 1744 cae
202 1708 454 1759 praecipue,
478 1710 718 1748 nobilitatis
752 1709 1109 1750 adolescentibus
1145 1713 1325 1759 seruiet,
1364 1725 1474 1762 quos
1505 1712 1651 1750 diuina
1670 1712 1729 1750 fa-

104 1784 235 1817 uente
258 1780 398 1830 gratia
432 1781 519 1818 suis
553 1780 760 1832 impensis
791 1794 1000 1821 caesarea
1029 1784 1235 1821 maiestas
1265 1784 1385 1821 alere
1407 1783 1609 1830 instituit,
1639 1788 1685 1821 ut
1705 1796 1729 1821 a

102 1851 262 1889 nostris
280 1851 469 1899 educati,
489 1852 696 1900 moribus,
711 1853 883 1901 litteris,
911 1854 1167 1905 pietateque
1204 1855 1440 1892 christiana
1461 1855 1651 1906 apprime
1670 1855 1730 1892 in-

103 1922 268 1965 structi,
285 1923 453 1972 patriae
469 1923 645 1962 tandem
658 1923 774 1962 ferre
792 1924 999 1963 auxilium
1021 1938 1100 1963 suo
1119 1931 1319 1977 ternpore
1337 1926 1520 1976 possint.
1537 1926 1604 1963 Ad
1619 1926 1729 1964 haec

103 2006 311 2031 summam
333 1994 580 2033 dalerorum
607 2006 706 2034 1000
726 1996 917 2034 fabricae
941 1997 1116 2048 collegij
1140 1997 1280 2035 nostri
1302 1997 1499 2044 donauit3
1521 1998 1621 2036 uino
1644 1997 1727 2035 fru-

102 2070 340 2116 mentoque
362 2066 403 2103 in
425 2067 507 2104 hac
528 2072 649 2105 tanta
670 2067 895 2118 utriusque
917 2080 1116 2107 annonae
1150 2069 1333 2107 caritate
1364 2069 1584 2116 instruxit,
1609 2081 1660 2106 ac
1680 2074 1727 2106 ut

101 2135 155 2174 de
177 2136 355 2176 firmiori
377 2138 662 2188 ampliorique
687 2138 884 2177 eiusdem
906 2139 1082 2190 collegij
1106 2139 1363 2178 fundatione
1382 2141 1498 2178 serio
1521 2143 1727 2191 ageretur

101 2208 252 2246 uoluit.
277 2208 435 2247 Sumus
456 2209 499 2247 in
519 2211 606 2249 hoc
626 2211 856 2248 viennensi
892 2210 1099 2261 collegio,
1125 2215 1170 2248 ut
1205 2217 1335 2250 antea
1357 2212 1624 2262 scripsimus,
1654 2222 1728 2250 100

99 2278 209 2327 fere3
234 2289 283 2328 50
303 2280 477 2330 quidem
500 2280 554 2318 de
576 2281 818 2328 Societate,
843 2281 1029 2319 totidem
1052 2294 1175 2329 uero,
1209 2295 1359 2321 mensa
1381 2287 1425 2320 et
1454 2283 1725 2321 habitatione

101 2351 308 2399 distincti,
333 2355 520 2392 externi.
545 2354 601 2392 Hi
624 2354 739 2392 circa
759 2354 920 2392 festum
941 2355 1159 2404 paschale,
1182 2366 1232 2394 20
1254 2356 1453 2406 exceptis
1483 2355 1555 2406 qui
1583 2361 1725 2405 pater-

98 2425 164 2462 nis
187 2425 391 2476 expensis
415 2426 646 2464 commode
677 2431 994 2472 sustentantur,
1033 2427 1332 2465 munificentia
1367 2439 1576 2466 caesarea
1610 2437 1724 2474 1000,

98 2501 306 2546 quantum
328 2496 562 2544 credimus,
586 2497 763 2536 florenis
784 2498 958 2548 integre
981 2499 1036 2535 ad
1058 2511 1189 2536 unum
1212 2511 1364 2537 omnes
1394 2499 1570 2536 fuerunt
1595 2498 1724 2536 uesti-

98 2567 144 2606 ti,
170 2566 285 2617 Quid
307 2567 460 2605 multa?
482 2568 668 2606 affirmat
689 2569 912 2619 pijssimus
936 2582 1102 2617 caesar,
1128 2582 1175 2608 se
1199 2574 1350 2620 optare
1371 2583 1458 2607 non
1481 2568 1613 2607 modo
1638 2571 1724 2608 col-

98 2637 260 2689 legium
280 2638 367 2677 hoc
400 2644 597 2677 nostrum
618 2653 905 2690 personarum
929 2654 1128 2689 numero,
1153 2641 1306 2679 annuis
1336 2641 1540 2679 censibus
1567 2641 1726 2679 modis-

97 2722 180 2760 que
204 2710 403 2748 omnibus
427 2723 596 2758 ornare,
630 2712 709 2750 sed
732 2718 776 2750 et
806 2711 1006 2763 cogitare
1039 2713 1122 2752 iam
1154 2713 1207 2752 de
1239 2713 1334 2762 alijs
1365 2714 1597 2761 nonnullis,
1623 2716 1718 2752 Deo

145 2943 153 2962 ¹
205 2941 242 2979 N
247 2943 399 2980 icolaus
414 2941 585 2980 Olahus.

142 3001 155 3021 ²
205 3001 328 3039 Anno
349 3001 440 3039 1560
458 3002 588 3039 editus
607 3007 668 3039 est
688 3003 857 3049 Romae,
874 3004 914 3040 in
932 3004 1100 3041 aedibus
1118 3003 1458 3052 SocietatisJesu,
1475 3005 1640 3043 libellus
1658 3005 1721 3042 cui

93 3061 246 3098 titulus:
271 3060 503 3106 «Quaedam
523 3075 572 3099 ex
591 3061 912 3100 Constitionibus
928 3076 1021 3101 cum
1036 3063 1193 3110 regulis
1213 3064 1492 3101 communibus
1507 3064 1722 3102 Societatis

97 3126 326 3168 excerpta.»
1218 3136 1220 3138 ·
