1908 3446
259 252 329 290 322
718 249 935 287 L1TTERAE
961 248 1316 295 QUADRIMESTRES

216 356 293 393 bus
315 367 391 405 per
413 352 614 405 indignos
650 364 803 390 seruos
839 364 941 390 suos
976 351 1017 389 in
1052 351 1137 390 hoc
1175 349 1364 400 collegio
1401 349 1631 387 viennensi
1667 349 1833 400 operari

216 425 392 477 dignata
415 430 496 467 est;
521 437 546 461 a
578 424 830 461 multorum
852 435 968 474 erga
997 435 1080 461 nos
1102 422 1278 474 fauore
1299 423 1339 460 et
1370 419 1679 460 beneuolentia
1698 419 1717 438 a
1737 419 1836 457 inci-

216 499 351 547 piens,
389 495 442 534 ad
478 508 547 533 res
583 494 863 542 domesticas,
901 494 1169 544 fratrumque
1204 494 1224 518 b
1263 493 1305 531 in
1338 493 1520 544 pietate,
1556 497 1648 529 tum
1682 491 1724 528 in
1763 491 1837 529 bo-

217 568 280 604 nis
315 566 451 604 literis
493 565 740 616 profectum
782 564 1027 603 deueniam.
1052 565 1118 603 Ac
1146 564 1284 615 primo
1322 563 1511 602 omnium
1548 561 1836 613 augustissimi

218 638 345 676 electi
386 637 660 687 imperatoris
702 641 726 682 ¹,
770 641 817 673 ut
851 649 1018 674 summa
1054 648 1159 686 erga
1192 648 1273 673 nos
1309 633 1545 674 clementia
1579 639 1595 658 c
1622 645 1698 683 per
1733 645 1838 683 quos

217 709 377 747 Christi
400 713 443 746 et
460 708 685 746 Ecclesiae
709 707 936 757 negotium
953 707 995 745 in
1017 707 1164 757 regnis
1185 707 1273 744 suis
1294 704 1546 756 promoueri
1566 709 1770 755 peroptat
1797 707 1839 742 et

218 779 458 827 contendit,
482 779 626 818 multis
650 785 717 817 est
738 779 871 829 signis
894 778 1094 817 omnibus
1115 777 1360 829 perspicua.
1384 787 1466 825 400
1487 776 1526 814 is
1553 778 1696 826 nuper
1709 774 1840 826 flore-

221 865 298 890 nos
319 852 353 899 d,
378 852 477 890 Μ.00
506 851 681 889 domino
705 850 851 901 Pigler
885 855 897 876 ²
927 850 1127 901 idipsum,
1151 849 1327 887 nomine
1349 848 1524 899 quidem
1560 851 1728 894 nostro,
1766 845 1840 884 sed

218 925 342 961 nobis
369 924 495 973 plane
525 922 687 971 inscijs,
720 934 797 972 per
832 921 979 960 literas
1009 921 1276 972 postulante,
1311 919 1562 966 destinauit,
1595 918 1748 968 quibus
1770 918 1840 956 do-

219 1008 311 1033 mus
332 994 544 1044 quaedam
568 994 756 1044 collegio
779 992 879 1032 huic
900 1005 1111 1032 caesareo
1135 991 1343 1043 contigua
1365 996 1548 1038 ematur,
1575 989 1842 1040 disponatur-

219 1079 302 1116 que
339 1079 390 1104 eo
427 1065 557 1103 modo
588 1070 634 1102 ut
668 1065 951 1116 plurimorum
982 1065 1036 1102 sit
1067 1076 1202 1115 capax
1235 1063 1553 1102 conuictorum.
1587 1061 1696 1099 Sunt
1732 1061 1841 1099 enim

220 1138 417 1187 permulti
453 1137 566 1186 (Deo
603 1135 704 1186 Opt.
743 1136 931 1174 maximo
967 1136 1078 1185 laus)
1127 1147 1311 1184 quorum
1346 1138 1569 1185 parentes,
1608 1131 1679 1170 uel
1716 1132 1840 1170 etiam

220 1209 404 1259 ipsimet,
429 1208 674 1259 aegerrime
695 1206 840 1244 ferunt
876 1220 922 1245 se
954 1206 1067 1257 apud
1101 1218 1182 1244 nos
1218 1206 1363 1244 locum
1394 1218 1481 1243 non
1511 1204 1692 1250 habere,
1716 1208 1842 1252 atque

222 1281 279 1318 illi
300 1280 486 1317 maxime
508 1279 580 1329 qui
612 1283 654 1315 et
690 1279 906 1317 bonorum
941 1291 1109 1316 morum
1148 1283 1192 1315 et
1224 1276 1482 1328 optimarum
1519 1280 1617 1314 sunt
1653 1273 1805 1312 artium
1826 1281 1843 1299 θ

222 1349 538 1388 studiosissimi.
578 1348 708 1387 Nihil
731 1350 802 1388 Ῐιὶε
824 1351 874 1388 de
898 1348 1095 1399 pecunia
1126 1347 1277 1387 dicam
1299 1360 1435 1398 quam
1464 1351 1697 1398 praeterea
1725 1345 1845 1383 iussit

222 1421 346 1459 nobis
367 1421 378 1445 f
403 1421 508 1468 dari,
533 1426 579 1458 ut
600 1421 642 1458 in
676 1420 762 1458 hoc
793 1432 1002 1458 caesareo
1035 1432 1113 1458 suo
1138 1419 1327 1470 collegio
1352 1417 1659 1469 calcographia
1685 1415 1698 1434 ³

1705 1446 1713 1463 ‚
1737 1427 1844 1467 quae

223 1493 365 1542 plures
398 1493 452 1530 ob
485 1504 636 1529 causas
668 1496 734 1529 est
755 1491 1101 1542 pernecessaria,
1136 1491 1395 1541 erigeretur.
1435 1489 1641 1528 Prudens
1670 1487 1844 1527 silentio

221 1565 455 1613 praetereo
478 1575 613 1612 qnam
634 1563 756 1612 plura
777 1569 799 1594 Ξ
820 1562 902 1600 alia
923 1574 1035 1613 quae
1057 1561 1099 1600 in
1134 1573 1215 1600 nos
1238 1561 1422 1599 contulit
1444 1573 1495 1599 ac
1525 1571 1658 1610 saepe
1680 1558 1844 1598 confert

223 1635 451 1681 beneficia,
481 1646 535 1671 ne
559 1635 637 1672 sim
658 1638 834 1684 praeter
856 1632 1033 1672 modum
1055 1633 1267 1685 prolixus.
1292 1633 1438 1683 Atque
1459 1632 1532 1670 illa
1555 1632 1684 1670 etiam
1709 1630 1846 1669 omnia

225 1704 454 1743 commoda
490 1704 643 1742 eadem
679 1705 848 1742 ratione
883 1704 1230 1755 praetermittam
1266 1704 1436 1751 lubens,
1468 1715 1580 1753 quae
1601 1707 1845 1740 nostrorum

226 1776 578 1827 interpellatione
615 1788 661 1814 se
694 1777 846 1826 >plures
884 1789 982 1815 esse
1018 1781 1286 1815 consecutos
1319 1776 1539 1814 fateantur
1575 1778 1765 1825 oportet,
1801 1774 1848 1811 ut

229 1847 320 1886 iam
341 1861 431 1886 non
453 1847 610 1899 officia
632 1849 764 1886 modo
786 1850 948 1886 nostra
971 1847 1141 1894 omnia,
1165 1849 1241 1887 sed
1271 1860 1353 1886 nos
1374 1846 1496 1898 ipsos
1516 1846 1668 1893 etiam,
1692 1847 1741 1883 ut
1761 1842 1849 1883 dici

225 1919 350 1965 solet,
376 1917 555 1957 caesari
587 1921 745 1957 nostro
768 1919 1020 1967 debeamus,
1045 1918 1120 1958 cui
1142 1920 1161 1944 ¹¹
1183 1932 1261 1970 pro
1283 1918 1442 1971 insigni
1462 1917 1744 1969 imperatoria
1762 1917 1847 1967 pie-

227 1994 333 2036 tate,
356 2003 447 2028 mon
475 2002 718 2029 seruorum
739 1992 813 2030 secl
834 1991 1019 2029 filiorum
1053 1990 1206 2039 etiam,
1231 1996 1320 2039 aut,
1354 1995 1400 2028 ut
1422 1991 1515 2041 ipse
1545 2000 1848 2040 nonnunquam

227 2061 375 2099 dicere
413 2063 658 2110 consueuit,
695 2068 865 2113 patrum
901 2063 1202 2114 spiritualium,
1239 2065 1289 2102 ut
1324 2065 1504 2110 uocant,
1537 2062 1684 2114 potius
1717 2059 1847 2099 locoi

231 2145 328 2171 esse
345 2134 465 2171 multi
484 2134 637 2171 Patres
654 2134 792 2172 nostri
821 2134 1042 2182 uidentur,
1066 2147 1176 2185 quos
1192 2147 1270 2186 pro
1290 2134 1494 2186 singulari
1517 2146 1602 2185 quo
1621 2134 1662 2172 in
1678 2136 1848 2171 nostros

228 2210 294 2242 est
328 2216 568 2255 propensus
604 2204 767 2242 affectu
802 2204 1114 2244 humanissime
1147 2218 1280 2256 saepe
1312 2205 1477 2256 excipit
1503 2204 1530 2242 J‘.
1556 2204 1691 2242 Audit
1720 2202 1848 2241 liben-

273 2363 292 2381 ἃ
341 2363 392 2399 ab
407 2364 585 2400 externis
600 2376 711 2410 ergo.
767 2366 830 2391 —b
852 2371 948 2402 tum.
1004 2374 1067 2392 —0
1094 2365 1340 2412 benignitas.
1385 2365 1453 2391 ——d
1473 2376 1664 2411 magnam
1680 2364 1711 2400 is
1725 2373 1850 2409 nuper

230 2423 424 2468 pecuniae
444 2435 655 2460 summam.
709 2432 772 2450 -e
794 2425 885 2472 Seq.
908 2425 990 2462 del.
1014 2431 1119 2462 sunt.
1173 2426 1231 2451 —f
1257 2425 1380 2462 aliam
1408 2425 1530 2462 etiam
1559 2424 1706 2461 bonam
1737 2433 1848 2469 pecu-

228 2482 319 2518 niae
337 2494 505 2519 sumam.
539 2490 608 2514 —2
629 2482 780 2520 Omitto
799 2485 1019 2531 complura.
1054 2486 1120 2511 —h
1142 2485 1242 2522 adeo
1261 2489 1317 2521 vt.
1352 2485 1409 2511 -ἰ
1435 2483 1578 2521 cesari.
1613 2483 1669 2515 —J'
1699 2481 1849 2520 Emen-

228 2541 319 2578 dat.
340 2552 390 2578 ex
409 2541 577 2588 excepit.

278 2703 285 2721 ¹
338 2701 633 2738 Ferdinandus.

276 2762 288 2781 ²
339 2760 575 2798 Leonardus
610 2760 833 2798 Piichlerus
868 2763 1046 2800 caesaris
1084 2764 1351 2800 consiliarius.
1388 2763 1452 2801 Cf.
1493 2762 1846 2805 BRAUNSBERGER,

235 2821 282 2857 Β.
304 2820 427 2857 Petri
447 2820 616 2857 Canisz'z'
631 2821 768 2867 epist..
789 2820 837 2865 ΙΙ,
858 2821 941 2858 571.

277 2881 289 2899 ⁸
341 2878 402 2915 De
452 2880 568 2927 hujus
610 2880 903 2926 typographiae
947 2882 1291 2919 vicissitudinibus
1344 2882 1472 2919 multa
1524 2882 1707 2918 invenies
1747 2878 1868 2927 apud⁴

234 2939 584 2981 BRAUNSBERGER,
617 2938 639 2973 l.
671 2951 716 2982 c.,
749 2938 797 2982 II,
827 2950 935 2986 sqq.;
972 2941 1120 2978 Lainz‘z‘
1149 2941 1358 2985 Manum,
1393 2940 1465 2982 IV,
1498 2954 1589 2988 sqq.
1625 2940 1694 2977 Cf.
1729 2939 1847 2978 etiam
1886 2958 1887 2966 κ

233 2998 371 3039 Dona,
395 2996 697 3040 Gesclzz·chte...,
719 2997 748 3040 Ι,
775 2998 857 3041 582,
887 3011 983 3046 sqq.;
1012 2999 1163 3037 Goimz
1190 3001 1404 3042 RODELEs.
1436 3000 1686 3047 Imprentas
1712 2999 1766 3036 de
1790 2998 1848 3034 los

230 3058 433 3101 anligltos
445 3055 657 3101 Jeszaeims,
678 3057 780 3103 apud
802 3057 949 3097 Razon
962 3069 994 3104 y
1015 3059 1085 3104 Fe,
1107 3059 1189 3096 vol.
1216 3059 1262 3096 25
1279 3059 1417 3105 (1909),
1437 3059 1507 3097 477
1524 3071 1609 3106 sqq.

1883 569 1886 588 Ι
