1908 3446
519 144 804 182 253.—P1‹AGA
838 144 884 179 30
914 143 1069 179 Apim„
1106 143 1194 178 1552)
1558 142 1618 178 151

48 270 144 297 esse
177 255 349 294 omnino
381 266 618 303 speramus.
654 253 762 290 Nam
793 252 884 301 ipse
920 262 1093 300 quoque
1131 249 1435 286 serenissimus
1472 250 1671 299 princeps

27 330 221 368 ,multum
253 325 478 365 contendit
512 330 555 361 ut
593 324 708 362 idem
741 325 759 341 ἃ
796 322 1031 372 collegium
1067 325 1396 370 promoueatur,
1434 333 1510 369 pro
1550 321 1670 357 cuius

45 401 184 449 aliquo
216 398 353 439 initio,
386 402 561 447 praeter
593 408 721 446 quam
753 394 869 445 quod
901 394 985 431 iam
1006 390 1302 442 septuaginta
1317 390 1421 440 fere
1444 393 1631 428 (Iztcafms
1653 393 1671 415 b

45 469 290 515 contulerit,
314 480 428 505 nunc
450 467 579 505 etiarn
611 478 787 515 operam
816 463 904 511 dat,
940 469 984 501 ut
1018 463 1192 500 omnino
1224 462 1462 499 habeamus
1494 461 1667 498 domum

26 522 254 593 jquandam
278 539 476 585 uicinam,
502 538 554 575 ad
576 538 687 575 hanc
706 550 797 574 rem
813 535 1095 586 aptissimam,
1115 547 1225 583 quae
1244 547 1330 571 non
1349 533 1526 570 minoris
1543 546 1667 582 quani

25 642 27 648 s
46 612 305 663 octingentis
328 609 497 648 ducatis
519 609 571 646 ab
594 610 687 658 ipso
710 608 862 645 haberi
883 606 1061 657 poterit.
1087 606 1195 643 Sunt
1219 605 1349 642 etiam
1372 604 1441 652 alij
1466 604 1544 641 uiri
1568 604 1671 641 110111

44 683 113 735 qui
139 684 179 721 in
212 682 451 721 eorundem
476 693 713 731 pauperum
746 692 870 716 usum
902 676 1087 716 circiter
1109 688 1156 726 30
1179 678 1368 715 (111103103-
1390 682 1406 700 0
1429 687 1669 726 congrega-

25 760 151 803 ]runt.
178 752 542 804 Quandoquidem
565 757 711 789 autem
734 752 845 788 haec
866 749 1009 787 futura
1032 753 1099 785 est
1120 748 1246 785 huius
1269 747 1445 797 collegij
1479 747 1588 784 ratio
1621 759 1671 783 ac

24 829 193 876 status,
217 830 264 863 ut
294 824 452 862 multos
483 829 693 874 patronos
726 822 779 859 sit
810 821 1073 865 habiturum,
1106 819 1178 869 qui
1215 818 1508 855 eleemosinas
1538 817 1670 854 certis

41 897 306 948 temporibus
338 896 633 941 contribuant,
667 893 864 944 promisit
896 890 1201 930 serenissimus
1232 890 1433 941 princeps
1464 888 1581 939 quod
1611 890 1670 927 ita

41 969 225 1007 barones
247 980 347 1005 suos
371 979 528 1017 urgere
553 965 658 1003 uelit
680 966 881 1015 (quorum
905 962 1193 1014 congregatio
1217 961 1348 999 modo
1374 965 1667 1012 expectatur),

22 1034 85 1091 [ut
108 1045 150 1077 et
172 1045 293 1077 certo
317 1044 515 1087 tempore
540 1042 705 1074 certam
722 1048 897 1086 quoque
917 1034 1229 1073 eleemosinam
1249 1032 1303 1070 ad
1318 1033 1406 1070 hoc
1423 1033 1666 1070 0001613111.

21 1094 24 1103 ⁴
91 1121 128 1160 4.
189 1109 381 1157 Quando
405 1108 424 1133 d
447 1109 497 1146 D.
524 1106 740 1146 Henricus
765 1107 947 1157 egregie
970 1105 1024 1143 de
1053 1105 1215 1143 ieiunio
1248 1106 1288 1142 in
1320 1104 1538 1142 dominica
1568 1116 1669 1154 qua-

21 1163 309 1232 ‘dragesimam
334 1180 621 1218 concionatus
645 1184 780 1225 esset,
806 1178 1014 1216 continuo
1038 1176 1342 1214 serenissimus
1373 1176 1576 1226 princeps
1598 1174 1670 1225 qui

42 1253 165 1292 huius
186 1252 324 1290 Patris
356 1250 642 1289 concionibus
675 1262 848 1299 semper
879 1249 1097 1286 interesse
1133 1248 1262 1293 solet,
1301 1246 1518 1297 quendam
1555 1247 1669 1284 misit

22 1322 110 1375 ffqui
140 1323 436 1374 expiscaretur
471 1336 572 1360 num
603 1321 734 1372 aliqui
766 1334 820 1359 ex
852 1321 939 1358 suis
962 1319 1112 1358 aulicis
1136 1319 1338 1358 carnibus
1360 1324 1666 1365 uescerentur3

20 1379 23 1397 A
42 1395 91 1444 ijs
112 1407 216 1433 uero
239 1394 310 1445 qui
332 1394 597 1444 deprehensi
617 1393 805 1434 fuerant,
841 1391 1129 1429 comminatus
1161 1396 1243 1437 est,
1278 1402 1427 1428 secum
1459 1390 1669 1428 uidelicet

20 1451 288 1506 Ξ001131111316
310 1479 396 1503 non
417 1478 548 1516 posse
573 1478 665 1512 eos,
690 1464 761 1514 qui
782 1464 823 1501 in
847 1464 1063 1514 religione
1093 1461 1309 1501 catholica
1341 1461 1405 1499 sui
1435 1462 1668 1500 dissimiles

41 1542 198 1576 essent.
223 1537 287 1574 Ex
308 1535 373 1574 his
395 1540 541 1585 potest
564 1536 613 1573 T.
639 1537 687 1574 R.
714 1537 759 1573 P.
785 1535 913 1573 facile
937 1546 1212 1584 cognoscere
1236 1533 1376 1571 zelum
1405 1533 1667 1571 christianis-

41 1608 132 1646 simi
164 1608 379 1658 psincipis,
418 1612 463 1644 et
496 1607 695 1645 fauorem
734 1620 839 1657 erga
873 1605 1144 1644 Societatem
1180 1610 1391 1651 nostram3
1428 1605 1500 1654 qui
1536 1604 1666 1642 etiam

42 1691 182 1717 coram
216 1680 261 1717 R.
296 1680 342 1717 P.
375 1678 570 1717 Victoria
600 1682 788 1716 testatus
820 1683 886 1715 est
920 1681 1097 1715 nostros
1134 1678 1301 1727 Pragae
1337 1676 1583 1714 rectissime
1618 1689 1668 1714 ac

39 1750 354 1789 modestissime
376 1750 544 1788 uiuere:
568 1763 666 1788 nam
688 1750 860 1799 (inquit)
881 1754 1001 1787 tanta
1023 1754 1089 1786 est
1111 1749 1429 1786 maleuolorum
1453 1748 1593 1798 copia,
1619 1754 1668 1785 ut

39 1819 73 1858 si
93 1822 162 1859 uel
183 1821 402 1859 minimum
424 1821 464 1858 in
488 1821 613 1859 uobis
635 1827 791 1859 notare
813 1827 1009 1871 possent,
1033 1821 1149 1859 haud
1171 1821 1302 1859 dubie
1334 1822 1421 1859 hoc
1451 1820 1665 1870 quampri-

19 1896 151 1931 bmum
190 1893 242 1931 ad
284 1906 351 1931 me
391 1893 633 1931 deferrent.
683 1893 762 1940 [De
803 1894 1000 1942 quodam
1044 1893 1222 1932 lmssita
1262 1891 1399 1931 sociis
1439 1892 1662 1931 benevolo.

19 1951 20 1958 ’
49 1963 140 2003 Via.
164 1963 286 2015 epist.
311 1963 405 2011 2215,
430 1976 473 2002 n.
498 1967 551 2012 2.]

18 2036 19 2041 ’
92 2044 126 2084 5.
186 2035 315 2084 Quod
336 2036 390 2074 ad
412 2037 586 2074 scholas
607 2039 779 2073 nostras
802 2034 974 2082 attinet,
1000 2042 1237 2074 creuerunt
1264 2035 1441 2086 quidem
1469 2036 1568 2073 illae
1600 2035 1666 2073 his

18 2098 255 2145 'mensibus
276 2120 363 2145 non
385 2108 683 2146 mediocriter.
717 2107 828 2145 Sunt
860 2108 1022 2145 etenim
1055 2109 1229 2147 circiter
1266 2109 1352 2150 160,
1387 2107 1459 2158 qui
1490 2106 1665 2158 quidem

18 2181 136 2241 ‘'sunt
168 2178 308 2229 pauci,
346 2191 514 2226 uerum,
552 2184 598 2217 ut
634 2180 802 2227 Pragae
839 2193 886 2218 se
922 2192 992 2218 res
1032 2181 1216 2222 11311601,
1259 2185 1324 2217 sat
1365 2180 1525 2217 multos
1567 2191 1665 2217 esse

18 2249 19 2268 z
39 2253 247 2299 putamus.
272 2250 507 2288 Plurimum
530 2264 633 2288 sane
656 2251 697 2288 in
720 2252 857 2289 literis
878 2252 1126 2302 proficiunt,
1151 2264 1235 2289 nec
1257 2251 1396 2289 minus
1427 2251 1469 2288 in
1498 2250 1664 2301 pietate

18 2325 82 2358 >et
114 2321 263 2371 spiritu
295 2321 548 2378 humilitatis
585 2327 804 2371 crescunt3
841 2324 963 2361 cuius
998 2322 1203 2361 indicium
1240 2323 1326 2361 hoc
1363 2335 1461 2361 esse
1496 2326 1661 2373 potest,

18 2391 151 2461 >quod
180 2406 256 2431 sua
285 2399 456 2444 sponte,
489 2394 606 2432 nullo
638 2400 837 2433 nostrum
868 2400 1071 2446 urgente,
1106 2396 1175 2432 uel
1211 2395 1342 2433 etiam
1378 2394 1662 2441 admonente,

39 2462 153 2512 quod
175 2476 258 2515 ego
280 2464 428 2511 sciam,
453 2464 554 2503 dum
576 2465 730 2503 ludunt
749 2465 850 2516 pila,
875 2467 946 2504 uel
968 2466 1063 2516 alijs
1095 2464 1344 2504 huiusmodi
1374 2465 1487 2504 ludis
1519 2478 1567 2503 se
1598 2478 1664 2503 re-

18 2525 20 2552 ³
39 2541 198 2579 creant,
223 2535 353 2574 etiam
372 2536 557 2587 publicis
578 2535 621 2574 in
642 2535 766 2584 locis,
791 2536 976 2588 genibus
998 2536 1124 2576 flexis
1148 2543 1192 2575 et
1212 2538 1374 2588 populo
1406 2550 1504 2575 cum
1530 2537 1664 2576 admi-

18 2604 202 2664 :ratione
225 2612 468 2657 spectante,
500 2606 536 2646 is
566 2606 727 2659 aliquid
761 2614 872 2655 oret,
906 2609 979 2659 qui
1009 2608 1151 2647 uictus
1183 2614 1265 2647 est.
1299 2609 1398 2647 Hoc
1428 2614 1574 2647 autem
1605 2608 1665 2646 illi

39 2674 240 2727 imprimis
259 2678 422 2717 faciunt
443 2679 516 2730 qui
537 2669 636 2717 su'nt
659 2692 890 2730 supremae
914 2680 1079 2719 classis.
1105 2681 1214 2719 Sunt
1241 2681 1356 2718 inter
1386 2681 1468 2718 hos
1498 2679 1664 2731 aliquot

83 2879 105 2963 Ξ
146 2879 235 2917 hoc.
301 2883 357 2907 —b
378 2881 524 2919 bonam
543 2883 741 2929 pecuniae
761 2897 932 2921 sumam.
988 2892 1051 2910 —0
1072 2885 1223 2932 aliquid
1245 2886 1365 2922 etiam
1386 2885 1596 2932 pecuniae.

146 2950 249 2978 cum.
