1908 3446
180 297 250 335 556
662 297 882 336 LITTERAE
909 299 1263 344 QUAomMEffl-Rsss

135 412 191 437 no
211 399 236 445 ¹,
256 399 577 448 instructissimj
597 400 826 451 aliquando
846 400 1006 449 Christj
1029 401 1190 440 milites
1210 402 1438 451 prodeant,
1456 402 1529 452 qui
1549 402 1591 440 in
1609 403 1756 441 catho-

135 471 218 508 lica
253 476 297 508 et
332 484 435 509 uera
471 471 684 521 religione
715 484 739 509 a
769 472 934 510 teneris
969 472 1089 509 annis
1116 472 1286 522 imbutj,
1312 478 1355 510 et
1377 479 1530 512 contra
1552 473 1757 512 uitiorum

136 554 275 592 genus
313 554 440 580 omne
472 542 643 591 armatj,
674 556 752 593 pro
785 543 945 592 Christj
979 556 1165 593 corpore
1196 544 1479 582 fortissimum
1511 558 1557 582 se
1589 558 1756 582 murum

136 619 288 651 contra
311 626 462 651 omnes
494 612 653 662 diabolj
685 618 728 651 et
749 615 1043 652 membrorum
1068 613 1160 652 eius
1177 615 1521 654 machinationes
1543 616 1757 667 intrepide

134 684 365 734 aliquando
389 684 617 733 obijciant?

186 768 224 805 4.
285 754 374 794 Sed
396 762 573 795 transeo
597 769 712 794 nunc
733 756 786 794 ad
809 757 1056 804 contiones,
1080 770 1191 807 quae
1215 763 1259 796 et
1288 759 1408 809 ipsae
1439 772 1525 798 non
1557 759 1759 810 exiguam

135 826 379 864 studiorum
414 831 664 865 nostrorum
695 827 943 878 portionem
975 829 1214 879 requirunt.
1253 829 1470 880 Coeptum
1501 842 1525 867 a
1558 830 1684 868 nobis
1718 830 1759 867 in

136 898 412 937 ornatissimo
438 904 482 936 et
514 899 798 949 capacissimo
834 900 919 937 hoc
954 901 1117 950 templo
1153 906 1304 938 nostro
1342 901 1592 939 concionari
1625 901 1760 952 prima

134 970 353 1008 dominica
373 970 605 1018 aduentus,
631 975 674 1008 et
697 970 856 1008 deinde
878 972 919 1008 in
941 970 1204 1021 quotidianis
1226 972 1503 1010 contionibus
1525 972 1685 1010 ibidem
1707 972 1760 1010 ad

134 1042 247 1080 festa
269 1056 406 1093 usque
428 1042 623 1080 natalitia
642 1043 948 1093 perseuerauit
970 1043 1086 1081 Rdus
1114 1044 1160 1082 P.
1186 1043 1408 1082 Martinus.
1441 1045 1604 1082 Postea
1625 1044 1759 1082 domi-

133 1113 242 1151 nicis
263 1117 433 1150 tantun]
456 1118 500 1151 et
521 1113 646 1151 festis
668 1113 823 1152 diebus
844 1114 897 1152 ab
927 1114 1084 1152 eodem
1118 1115 1347 1153 contiones
1378 1115 1431 1153 ad
1461 1116 1667 1166 populum
1688 1116 1759 1154 ha-

134 1184 251 1222 bitae
282 1198 419 1234 usque
442 1184 496 1222 ad
518 1197 666 1223 sacrae
689 1186 815 1223 huius
836 1192 948 1234 40³2
969 1186 1153 1233 initiu1n3
1182 1200 1237 1225 ex
1259 1199 1344 1237 quo
1367 1187 1665 1238 quotidianum
1687 1186 1760 1225 de-

133 1268 219 1294 11110
252 1255 541 1293 concionandi
562 1256 581 1274 ἃ
601 1256 796 1294 laborem
828 1257 975 1306 subijt.
1000 1256 1186 1295 Accedit
1214 1263 1361 1296 autem
1396 1257 1449 1296 ad
1480 1258 1612 1307 diuinj
1636 1259 1759 1297 uerbi

132 1327 507 1378 praedicationem
528 1332 616 1365 tarn
637 1327 844 1377 frequens
866 1328 1113 1366 auditorum
1134 1342 1355 1376 numerus,
1376 1335 1421 1367 ut
1438 1330 1760 1380 frequentiores

134 1399 206 1436 uix
230 1403 445 1449 optemus.
470 1398 581 1436 Nam
602 1398 726 1436 festis
748 1399 923 1450 quidem
946 1399 1100 1438 diebus
1123 1401 1252 1438 millia
1276 1400 1441 1451 aliquot
1461 1413 1691 1440 numerare
1714 1402 1758 1439 li-

134 1476 246 1517 ceat,
286 1470 483 1520 operosis
519 1482 643 1517 uero,
680 1483 767 1508 non
798 1483 958 1521 paucas
991 1471 1122 1509 etiam
1155 1473 1390 1519 centurias3
1422 1478 1585 1510 tantam
1614 1478 1760 1511 autem

133 1545 326 1592 praestat
349 1541 494 1579 diuina
514 1541 687 1579 bonitas
710 1542 1011 1591 concionatorj
1045 1543 1130 1580 uim
1155 1548 1199 1581 et
1220 1543 1474 1581 facultatem
1489 1544 1524 1590 b,
1549 1549 1640 1582 tum
1668 1556 1759 1582 cor-

133 1614 251 1664 poris
274 1613 404 1651 etiam
426 1613 558 1660 uires,
583 1619 631 1651 ut
651 1626 729 1664 pro
752 1614 818 1651 his
849 1626 1043 1652 summae
1075 1627 1099 1652 3
1128 1614 1254 1652 nobis
1283 1615 1440 1653 merito
1463 1616 1630 1666 gratiae
1650 1615 1762 1666 patri

133 1684 314 1734 caelestj
347 1685 431 1722 sint
467 1684 745 1722 referendae.
771 1685 953 1722 Praeter
975 1685 1080 1723 istas
1102 1690 1249 1723 autem
1273 1684 1510 1723 ordinarias
1531 1686 1574 1723 in
1596 1686 1759 1736 templo

132 1762 283 1795 nostro
307 1757 552 1803 contiones,
577 1756 687 1794 aliae
707 1757 837 1794 etiarn
860 1757 912 1794 ab
936 1757 1095 1795 eodem
1118 1758 1215 1795 Pre.
1241 1770 1387 1795 coram
1408 1758 1624 1796 illustriss.
1649 1757 1760 1796 duce

134 1827 314 1878 eiusque
331 1827 493 1865 familia
513 1827 689 1865 habitae
721 1832 836 1875 sunt3
874 1832 917 1865 et
949 1827 1059 1866 duae
1092 1828 1267 1878 quidem
1299 1828 1479 1879 singulis
1509 1829 1761 1879 septimanis

134 1911 271 1950 usque
293 1897 346 1937 ad
367 1906 494 1948 40.am
526 1899 813 1950 Quantopere
835 1904 983 1937 autem
1008 1912 1094 1937 sua
1126 1899 1342 1938 celsitudo
1366 1907 1382 1925 0
1412 1900 1505 1938 istis
1527 1900 1761 1938 aedificatav

136 1975 181 2007 et
203 1970 429 2009 oblectata
452 1969 470 1994 ‘³
497 1970 566 2017 sit,
591 1983 678 2008 non
710 1971 897 2008 obscure
919 1969 1126 2020 prodidit,
1151 1969 1252 2008 dum
1273 1971 1402 2008 alium
1423 1975 1575 2009 nostro
1597 1972 1759 2021 templo

134 2041 237 2079 dare
273 2041 649 2088 concionatorem,
684 2046 728 2079 et
759 2041 841 2079 sibi
870 2046 1069 2079 nostrum
1099 2041 1181 2079 hac
1215 2041 1550 2092 quadragesima
1583 2055 1760 2081 seruare

132 2113 259 2164 plane
282 2112 588 2160 constituerat3
610 2118 767 2163 postea
785 2116 947 2159 tamen,
980 2111 1270 2150 vniuersalius
1299 2113 1461 2151 bonum
1481 2113 1653 2164 priuato
1681 2127 1758 2152 suo

132 2183 403 2234 praeferens,
428 2196 452 2221 a
474 2184 525 2221 D.
551 2183 809 2233 consiliarijs
831 2183 976 2233 inducj
997 2197 1043 2222 se
1060 2197 1213 2234 passus
1236 2187 1317 2231 est,
1342 2189 1388 2222 ut
1410 2183 1585 2222 solitum
1602 2185 1760 2223 retine-

134 2261 201 2294 ret
236 2255 446 2306 templum
481 2256 567 2293 hoc
600 2261 798 2293 nostrum
834 2255 1212 2293 concionatorem.
1250 2256 1356 2294 Post
1386 2256 1548 2306 pascha
1579 2269 1685 2307 ergo
1719 2256 1760 2294 in

135 2326 316 2364 materia
338 2332 728 2373 sacramentorum,
751 2339 935 2377 quorum
959 2331 1159 2365 exactam
1192 2326 1341 2378 coepit
1370 2327 1422 2365 R.
1456 2327 1505 2366 P.
1538 2329 1760 2366 tractatio-

132 2398 232 2436 ne'm
257 2410 405 2436 coram
426 2411 512 2436 sua
534 2397 798 2437 celsitudine
825 2405 858 2445 e,
888 2398 964 2435 fiet
984 2410 1260 2448 progressus.

187 2477 223 2517 5.
284 2468 350 2506 De
372 2468 517 2506 fructu
540 2482 595 2507 ex
627 2468 995 2515 confessionibus,
1029 2469 1278 2507 carceribus
1301 2473 1344 2506 et
1376 2468 1665 2518 xenodochijs
1695 2481 1760 2506 re-

131 2541 236 2586 lato,
271 2539 374 2576 alias
407 2540 683 2589 oportunius3
705 2552 803 2577 nam
824 2539 866 2577 in
887 2539 952 2577 his
973 2539 1195 2590 principijs
1215 2539 1258 2577 in
1278 2540 1364 2577 hoc
1384 2540 1571 2578 maxime
1592 2540 1760 2577 labora-

133 2623 242 2657 mus,
266 2615 313 2647 ut
332 2610 494 2660 populo
517 2610 755 2648 Societatis
781 2610 1060 2648 innotescant
1091 2609 1317 2657 exercitia,
1341 2623 1469 2661 quae,
1494 2623 1590 2648 cum
1610 2610 1760 2660 paucis

132 2683 345 2720 hactenus
369 2682 548 2732 cognita
577 2682 677 2729 sint,
710 2680 752 2719 in
781 2694 1020 2732 paucorum
1052 2681 1183 2719 etiam
1214 2681 1446 2720 utilitatem
1477 2682 1676 2731 conuertj
1709 2695 1761 2720 ea

131 2756 386 2804 potuerunt3
420 2766 573 2791 verum
605 2752 789 2791 diffundi
817 2753 976 2804 passim
1006 2765 1122 2791 nunc
1147 2753 1298 2804 incipit
1316 2754 1457 2792 bonus
1481 2754 1590 2793 odor
1610 2755 1760 2794 Socie-

179 2902 199 2922 a
249 2902 403 2940 Praec.
440 2913 480 2939 v.
517 2901 625 2939 add.
662 2903 707 2939 in
744 2912 885 2948 marg.
979 2903 1044 2928 ——b
1087 2900 1369 2939 facultatatem
1403 2913 1483 2939 ms.
1565 2911 1629 2929 -c
1672 2904 1757 2941 ille.

135 2962 201 2988 —d
226 2960 508 2999 aedificatus...
528 2961 768 2999 oblectatus.
822 2969 886 2988 -e
913 2961 1106 3009 principe.

184 3107 192 3126 ¹
246 3104 311 3143 Cf.
333 3104 491 3150 VERG.‚
513 3104 709 3150 Aenez‘d.,
728 3104 779 3151 ΙΙ,
802 3105 845 3143 10
861 3119 948 3154 sqq.
969 3117 972 3119 ’
