1908 3446
649 182 729 218 2³39.
789 181 977 220 Biiicono
1012 182 1053 217 12
1087 181 1183 217 FER.
1218 182 1305 218 1559
1696 180 1741 216 75

164 284 444 322 mediocriter
481 285 756 323 elaboramus
786 283 995 335 patrium
1023 297 1271 322 sermonem
1309 285 1368 321 ad
1402 282 1598 321 latinum
1629 282 1787 321 ‹aliun-

160 357 326 406 ἑ(ξειιαῐο,
355 355 531 406 utquid
564 355 742 406 utrique
773 355 963 407 linguae
989 355 1247 405 proprium.
1273 354 1381 403 quid
1412 367 1658 400 commune,
1683 353 1789 403 quid

163 426 297 465 etia-nt
336 426 391 465 ab
429 429 619 477 utraque
655 426 856 466 alienum
892 439 944 465 ac
979 425 1213 465 diuers—mn
1247 424 1319 467 sit,
1353 428 1603 475 puerorum
1639 425 1791 475 captui

164 497 451 548 conspicuum
475 499 714 543 reddatum
735 499 781 535 ut
804 496 968 536 uitium
985 498 1105 547 quod
1126 496 1333 535 ommibus
1349 498 1549 535 exterum
1577 495 1789 547 linguam

165 569 458 621 ignotamque
489 569 762 609 discentibus
794 569 991 621 uulgare
1021 570 1097 611 est,
1128 567 1356 618 [utulatim
1388 567 1536 606 uitare
1564 569 1787 606 studecmf.

164 641 229 680 Ne
249 641 419 680 scilicet
440 655 538 680 cum
563 640 726 681 alienis
747 640 964 680 misceant
990 653 1091 683 sna,
1119 641 1389 689 nothumque
1411 641 1450 678 ef
1481 639 1788 678 adulterinam

159 714 334 763 prolem
356 726 457 752 cnm
482 726 594 752 uera
615 715 654 752 et
675 713 905 765 legittima
927 712 1230 764 confundant.
1265 712 1467 761 Plerique
1500 725 1604 750 uero
1627 712 1686 749 ita
1707 717 1791 749 stu-

163 783 234 823 dio
266 784 464 824 discendi
496 785 742 823 excitantur
777 785 1201 835 inflammanturque,
1236 789 1281 821 ut
1312 783 1449 834 magis
1479 783 1631 821 fraeno
1666 796 1791 832 quam

164 856 404 895 calcaribus
435 856 634 908 indigere
665 854 911 894 uideantur.
945 855 1117 894 Excitat
1150 867 1227 892 eos
1258 855 1434 905 insuper
1456 854 1559 892 illud
1589 867 1676 892 non
1707 868 1792 891 me-

164 928 388 975 diocriter,
413 928 530 979 quod
560 928 833 968 doctioribus
855 926 1040 966 sedendi
1070 928 1187 966 locus
1210 926 1471 977 assignetur,
1504 926 1792 976 semestriquc

164 1012 277 1050 pene
293 998 491 1051 quolibet
508 999 562 1037 ad
585 998 787 1037 altiorem
812 1000 996 1038 classem
1020 997 1319 1037 conscendant
1340 996 1521 1048 aliquot.
1542 999 1703 1036 Nostra
1724 997 1794 1035 ad-

164 1073 263 1118 huc,
301 1070 395 1110 Rflss
428 1072 571 1117 Pater,
605 1071 647 1109 in
678 1069 803 1109 uiridi
832 1082 884 1108 ac
913 1070 1140 1120 pullulanti
1169 1070 1305 1108 herba
1336 1070 1490 1107 messis
1521 1074 1601 1111 est.
1636 1082 1690 1106 ex
1712 1082 1796 1119 qua

164 1156 249 1181 non
273 1143 458 1194 exiguos
479 1142 646 1181 fructus
666 1141 924 1193 propediem
947 1141 1230 1179 demessuros
1251 1141 1333 1179 Dei
1356 1154 1439 1191 ope
1462 1153 1512 1178 ac
1533 1140 1692 1178 uestris
1714 1140 1795 1177 fre-

165 1215 195 1251 ti
218 1214 420 1264 precibus
444 1213 717 1252 confidimus.
744 1212 875 1263 Quod
906 1219 950 1251 ut
979 1213 1068 1260 fiat,
1094 1212 1368 1264 operariique
1398 1211 1439 1249 in
1475 1224 1593 1249 suam
1626 1211 1794 1251 uineam

164 1286 216 1323 ab
251 1286 459 1323 hereticis
490 1285 695 1323 uiolatam
731 1297 932 1335 peneque
951 1284 1257 1322 labefactatam
1279 1284 1518 1330 mittantur,
1541 1283 1648 1320 faxit
1678 1283 1796 1320 Deus

166 1358 267 1408 Opi.
294 1359 408 1397 Max.
433 1358 559 1395 Nunc
581 1370 691 1407 quae
715 1361 896 1403 restant,
924 1358 970 1394 at
991 1356 1186 1394 breuiter
1208 1355 1566 1406 perstringamus,
1601 1353 1799 1392 instituti

161 1429 388 1480 propositi
410 1428 588 1468 rafione
609 1440 962 1467 commonemur.

218 1512 255 1549 3.
318 1503 492 1540 Patruni
524 1505 773 1539 nostrorum
805 1499 969 1538 crebris
1000 1499 1371 1537 admonitionibus
1409 1499 1795 1548 concionibusquc,

166 1574 246 1612 Dei
278 1586 377 1624 ope,
412 1572 622 1610 effectum
653 1571 801 1617 uideo,
826 1576 871 1608 ut
902 1572 936 1609 si
967 1584 1053 1609 non
1085 1569 1314 1610 dominicis
1341 1571 1511 1615 diebus,
1545 1571 1697 1609 saltem
1731 1583 1797 1608 so-

163 1644 445 1684 lemnioribus
474 1643 598 1681 festis
621 1656 787 1683 sacram
817 1643 1123 1682 eucharistiam
1152 1643 1415 1681 sumentium
1446 1656 1652 1681 numerus
1684 1654 1796 1681 cres-

166 1721 248 1755 cat.
274 1716 414 1754 Tanta
435 1713 549 1754 enim
568 1714 759 1753 omnium
782 1719 1031 1753 sanctorum
1054 1715 1174 1753 feriis
1196 1715 1238 1752 in
1259 1715 1422 1753 sacello
1444 1719 1596 1753 nostro
1620 1715 1711 1752 uisa
1734 1719 1800 1751 est

164 1787 411 1834 multitudo,
434 1792 594 1837 quanta
615 1785 719 1824 alias
740 1799 973 1837 nunquam.
999 1786 1102 1824 Non
1140 1786 1290 1825 minus
1311 1786 1430 1825 enim
1452 1799 1590 1836 quscmn
1621 1788 1797 1825 centum

163 1861 202 1898 et
224 1858 565 1911 quinquaginta
587 1861 682 1898 tum
696 1857 846 1910 fuisse
868 1860 989 1897 certo
1010 1857 1168 1897 simus.
1193 1857 1448 1909 Eademque
1475 1856 1640 1908 pietate
1663 1860 1797 1897 hosce

164 1944 387 1982 speramus
414 1930 468 1969 ad
503 1936 667 1969 tantam
698 1943 881 1969 coenam
913 1929 1162 1968 crebriores
1191 1930 1524 1980 paratioresque
1554 1930 1665 1968 fore.
1690 1930 1798 1968 Nam

162 2016 248 2042 non
285 2004 419 2041 multo
455 2003 686 2053 pauciores
727 2007 770 2040 et
805 2001 1172 2053 praesentationis
1219 2001 1611 2052 conceptionisque
1646 2014 1797 2040 sacrae

164 2075 487 2126 Virginis-festo
520 2075 693 2113 diuinae
725 2086 903 2113 mensae
925 2074 1183 2112 accubuisse
1217 2074 1541 2125 conspeximus.
1567 2074 1631 2112 Ac
1664 2074 1797 2112 multo

164 2146 308 2196 plures
343 2145 504 2185 Christi
534 2145 755 2192 natalitiis,
788 2144 846 2183 ita
883 2148 928 2182 ut
959 2144 1097 2182 nostri
1131 2146 1281 2183 Patres
1313 2157 1466 2184 omnes
1496 2144 1586 2195 (qui
1617 2157 1799 2182 numero

166 2231 242 2255 sex
266 2218 382 2264 sunt)
404 2215 632 2255 audiendis
654 2216 845 2255 omnium
868 2215 1218 2255 confessionibus
1241 2216 1314 2254 uix
1337 2216 1608 2254 sufficerent.

218 2299 256 2336 4.
318 2287 664 2338 Quatuordecim
695 2287 839 2326 adhuc
860 2302 1022 2335 sumuS,
1048 2300 1245 2339 quornm
1267 2288 1355 2326 dno
1387 2287 1520 2327 rebus
1547 2286 1802 2326 domesticis

167 2361 466 2410 occuspantum
488 2359 694 2398 fratribus
711 2359 870 2398 nostris
892 2359 1077 2398 Claudio
1101 2365 1233 2410 atque
1256 2359 1615 2405 Bartholomaeo,
1639 2357 1711 2408 qui
1728 2372 1802 2396 nu-

166 2445 241 2482 per
271 2430 313 2469 in
336 2430 611 2470 Societatem
633 2430 810 2469 admissi
830 2431 1002 2469 fuerant
1037 2433 1060 2477 ¹,
1095 2429 1284 2469 Parisios
1307 2428 1437 2468 studii
1458 2429 1598 2481 gratia
1620 2429 1672 2468 ad
1704 2441 1802 2467 nos-

168 2508 258 2541 tros
281 2501 436 2541 missis.
462 2502 627 2540 Omnes
649 2502 731 2541 Dei
753 2502 894 2553 gratia
915 2515 1126 2553 prospera
1156 2506 1334 2540 utuntur
1366 2500 1634 2547 ualetudine,
1660 2502 1714 2540 M.
1736 2502 1802 2551 Ja-

169 2575 281 2613 cobo
303 2573 521 2626 Argelier
543 2579 748 2624 excepto,
773 2573 845 2624 qui
867 2573 1009 2613 adhuc
1030 2579 1240 2625 quartana
1257 2574 1494 2612 detinetur.
1519 2571 1653 2612 Cuius
1674 2571 1803 2611 inter-

171 2658 223 2683 ea
243 2644 435 2684 docendi
464 2644 735 2696 prouinciam
757 2645 812 2684 M.
838 2646 1000 2684 Alanus
1032 2644 1239 2696 suscepit,
1264 2644 1336 2696 qui
1366 2657 1503 2696 nuper
1527 2643 1699 2682 Lutetia
1720 2644 1804 2681 huc

170 2715 325 2755 missus
347 2716 441 2754 fuit.
468 2716 522 2754 M.
548 2716 756 2755 Nicolaus
780 2717 1042 2765 Paridensis,
1069 2716 1287 2757 oratoriae
1314 2715 1533 2754 facultatis
1562 2715 1801 2767 professor.

172 2786 414 2826 orationem
446 2787 621 2826 latinam
652 2787 801 2826 habuit
831 2788 1031 2839 proxime
1062 2789 1103 2827 in
1135 2787 1475 2826 claromontensi
1505 2786 1691 2837 synodo,
1721 2799 1805 2835 qua

221 2940 228 2959 ¹
282 2938 347 2977 Cf.
369 2938 476 2977 Litt.
499 2939 749 2986 Quadrz'm„
766 2937 821 2985 V,
840 2937 1008 2977 834-835.
