1908 3446
268 233 338 270 432
734 232 953 269 LITTERAE
980 231 1334 276 QUADRIMESTRES

223 336 308 373 Eos
330 336 402 386 qui
422 336 548 387 plane
571 336 691 387 pueri
716 340 759 373 et
781 334 911 373 rudes
935 339 1046 375 sunt,
1077 346 1163 371 non
1186 331 1468 380 admittimus3
1491 334 1673 371 aliorum
1694 340 1829 376 autem
1872 338 1874 376 ἶ

222 413 407 457 quantus
428 408 481 445 sit
512 420 717 445 numerus
749 407 993 444 scholarum
1022 404 1324 454 ampliatione-s
1355 404 1469 442 haud
1493 404 1678 443 obscure
1700 406 1832 446 decla·
1872 411 1875 446 l

222 483 330 517 rant.
356 479 609 517 Gaudemus
631 478 748 528 quod
775 478 1025 528 superiores
1055 476 1251 526 germani
1283 475 1524 514 studiorum
1546 476 1685 526 gratia
1714 479 1832 518 Colo·
1872 494 1874 501 ⁸

221 550 334 587 niam
360 550 549 597 veniant,
583 550 652 600 qui
684 549 737 586 ad
767 548 1089 586 haereticorum
1121 547 1294 584 scholas
1325 546 1484 596 alioqui
1515 547 1614 584 ituri
1642 553 1775 596 erant,
1796 550 1833 588 in

221 626 444 671 posterum
466 622 551 658 hoc
571 621 844 671 profuturum
866 619 1129 657 Germaniae
1152 618 1396 668 augurium.
1423 617 1502 655 Dei
1533 620 1646 656 enim
1667 617 1736 657 hic
1756 621 1833 659 cle-

222 692 383 730 mentia
404 691 456 729 ad
478 692 735 743 religionem
760 691 1051 729 orthodoxam
1074 695 1117 727 et
1140 690 1399 727 catholicam
1417 694 1490 726 aut
1512 695 1831 740 conuertuntur,
1872 703 1873 741 ξ

221 769 295 801 aut
315 764 356 801 in
389 776 441 801 ea
462 764 615 801 saltem
648 763 969 801 confirmantur.
1001 762 1180 799 Sacrum
1202 761 1399 811 quotidie
1430 767 1474 799 et
1503 760 1628 799 flexis
1659 763 1833 812 genibus
1871 805 1873 813 ¹

221 834 415 881 audiunt,
439 835 693 885 frequenter
712 835 974 872 confitentur
997 845 1047 870 ac
1069 832 1406 879 communicant,
1431 832 1742 871 catechismum
1759 833 1834 872 dis·
1870 834 1873 867 ’ἐ

222 910 338 952 cunt,
372 906 631 944 concionem
665 911 707 943 et
739 918 884 943 sacras
914 903 1130 942 lectiones
1164 902 1358 941 audiunt.
1398 903 1533 953 Quid?
1567 903 1634 942 Ad
1670 905 1833 944 concio—
1870 932 1873 945 ,

220 976 407 1014 nandum
432 983 475 1014 et
505 977 765 1015 catholicam
787 975 1019 1014 iuuandam
1052 974 1283 1013 ecclesiam
1306 975 1438 1025 aliqui
1466 975 1754 1013 vehementer
1780 976 1833 1014 in-

221 1048 446 1086 clinantur.
474 1048 717 1098 Quotannis
749 1060 972 1097 speramus
1002 1059 1088 1085 non
1119 1046 1245 1097 pauci
1268 1050 1393 1084 erunt
1423 1047 1510 1096 qui,
1543 1045 1696 1084 artium
1717 1047 1833 1085 abso·
1870 1092 1872 1097 ι

220 1120 310 1157 luto
335 1119 494 1166 studio,
520 1119 573 1157 ad
604 1131 769 1157 sacram
802 1118 1069 1169 theologiam
1092 1118 1280 1155 animum
1311 1117 1532 1166 adijciant,
1558 1122 1602 1154 et
1637 1130 1683 1155 se
1712 1116 1764 1155 ad
1782 1118 1833 1156 la·
1870 1125 1872 1166 J

220 1188 460 1228 horandum
492 1189 533 1226 in
570 1189 742 1227 Domini
773 1189 901 1227 vinea
931 1189 1175 1239 accingant.
1201 1188 1315 1225 Ante
1347 1201 1505 1226 annum
1527 1187 1599 1238 qui
1619 1187 1730 1239 apud
1760 1201 1834 1227 nos

220 1260 415 1311 magistri
446 1261 601 1298 artium
632 1260 735 1298 facti
766 1266 879 1307 sunt,
912 1261 953 1297 in
988 1259 1246 1310 theologico
1278 1259 1422 1297 studio
1458 1272 1573 1297 nunc
1602 1264 1834 1298 versantur.

221 1331 570 1369 Concionatores
602 1331 779 1369 tandem
803 1344 880 1369 eos
910 1331 1088 1368 habebit
1122 1331 1325 1369 ecclesia.
1357 1331 1456 1368 Hoc
1478 1343 1590 1368 anno
1613 1331 1834 1381 magistros

219 1401 550 1452 quatuordecim
575 1403 834 1449 creabimus,
857 1403 969 1439 inter
992 1415 1101 1452 quos
1120 1402 1253 1441 credo
1277 1414 1438 1440 nouem
1460 1405 1560 1439 sunt
1581 1401 1653 1452 qui
1672 1402 1833 1440 theolo-

216 1471 332 1521 giam
356 1478 398 1511 et
422 1474 553 1511 vitam
577 1474 922 1512 ecclesiasticam
945 1472 1025 1511 sibi
1048 1474 1293 1524 elegerunt.
1317 1473 1446 1511 Probi
1469 1478 1568 1511 sunt
1591 1477 1634 1511 et
1654 1472 1834 1511 honeste

219 1544 385 1583 viuunt.
411 1546 515 1582 Post
536 1558 673 1583 annos
700 1558 828 1596 spero
853 1547 1032 1595 aliquot,
1067 1544 1405 1583 concionatores
1436 1545 1635 1596 superior
1664 1545 1834 1583 Germa·
1870 1588 1871 1592 Ἰ

219 1617 289 1654 nia
310 1617 379 1655 hic
400 1617 605 1666 reperiet.

272 1697 309 1734 3.
371 1689 609 1726 Coeterum
646 1688 699 1725 de
734 1688 801 1737 ijs,
845 1700 956 1738 quae
998 1694 1121 1726 extra
1161 1688 1395 1739 collegium
1436 1688 1671 1727 Societatis
1711 1699 1835 1738 opera

220 1759 340 1806 fiunt,
367 1760 496 1797 etiarn
517 1759 676 1810 aliquid
698 1759 975 1797 scribendum
999 1759 1100 1798 erit.
1139 1760 1437 1799 Concionator
1469 1761 1523 1798 M.
1557 1759 1769 1798 Henricus
1795 1759 1835 1797 in

220 1845 386 1870 summo
417 1832 580 1883 templo
613 1833 925 1870 catechismum
955 1833 1117 1883 populo
1159 1833 1354 1884 exponit,
1397 1833 1699 1871 confessiones
1729 1830 1834 1882 apud

220 1904 401 1940 Beatam
423 1904 621 1944 Vrsulam
642 1903 779 1941 semel
801 1904 841 1941 in
864 1904 1105 1954 septimana
1124 1903 1260 1951 audin
1284 1917 1381 1942 cum
1403 1904 1456 1953 ijs
1483 1903 1554 1954 qui
1581 1903 1834 1942 auctoritate

217 1975 359 2023 aliqua
379 1973 491 2024 apud
512 1979 686 2013 nostros
708 1980 780 2012 aut
803 1975 970 2013 vicinos
994 1975 1155 2021 valent,
1180 1980 1381 2026 ternpore
1399 1975 1549 2013 debito
1574 1986 1772 2013 sermone
1793 1978 1836 2012 et
1867 1963 1870 1974 ἲ

217 2046 354 2084 literis
388 2046 544 2097 agitur.
583 2048 705 2084 Bona
739 2059 838 2097 spes
870 2052 936 2084 est
966 2046 1083 2097 quod
1118 2046 1283 2098 aliquot
1312 2046 1607 2085 fundabuntur
1639 2045 1830 2096 collegia.
1867 2059 1870 2067 ·

219 2117 564 2155 Hardericenses
587 2119 596 2138 ¹
619 2119 932 2156 monasterium
964 2117 1103 2156 daturi
1135 2118 1354 2165 videntur,
1388 2124 1432 2156 et
1463 2119 1627 2169 aliquot
1660 2116 1832 2164 reditus3

218 2187 412 2239 sigillifer
442 2188 455 2206 ²

485 2189 620 2227 nostri
654 2190 846 2240 episcopi
876 2190 963 2227 hoc
989 2190 1093 2241 agit,
1119 2195 1165 2227 ut
1185 2190 1556 2229 franciscanorum
1579 2189 1832 2228 coenobium

216 2260 257 2299 in
292 2259 554 2297 Andernach
589 2259 802 2298 Societati
838 2261 1148 2299 committatur.
1186 2262 1381 2300 Locutus
1410 2274 1585 2313 quoque
1614 2260 1832 2300 nobiscum

219 2334 287 2368 est
308 2330 362 2368 cle
386 2330 564 2368 ciuitate
586 2332 826 2369 nouesiana
846 2338 873 2371 ³.
897 2332 1111 2372 Leodium
1134 2338 1281 2371 autem
1302 2332 1431 2371 audio
1454 2333 1577 2371 breui
1600 2334 1646 2371 P.
1668 2331 1831 2383 prouin-

219 2401 338 2439 cialis
368 2401 611 2449 vocabitur,
644 2407 691 2439 vt
718 2403 862 2442 locum
885 2405 1075 2456 collegio
1099 2408 1245 2454 aptum
1268 2404 1349 2442 sibi
1372 2405 1519 2455 eligat,
1543 2409 1591 2442 vt
1613 2416 1665 2442 ex
1688 2402 1831 2441 docto·

220 2473 275 2511 ris
298 2473 457 2523 Canisij
490 2473 624 2512 literis
655 2480 699 2513 et
733 2476 1080 2527 moguntinensis
1108 2475 1426 2526 archiepiscopi
1456 2475 1694 2514 secretario
1724 2476 1736 2496 ⁴
1766 2484 1830 2512 co·

218 2544 468 2595 gnouimus.
502 2545 754 2596 Moguntiae
787 2548 916 2585 etiam
949 2547 1142 2598 erigetur
1174 2547 1425 2599 collegium.
1458 2545 1707 2585 Secretario
1737 2543 1831 2582 huic

265 2743 273 2762 ¹
325 2741 583 2788 Harderwiik
601 2741 639 2778 in
660 2740 844 2779 Geldria.
865 2741 951 2778 Nec
971 2742 1010 2778 in
1029 2742 1104 2778 hae
1122 2742 1236 2785 urbe,
1258 2754 1332 2778 nec
1352 2742 1392 2777 in
1411 2739 1661 2777 Andernach
1680 2737 1830 2775 videtur

216 2801 426 2838 consilium
444 2800 606 2847 collegii
626 2800 840 2838 Societatis
859 2801 1043 2847 erigendi
1062 2801 1111 2837 ad
1131 2800 1323 2838 effectum
1342 2800 1593 2847 perductum.

263 2861 276 2880 ²
327 2859 399 2897 Dr.
420 2859 652 2907 Ludgerius
671 2860 921 2897 Heresbach.
943 2860 1132 2905 HANSEN,
1154 2860 1181 2898 l.
1202 2873 1235 2897 c.

262 2921 274 2941 ³
324 2919 469 2957 Neuss.
503 2919 567 2956 De
594 2920 758 2966 collegii
789 2919 1004 2957 Soeietatis
1035 2919 1238 2956 erectione
1270 2920 1310 2956 in
1341 2919 1415 2956 hae
1446 2919 1547 2956 urbe
1578 2918 1668 2955 vide
1695 2916 1827 2958 DUHR,

218 2980 464 3017 Geschz'chte
481 2979 828 3025 derJesuz·ten...‚
849 2979 898 3024 II,
923 2979 989 3016 105
1006 2992 1092 3026 sqq.

262 3040 276 3059 4
326 3038 465 3076 Simon
484 3037 641 3084 Bagen.
662 3038 849 3083 HANSEN,
874 3040 899 3076 1.
921 3051 954 3075 c.

1859 2303 1868 2970 Ἢὴω-,ᾳρφ
1864 2212 1869 2287 “,.,
1865 2135 1869 2194 ..-ἓξ
1867 2109 1870 2119 -
