1908 3446
557 163 945 203 ios—anmaoixm
972 166 1013 204 31
1044 167 1234 204 Auoosn
1264 167 1353 204 1560
1652 168 1719 204 767

144 270 304 303 rantur.
343 263 486 313 Atque
523 264 581 302 ita
610 265 772 304 factum
810 275 889 316 est,
921 276 967 307 ut
1001 275 1100 308 ante
1133 271 1335 319 hyemem
1368 282 1524 320 magna
1554 272 1765 321 quaedam

143 337 319 376 scholae
346 352 459 389 pars,
485 339 660 378 Christo
684 341 781 378 Iesu
814 341 926 379 bene
957 342 1161 392 propitio,
1186 341 1428 392 sumptibus
1451 341 1648 379 eiusdem
1672 354 1767 380 cae-

142 409 247 446 saris
265 410 535 449 absoluenda
556 412 622 449 sit.

198 491 256 518 11.
317 482 443 520 Nunc
465 483 595 520 uenio
618 482 671 520 ad
694 482 938 521 domestica
955 484 1157 534 negocia,
1183 485 1234 522 de
1255 483 1416 533 quibus
1438 484 1583 521 multa
1605 485 1765 523 scribe-

140 563 187 590 re
208 552 292 591 hoc
313 554 523 603 tempore,
549 555 667 603 quod
698 556 748 593 de
778 554 849 594 his
877 554 1070 606 alljsqzte
1091 554 1400 606 compluribus
1423 554 1552 593 brem?
1574 554 1765 594 scriben-

139 624 245 661 dum
264 624 404 673 plura
440 623 663 671 existimo,
686 628 1077 676 superuacmzenm
1107 626 1330 666 arbitror.
1364 627 1522 665 Sumus
1553 628 1764 665 tamenin

136 694 222 732 hoc
244 693 472 733 viennensi
493 695 700 747 collegio,
734 703 779 735 ut
811 710 864 735 ex
896 698 1037 736 indice
1071 696 1304 745 uidebitur,
1329 697 1641 748 quinquaginta
1670 698 1764 735 fere

136 765 190 803 de
212 765 456 813 Societate,
480 767 664 806 totidem
688 781 794 807 uero
819 770 1005 815 externi,
1030 782 1179 807 mensa
1202 774 1245 807 et
1266 768 1537 807 habitatione
1559 782 1582 806 a
1603 770 1764 807 nostris

135 835 339 882 distincti,
356 851 539 888 quorum
552 839 728 890 quidem
745 853 900 891 magna
914 853 1012 891 pars
1028 841 1245 891 impensas
1262 841 1409 888 soluit,
1429 841 1623 879 coeteris
1637 842 1670 887 a,
1691 845 1763 878 aut

135 919 199 954 22,
224 909 456 948 commode
492 911 596 948 satis
620 923 673 949 ex
697 913 991 961 eleemosynis
1014 912 1159 950 diuina
1180 913 1414 951 clementia
1429 911 1705 962 prouidetur
1726 912 1760 950 b.

134 979 180 1017 In
201 979 355 1018 horum
385 993 614 1020 numerum
636 987 766 1033 atque
790 983 1025 1033 collegium
1048 984 1183 1033 (quod
1204 997 1366 1022 nouum
1389 984 1618 1033 uocamus)
1640 984 1762 1021 nobi-

132 1050 264 1090 liores
285 1052 473 1102 quidam,
494 1066 544 1091 ac
560 1054 629 1103 alij
648 1058 880 1104 praeterea
896 1067 984 1092 non
1000 1056 1141 1105 pauci,
1162 1068 1294 1107 saepe
1312 1056 1447 1106 recipi
1468 1057 1758 1106 postularunt,

131 1122 210 1160 sed
239 1124 325 1162 loci
347 1125 546 1176 angustia
576 1125 617 1163 id
648 1139 779 1176 posse
803 1126 884 1164 illis
914 1138 939 1164 a
965 1126 1093 1164 nobis
1115 1127 1316 1174 concedi,
1340 1126 1459 1177 quod
1481 1140 1759 1178 summopere

130 1193 321 1245 alioquin
344 1200 559 1246 optamus,
582 1209 670 1233 non
690 1197 852 1246 patitur
874 1209 993 1235 sane.
1019 1198 1203 1248 Recepti
1235 1203 1334 1235 sunt
1356 1203 1502 1235 tamen
1523 1198 1637 1237 inter
1659 1211 1759 1237 con·

130 1265 324 1304 uictores
347 1279 400 1304 ex
433 1268 683 1307 cantoribus
714 1268 763 1307 C.
798 1270 853 1307 M.
887 1267 1198 1307 adolescentes
1220 1269 1426 1320 quinque,
1454 1270 1643 1320 optimae
1666 1271 1758 1321 spei

129 1337 261 1386 atque
281 1339 620 1388 expectationis,
645 1345 852 1391 quantum
885 1352 939 1377 ex
970 1339 1122 1378 habitu
1143 1341 1340 1391 corporis
1373 1346 1416 1378 et
1437 1340 1608 1379 interna
1628 1342 1758 1381 animi

127 1409 414 1460 dispositione
451 1412 662 1463 colligere
692 1412 812 1451 licet.
843 1412 987 1464 Atque
1017 1418 1064 1450 ut
1094 1418 1239 1451 tantus
1268 1418 1520 1451 nostrorum
1550 1426 1757 1452 numerus

125 1479 292 1520 animos
323 1483 540 1521 continuis
571 1483 727 1533 studijs
757 1484 1026 1536 defatigatos
1048 1485 1282 1523 commode
1310 1484 1529 1523 interdum
1552 1497 1756 1523 recreare

123 1554 276 1603 possit,
301 1554 455 1594 ciuitas
478 1561 599 1594 certa
618 1556 803 1607 quadam
824 1563 948 1607 parte
971 1558 1125 1608 campi,
1149 1570 1237 1595 non
1257 1557 1390 1608 longe
1412 1570 1436 1595 a
1455 1563 1583 1607 porta
1605 1557 1754 1596 ciuita-

124 1625 178 1662 tis
208 1626 308 1664 loco
340 1625 444 1665 satis
475 1627 726 1675 commodo,
752 1628 987 1680 collegium
1007 1634 1206 1667 nostrum
1228 1627 1424 1676 donauit,
1448 1641 1575 1680 quam
1607 1635 1755 1668 rector

122 1702 273 1735 noster
303 1703 425 1736 curat
455 1697 538 1737 iam
574 1700 794 1738 asseribus
829 1699 965 1751 (quod
998 1699 1041 1737 id
1070 1700 1286 1751 lapidibus
1316 1705 1498 1751 propter
1533 1705 1752 1739 turcarum

120 1769 290 1818 tyranni
306 1769 511 1821 principis
529 1771 798 1810 uicinitatem
819 1784 897 1823 per
919 1772 1108 1810 ciuitatis
1125 1773 1271 1823 legem
1292 1785 1380 1810 non
1402 1773 1551 1822 liceat)
1572 1773 1750 1821 includi,

121 1840 385 1892 domumque
415 1843 457 1880 in
489 1855 541 1881 ea
572 1844 730 1891 extrui,
755 1850 801 1882 ut
830 1857 908 1894 per
929 1844 1148 1895 integrum
1172 1844 1286 1883 diem
1308 1846 1572 1896 quandoque
1594 1845 1752 1884 fratres

121 1924 174 1950 eo
198 1924 245 1950 se
267 1913 467 1963 recipere
489 1927 554 1961 ac,
579 1915 613 1952 si
634 1915 877 1953 necessitas
892 1915 1019 1963 ferat,
1039 1916 1233 1966 pluribus
1256 1917 1385 1955 etiam
1411 1916 1567 1955 diebus
1588 1917 1751 1956 ibidem

120 1985 382 2023 commorari
403 1987 585 2036 possint.
955 1979 958 1982 ”

177 2066 236 2095 12.
291 2058 383 2108 Jam
407 2070 529 2105 uero,
553 2071 607 2096 ne
631 2058 807 2096 modum
830 2060 1043 2110 epistolae
1076 2059 1297 2100 excedere
1328 2060 1495 2107 uidear,
1520 2061 1690 2108 lubens,
1715 2061 1749 2099 si

115 2127 220 2165 illud
241 2141 372 2166 unum
393 2127 621 2176 addidero,
645 2131 763 2180 quod
785 2143 887 2169 sane
904 2132 1022 2182 prius
1040 2131 1203 2170 dictum
1223 2132 1432 2181 oportuit,
1454 2131 1747 2182 colophonem

116 2200 347 2250 imponam.
373 2202 496 2239 Rmus
519 2202 759 2240 Stanislaus
791 2203 969 2251 Hosius,
993 2204 1065 2255 qui
1087 2204 1156 2242 hic
1187 2203 1301 2254 apud
1332 2215 1555 2241 caesarem
1576 2203 1746 2253 pontifi-

116 2271 177 2309 cis
212 2272 384 2310 maximi
418 2274 623 2311 nuncium
653 2274 757 2324 agit,
787 2287 955 2312 summo
979 2275 1123 2313 studio
1146 2288 1195 2313 ac
1226 2288 1376 2313 amore
1397 2275 1508 2312 hanc
1529 2273 1745 2312 minimam

114 2342 384 2382 Societatem
405 2350 598 2383 nostram
628 2347 921 2398 prosequitur,
946 2347 1063 2397 quod
1085 2348 1297 2385 hactenus
1319 2358 1449 2397 saepe
1474 2347 1619 2384 multis
1642 2359 1746 2398 erga

112 2427 193 2452 nos
214 2415 554 2455 beneuolentiae
577 2417 711 2468 signis
731 2417 894 2456 affatim
913 2417 1168 2457 declarauit.
1194 2419 1234 2456 Is
1257 2431 1355 2457 cum
1378 2430 1433 2456 ex
1456 2419 1573 2457 Urbe
1596 2431 1743 2457 reuer-

113 2500 184 2524 sus
218 2493 351 2535 esset,
374 2490 502 2542 paulo
525 2494 624 2540 post
655 2490 890 2541 collegium
912 2496 1111 2529 nostrum
1132 2491 1295 2537 inuisit,
1321 2491 1393 2528 ubi
1415 2490 1676 2529 carminibus
1699 2497 1742 2529 et

111 2560 281 2609 graecis
305 2565 349 2598 et
370 2561 511 2600 latinis
533 2574 558 2599 a
577 2562 752 2609 nostris,
776 2575 887 2613 quos
909 2574 1040 2613 saepe
1062 2562 1115 2600 ad
1138 2575 1185 2601 se
1205 2569 1349 2610 uocat,
1374 2568 1447 2601 aut
1470 2564 1583 2601 ultro
1608 2563 1738 2612 officij

105 2623 241 2670 'causa
269 2632 537 2671 accedentes
564 2633 871 2672 humanissime
902 2634 1079 2684 excipit,
1116 2633 1360 2672 honorifice
1401 2639 1615 2685 exceptus
1655 2639 1736 2672 est.

111 2701 229 2740 Idem
260 2702 301 2740 in
333 2704 568 2755 collegium
598 2709 793 2743 nostrum
826 2705 935 2742 R.¹1¹0
981 2706 1312 2757 archiepiscopo
1342 2706 1594 2757 gnesnensi,
1628 2705 1739 2743 eius·

109 2772 297 2825 demque
332 2776 454 2826 regni
477 2777 685 2815 Poloniae
727 2782 901 2836 oratore
938 2777 986 2815 R.
1024 2778 1076 2815 D.
1116 2778 1345 2824 Cromero,
1384 2779 1492 2815 ΚΛΜ
1527 2777 1735 2828 episcopo

152 2978 172 2998 a
217 2979 482 3026 Consumpta
499 2980 665 3025 charta.
683 2991 825 3018 unum
841 2982 1022 3019 verbum
1037 2982 1122 3029 legi
1134 2985 1294 3030 nequit.
1350 2985 1414 3009 -b
1435 2988 1729 3023 sustentantur.
