1908 3446
272 193 342 232 830
734 198 952 235 LITTERAE
983 198 1335 244 QUADmMEsTREs

223 298 257 334 si
277 311 354 348 per
375 299 416 337 16
439 300 644 338 continue
682 301 962 339 exortatione
994 300 1095 338 delli
1131 302 1324 349 maestri,
1362 304 1397 340 si
1431 313 1509 353 per
1544 301 1775 342 intendere
1810 303 1850 342 le

222 368 431 418 prediche
468 377 511 409 et
542 372 739 410 doctrina
761 372 1007 419 christiana,
1032 372 1113 409 che
1136 372 1247 410 tiran
1270 371 1297 409 li
1316 372 1437 423 padri
1460 374 1553 412 loro
1578 375 1661 412 alla
1682 375 1846 423 chiesa,

222 438 367 478 donde
392 442 759 481 ordinariamente
782 444 821 481 le
843 441 1106 481 domeniche
1129 450 1172 481 et
1193 444 1308 482 feste
1331 456 1378 482 se
1409 444 1588 495 predica
1623 457 1705 483 600
1740 447 1850 484 assai

223 523 454 560 concorso‚
478 516 512 551 si
534 514 588 552 de
610 514 802 561 homeni,
828 527 954 552 corne
977 515 1137 562 donne,
1171 514 1273 553 delli
1304 515 1419 565 quali
1449 529 1537 554 non
1571 517 1733 567 puochi
1766 517 1848 556 fre-

222 589 441 632 quentano
474 584 501 622 li
536 585 796 624 sanctissimi
832 587 1092 625 sacramenti
1123 587 1236 624 della
1259 586 1540 625 confessione
1564 593 1609 625 et
1629 589 1850 627 comunio-

221 666 291 692 ne.
315 655 370 693 Et
390 656 453 694 fra
474 658 636 708 gl'altri
657 658 873 708 penitenti
891 671 1001 696 cene
1023 671 1162 696 sonno
1186 657 1287 696 stati
1303 659 1444 696 alcuni
1463 659 1545 697 che
1563 658 1715 708 (credo
1733 659 1850 698 dello

221 726 382 776 Spiritu
406 728 567 766 Sancto
590 729 802 780 inspirati)
824 730 966 768 hanno
998 729 1275 768 manifestato
1306 743 1330 768 a
1363 730 1503 768 nostri
1535 731 1707 781 peccati
1737 732 1850 782 quali

220 801 336 836 tutto
372 799 399 836 il
433 803 582 850 tempo
615 800 729 838 della
760 802 849 839 vita
883 814 961 839 sua
990 800 1074 839 mai
1101 801 1280 839 volsero
1304 801 1555 840 confessare
1579 801 1633 839 ad
1654 802 1781 850 altro,
1807 806 1850 840 et

221 882 304 907 van
326 869 512 908 dicendo
536 870 619 909 mai
639 876 755 909 tutto
778 872 805 910 il
828 878 977 923 tempo
1009 872 1123 911 della
1156 872 1247 910 vita
1276 885 1353 910 sua
1383 873 1558 911 hauersi
1594 873 1847 921 confessati,

219 952 266 977 se
302 953 389 978 non
423 941 598 980 adesso.
634 943 684 980 Et
707 942 761 980 de
783 956 867 994 qua
887 943 1076 981 auuiene
1098 943 1178 981 che
1200 943 1333 994 quelli
1355 943 1436 981 che
1458 944 1602 982 hanno
1624 956 1709 982 vna
1730 945 1852 982 volta

220 1012 509 1062 cognosciuto
527 1019 688 1064 quanto
712 1014 887 1065 importi
907 1019 1080 1064 questo,
1101 1027 1149 1053 se
1166 1014 1410 1053 sforcziano
1429 1014 1483 1053 de
1502 1013 1634 1052 tirare
1655 1017 1848 1065 ogn’uno

219 1094 243 1119 a
264 1082 326 1120 far
347 1083 375 1121 il
396 1083 656 1131 medesimo3
680 1097 703 1122 e
726 1085 790 1123 fra
809 1086 983 1136 gl'altre
1006 1086 1048 1123 vi
1070 1086 1114 1123 fu
1146 1098 1230 1123 vna
1256 1098 1446 1136 persona
1481 1086 1548 1123 ch’
1581 1098 1668 1124 non
1696 1091 1850 1136 poten-

218 1151 274 1192 do
297 1154 350 1192 ad
368 1168 453 1193 vno
477 1168 555 1194 suo
577 1162 760 1207 parente
783 1157 885 1196 tirar
907 1158 945 1195 al
968 1156 1174 1208 collegio,
1195 1157 1236 1196 10
1254 1158 1443 1208 ingagno
1463 1156 1517 1195 de
1535 1163 1694 1207 questo
1713 1157 1845 1196 modo

218 1225 452 1275 dicendoIi,
491 1228 691 1267 andiamo
727 1243 750 1267 a
784 1241 950 1280 spasso,
989 1235 1033 1267 et
1067 1230 1138 1280 poi
1173 1241 1251 1280 per
1284 1235 1405 1267 certe
1438 1229 1509 1267 vie
1546 1230 1771 1280 incognite
1806 1231 1848 1268 10

218 1300 346 1335 meno
382 1298 420 1335 al
456 1299 664 1350 collegio;
697 1300 752 1338 de
783 1300 915 1338 modo
948 1301 1030 1338 che
1062 1301 1192 1338 collui
1214 1312 1262 1338 se
1284 1299 1450 1338 ritrou'o
1474 1299 1631 1338 dentro
1655 1303 1748 1339 cosi
1769 1301 1850 1339 alla

218 1368 449 1418 sprouista,
474 1368 587 1408 della
608 1371 707 1422 qual
730 1384 833 1410 cosa
853 1384 909 1409 ne
930 1374 1049 1409 resto
1074 1371 1258 1409 confuso
1283 1375 1327 1408 et
1349 1383 1396 1409 se
1420 1370 1664 1410 determino
1696 1384 1774 1423 per
1809 1373 1849 1410 16

216 1440 362 1478 buone
383 1440 654 1490 persuasioni
673 1443 755 1480 che
777 1442 817 1480 le
838 1442 937 1480 fece
954 1456 1011 1481 vn
1034 1442 1174 1480 Padre
1193 1442 1296 1481 delli
1311 1443 1452 1481 nostri
1473 1443 1532 1480 iui
1548 1443 1619 1480 nel
1638 1443 1846 1494 collegio,

216 1510 271 1549 de
288 1517 427 1549 mutar
444 1513 547 1551 vita.
573 1514 785 1564 Sogliono
807 1515 999 1552 anchora
1020 1514 1046 1552 11
1067 1515 1205 1552 nostri
1226 1513 1389 1552 andare
1406 1527 1430 1552 a
1451 1513 1621 1565 piscare
1639 1514 1849 1553 huomeni

219 1587 262 1620 et
283 1582 412 1620 fanno
434 1596 522 1621 non
543 1597 687 1634 puoca
708 1591 901 1636 captura.
928 1586 1039 1623 Laus
1061 1586 1174 1625 Deo.

271 1664 308 1703 7.
370 1655 469 1693 Non
491 1659 639 1694 tacero
664 1656 702 1694 la
723 1656 887 1707 grande
910 1656 1149 1695 affectione
1180 1657 1262 1695 che
1285 1655 1495 1695 dimostra
1515 1657 1543 1695 il
1564 1656 1653 1695 S.0r
1674 1655 1817 1694 ducha
1839 1658 1847 1677 ¹

216 1727 298 1765 alla
313 1728 582 1778 Compagnia
601 1733 644 1766 et
665 1729 1051 1779 particularmente
1073 1729 1101 1767 il
1123 1729 1331 1767 continuo
1355 1729 1509 1767 fauore
1532 1734 1577 1766 et
1598 1726 1747 1766 adiuto
1766 1728 1848 1766 che

216 1797 271 1836 da
291 1811 315 1836 a
335 1799 478 1850 questi
500 1799 573 1837 doi
595 1800 788 1851 coHegij,
812 1801 1066 1852 imperoche
1089 1801 1156 1839 cio
1181 1800 1263 1839 che
1285 1801 1313 1838 li
1345 1801 1662 1852 significhiamo
1695 1798 1850 1838 esserli

216 1871 483 1919 necessario,
508 1874 549 1910 10
572 1873 614 1910 fa
636 1885 719 1911 con
742 1874 844 1925 ogni
863 1879 1103 1925 prontecza
1127 1879 1171 1911 et
1193 1872 1504 1920 sollicitudine,
1529 1877 1574 1911 et
1597 1872 1785 1910 maxime
1807 1872 1848 1910 in

217 1943 361 1992 questi
383 1943 524 1993 giorni
546 1944 674 1981 ch’ha
696 1945 915 1983 cresciuto
937 1945 1010 1995 piu
1032 1944 1086 1983 de
1108 1945 1255 1996 quello
1280 1944 1361 1982 che
1384 1943 1496 1982 daua
1518 1944 1556 1981 al
1579 1944 1770 1994 collegio
1793 1943 1846 1981 de

216 2013 527 2061 Catabellotta‚
559 2020 602 2052 et
630 2016 769 2054 ancho
801 2016 856 2054 ha
883 2016 995 2054 fatto
1027 2016 1117 2054 fare
1146 2016 1173 2053 il
1202 2014 1444 2053 medesimo
1467 2015 1551 2052 ala
1571 2020 1690 2053 terra
1714 2015 1775 2064 [?].
1801 2015 1846 2052 Io

216 2085 352 2123 molto
388 2085 429 2123 10
460 2086 751 2125 raccomando
774 2087 857 2125 alle
881 2087 1068 2125 orationi
1090 2085 1132 2123 di
1153 2086 1229 2124 V.“¹‘
1251 2085 1322 2124 Ra
1341 2085 1505 2136 perche
1529 2087 1551 2123 e
1574 2085 1753 2136 signore
1774 2085 1848 2123 be-

215 2156 448 2203 nemerito,
471 2156 513 2194 in
535 2162 655 2195 tanto
679 2158 761 2196 che
781 2171 869 2196 non
891 2159 985 2196 solo
1010 2157 1132 2196 voria
1153 2170 1418 2196 conseruare
1436 2157 1536 2207 quel
1559 2157 1641 2195 che
1664 2156 1703 2195 la
1720 2158 1847 2196 Com-

216 2227 376 2278 pagnia
398 2229 437 2274 6,
461 2240 530 2265 ma
551 2229 674 2266 voria
694 2229 887 2267 anchora
908 2229 989 2268 che
1012 2242 1058 2268 se
1089 2234 1416 2280 augmentasse.
1452 2228 1484 2266 Il
1514 2229 1595 2266 che
1627 2228 1682 2266 ha
1711 2226 1847 2266 dimo-

219 2303 357 2337 strato
388 2299 531 2350 questi
565 2299 705 2350 giorni
740 2301 902 2350 passati
937 2313 1019 2339 con
1054 2300 1082 2338 11
1113 2299 1278 2338 citatini
1314 2300 1368 2338 de
1405 2300 1583 2346 Policzi,
1606 2298 1846 2337 facendose

217 2370 436 2408 chiamare
456 2383 480 2408 a
501 2383 547 2408 se
570 2376 690 2409 tanto
713 2371 740 2409 li
764 2371 944 2419 offitiali‚
969 2376 1131 2422 quanto
1154 2370 1181 2408 li
1203 2371 1523 2422 gentilhomeni
1550 2370 1722 2421 priuati,
1751 2382 1846 2421 per-

217 2440 475 2480 suadendoli
491 2447 652 2491 quanto
670 2443 784 2480 bene
808 2443 835 2480 li
857 2443 968 2481 saria
987 2455 1035 2480 se
1052 2442 1276 2480 facessero
1295 2455 1351 2480 vn
1370 2441 1559 2492 collegio
1581 2454 1606 2479 a
1626 2441 1790 2479 Policzi
1809 2441 1842 2478 a.

215 2513 269 2550 Et
296 2513 461 2563 perche
496 2525 635 2551 sonno
666 2517 788 2551 tante
809 2514 850 2551 le
873 2526 981 2553 cose
1004 2514 1086 2552 che
1107 2518 1258 2552 vostra
1280 2513 1376 2552 12:1³
1398 2511 1485 2551 ΡΑὲ
1505 2512 1643 2551 d’altri
1667 2512 1843 2561 collegij

214 2584 395 2623 intende
420 2585 456 2632 b,
488 2589 644 2635 queste
678 2590 829 2624 nostre
865 2586 905 2624 le
940 2598 1183 2637 pareranno
1214 2585 1361 2632 nulla,
1393 2587 1476 2635 per
1505 2597 1597 2623 non
1632 2584 1845 2623 causarle

261 2800 280 2820 a
332 2800 424 2846 Seq.
444 2799 596 2845 aliqua
615 2798 746 2835 verba
762 2803 945 2844 prorsus
963 2799 1210 2836 obliterata.
1264 2799 1329 2823 —b
1350 2798 1437 2834 che.

263 3019 273 3038 ¹
326 3017 472 3054 Petrus
491 3017 541 3053 de
562 3016 693 3054 Luna.
