1908 3446
196 207 267 244 666
648 207 868 244 LITTERAE
894 207 986 252 QUA
994 217 1252 245 DRlMEsTREs

146 322 216 348 res
237 310 337 348 hinc
355 311 624 361 excipiantur
646 310 826 357 fructus,
851 316 1109 361 argumento
1133 315 1231 348 sunt
1249 311 1428 349 crebrae
1448 310 1765 357 confessiones,

147 395 252 432 quas
273 382 435 420 ibidem
457 383 528 420 ille
551 380 701 419 audire
723 382 865 420 statim
898 387 999 432 post
1030 382 1288 420 concionem
1320 382 1609 433 compellitur.
1645 383 1767 431 Quae

144 454 185 491 ni
217 454 390 492 maioris
424 458 573 492 essent
604 454 830 501 momenti,
863 466 988 504 quam
1012 453 1131 491 credi
1153 453 1281 492 facile
1302 460 1469 504 posset,
1493 454 1768 505 negligeren-

146 530 228 568 tur,
255 537 307 563 eo
332 525 487 563 saltem
510 530 726 574 tempore,
751 524 804 561 ab
834 525 921 562 illo.
956 525 1100 562 Homo
1134 525 1247 562 enim
1279 526 1428 563 labore
1461 525 1689 563 confectus
1719 537 1770 563 ac

145 609 257 647 pene
300 596 520 634 extinctus
560 596 612 633 ab
652 596 737 634 hoc
772 608 907 646 opere
950 609 995 634 se
1034 596 1197 646 optimo
1233 597 1325 635 iure
1368 598 1561 634 eximere
1601 602 1768 647 posset:

144 681 295 705 uerum
318 679 415 704 cum
438 667 720 717 plurimorum
743 666 908 704 animos
930 666 1260 705 ardentissimos
1276 673 1293 693 ³
1317 690 1360 695 —-
1385 691 1435 694 ῤ-
1452 690 1501 694 -
1523 667 1653 705 dubio
1672 680 1768 718 pro-

145 740 213 776 cul
244 751 330 775 non
352 738 479 775 facile
513 737 582 786 alij
617 737 949 784 confiterentur,
974 737 1120 775 facere
1142 751 1229 776 non
1259 743 1407 788 potest
1438 739 1553 789 quin,
1579 739 1651 776 uix
1672 744 1767 776 toto

146 822 329 859 corpore
354 808 513 847 sudore
537 814 672 854 terso,
698 822 844 847 rursus
866 809 967 847 huic
988 808 1119 847 etiam
1141 810 1277 848 labori
1300 823 1345 848 se
1369 810 1583 860 accingat.
1616 810 1769 848 Pome-

144 880 322 918 deriano
347 879 477 918 etiam
500 885 700 930 tempore
722 880 807 918 hoc
829 894 923 918 sum
952 903 989 907 —-
1015 904 1065 907 —
1086 904 1137 907 —
1159 894 1207 918 us
1242 881 1478 920 lectionem
1513 881 1532 906 ἲ)
1565 882 1698 919 habet
1727 882 1769 919 in

147 953 298 990 eadem
335 953 513 990 basilica
547 951 601 990 de
638 957 918 990 sacrosancto
956 958 1228 990 sacramento
1262 953 1458 1003 corporis
1479 953 1592 1003 Xpi.‚
1615 966 1699 1002 qua
1720 976 1767 979 —

144 1035 271 1073 quam
294 1023 417 1060 multi
437 1023 478 1060 in
502 1023 595 1061 dies
617 1022 807 1060 illustres
829 1023 924 1071 uiri,
948 1024 1164 1073 ingenuae
1187 1029 1427 1070 matronae,
1460 1023 1603 1074 plebei
1634 1024 1769 1062 homi-

143 1107 221 1132 nes
243 1107 293 1132 ac
315 1095 507 1132 cuiusuis
530 1094 692 1132 ordinis
717 1094 851 1141 ciues,
876 1094 929 1132 ad
955 1101 972 1119 0
992 1095 1118 1132 huius
1136 1095 1393 1133 sanctissimi
1411 1095 1671 1133 sacramenti
1687 1095 1769 1134 fre-

146 1171 353 1216 quentem
373 1178 496 1203 usum
515 1165 804 1204 adducuntur.
830 1165 976 1203 Testis
995 1171 1060 1203 est
1080 1166 1172 1204 eius
1192 1166 1408 1204 ecclesiae
1426 1167 1680 1217 parrochus,
1700 1167 1772 1217 qui

145 1236 322 1275 miratur
345 1237 555 1275 maiorem
577 1236 618 1274 in
640 1236 817 1275 modum
847 1237 974 1275 huius
996 1237 1140 1288 gentis
1161 1237 1399 1284 feruorem,
1436 1238 1644 1288 iuuatque
1674 1251 1772 1276 nos.-

144 1315 257 1346 trum
281 1310 455 1346 Patrem
477 1309 518 1346 in
541 1307 768 1347 audiendis
801 1309 1154 1347 confessionibus
1183 1309 1428 1359 plurimum.
1462 1310 1515 1347 Et
1545 1310 1656 1348 haec
1682 1310 1771 1360 qui-

144 1379 243 1419 dem
265 1381 397 1419 lectio
419 1385 725 1431 praeterquam
759 1380 876 1431 quod
898 1380 917 1405 d
943 1380 1058 1419 utilis
1081 1387 1147 1419 est
1168 1381 1268 1419 huic
1288 1383 1465 1432 populo,
1497 1381 1627 1419 etiam
1662 1382 1769 1419 mire

126 1455 302 1504 placet,
326 1458 371 1490 ut
395 1466 449 1490 ex
472 1452 721 1490 auditorum
742 1465 925 1491 numero
950 1453 1183 1503 colligitur,
1208 1453 1280 1503 qui
1302 1453 1437 1491 maior
1460 1458 1526 1490 est
1561 1466 1687 1503 quam
1724 1458 1769 1490 ut

144 1524 261 1561 illum
285 1523 475 1561 ecclesia
497 1534 656 1572 capere
683 1523 835 1572 possit.

196 1605 233 1641 3.
295 1595 431 1631 Porro
469 1594 598 1631 Pater
635 1593 931 1643 Hieronymus
971 1594 1254 1633 Galuanellus
1294 1593 1383 1644 (qui
1423 1593 1608 1632 rectoris
1648 1594 1769 1632 uices

144 1665 281 1716 gessit
305 1677 358 1702 ex
390 1677 475 1714 quo
507 1663 628 1702 Κόως
652 1665 781 1702 Pater
818 1665 868 1702 D.
895 1671 911 1689 ὃ
945 1665 1111 1715 Gaspar
1142 1665 1302 1703 Loarte
1334 1666 1511 1703 Romam
1543 1665 1768 1715 profectus

144 1741 225 1782 est,
250 1741 295 1773 ut
326 1735 507 1786 negotia
528 1718 702 1786 „aliqum
724 1747 835 1785 quae
858 1735 912 1773 ad
932 1736 1018 1774 hoc
1041 1736 1276 1786 collegium
1305 1736 1599 1786 pertinebant,
1638 1737 1769 1774 confi-

142 1807 296 1856 ceret),
329 1819 416 1844 non
447 1806 639 1844 minores
669 1806 837 1844 fructus
858 1807 1042 1857 percipit
1064 1807 1105 1845 in
1141 1807 1225 1845 S.t⁰
1248 1809 1437 1853 Donato,
1462 1806 1534 1845 ubi
1556 1813 1675 1845 tanta
1703 1813 1769 1846 est

142 1885 232 1917 tum
271 1879 508 1925 hominum,
547 1884 636 1916 tum
670 1879 943 1928 potissimum
980 1880 1222 1926 mulierum,
1267 1892 1503 1930 earumque
1543 1878 1766 1927 nobilium,

143 1949 403 2000 frequentia,
428 1954 474 1986 ut
497 1954 541 1986 et
563 1949 644 1986 sibi
667 1954 709 1986 et
744 1950 871 1988 nobis
906 1963 1105 2001 magnam
1140 1951 1277 2001 pariat
1313 1950 1659 1997 admirationem,
1695 1963 1768 1988 ne-

142 2034 226 2072 que
248 2020 290 2058 id
313 2021 404 2058 sine
427 2019 632 2071 singulari
655 2021 923 2060 audientium
943 2022 1160 2072 profectu.
1185 2023 1293 2060 Nam
1315 2023 1427 2060 inter
1456 2027 1637 2060 coetera
1657 2035 1767 2072 quae

142 2105 197 2130 ex
218 2092 344 2130 huius
369 2091 507 2129 Patris
529 2092 793 2131 lectionibus
823 2093 1134 2143 pomeridianis
1164 2094 1205 2131 in
1242 2094 1486 2132 orationem
1508 2093 1768 2132 dominicam

142 2163 491 2214 proficiscuntur,
516 2163 621 2200 illud
645 2168 812 2201 certum
844 2169 910 2201 est
944 2165 1115 2202 nobiles
1136 2164 1342 2215 quasdam
1364 2170 1583 2203 matronas
1606 2170 1650 2202 et
1672 2177 1768 2202 cum

142 2234 195 2283 ijs
217 2234 320 2272 alias
342 2246 428 2271 non
449 2247 610 2284 paucas
635 2239 794 2273 octauo
817 2248 991 2286 quoque
1015 2235 1085 2274 die
1107 2236 1427 2274 sanctissimum
1450 2240 1768 2275 sacramentum

118 2359 122 2363 ῃ
144 2316 317 2343 sumere
340 2305 560 2352 statuisse,
587 2306 821 2357 egisseque
843 2306 897 2344 de
920 2306 1105 2356 quadam
1127 2307 1344 2345 societate
1373 2307 1578 2354 ineunda,
1616 2308 1657 2346 in
1686 2322 1770 2359 qua

145 2377 201 2416 de
231 2378 451 2428 frequenti
482 2377 730 2427 sumptione
759 2378 886 2416 huius
917 2378 1177 2416 sanctissimi
1207 2378 1467 2417 sacramenti
1498 2384 1707 2418 caueatur
1727 2380 1769 2418 in

143 2450 305 2500 primis,
343 2448 502 2486 deinde
539 2448 593 2486 de
625 2449 937 2487 subveniendis
968 2450 1231 2500 pauperibus
1261 2451 1412 2488 solerti
1443 2462 1558 2497 cura,
1592 2456 1682 2488 tum
1714 2450 1769 2489 de

144 2522 399 2572 uirginibus,
432 2526 505 2558 aut
536 2521 630 2558 Deo
664 2520 873 2568 dicandis,
907 2525 979 2559 aut
1010 2522 1174 2560 maritis
1204 2521 1443 2569 tradendis,
1474 2521 1528 2560 de
1550 2521 1767 2561 audiendo

143 2598 375 2644 praeterea
396 2592 577 2644 singulis
608 2593 851 2643 quibusque
883 2593 1037 2631 diebus
1075 2594 1197 2631 lestis
1228 2593 1365 2632 uerbo
1396 2594 1494 2640 Dei,
1529 2600 1571 2631 et
1602 2594 1697 2642 alijs
1726 2593 1769 2631 id

144 2677 284 2716 genus
306 2663 635 2703 misericordiae
659 2665 880 2714 operibus.

190 2838 210 2858 a
261 2838 315 2875 In
335 2837 478 2875 medio
487 2837 559 2883 fol
578 2867 585 2881 ,
607 2841 701 2874 tam
722 2841 832 2874 recto
850 2849 986 2885 quam
1005 2849 1140 2880 verso.
1162 2841 1465 2877 atramentum
1479 2841 1677 2882 evanuit.
1707 2842 1768 2878 ita

143 2902 193 2935 ut
210 2897 360 2944 aliqua
380 2897 511 2935 verba
530 2897 611 2943 legi
628 2897 822 2944 amplius
841 2908 929 2935 non
947 2900 1127 2944 possint,
1156 2909 1269 2945 quae
1296 2898 1468 2936 lineolis
1497 2899 1770 2938 indicamus.

145 2958 212 2983 -b
249 2957 341 3004 Seq.
378 2956 460 2994 del.
498 2957 634 2994 etiam.
704 2964 768 2983 —0
804 2957 854 2994 ad
888 2961 1024 3004 supra
1058 2967 1168 2995 vers.
1237 2958 1305 2983 —d
1346 2958 1451 3004 quod
1485 2963 1623 3004 supra
1657 2969 1766 2998 vers.

145 3024 212 3044 -ο
231 3014 286 3054 D.
305 3021 442 3063 supra
461 3026 572 3054 vers.

1874 19 1884 234 „Aa—N
