1908 3446
581 244 944 282 353.—MoNAcH10
970 244 1016 281 22
1044 244 1203 282 MARru
1232 245 1322 282 1560
1654 247 1724 283 555

145 347 270 385 nobis
286 348 327 384 in
349 354 367 371 ²²-
389 346 609 385 hominum
629 348 781 386 animis
804 347 1139 386 existimationis
1157 348 1197 386 in
1221 349 1332 386 Dno.
1356 349 1471 387 facta
1488 350 1541 387 sit
1559 350 1770 388 accessiO.

144 417 246 455 Dies
269 417 341 454 uix
365 430 473 455 unus
497 423 579 464 est,
603 431 688 468 quo
721 431 807 456 non
842 418 1054 457 accedant
1089 419 1299 468 nonnullj,
1336 419 1397 457 ita
1432 425 1476 457 ut
1512 420 1771 458 breuissimo

142 488 227 525 hoc
257 489 453 538 ‘tempore
485 487 702 527 ducentos
735 489 908 527 circiter
936 495 1185 527 nostrorum
1216 489 1367 527 uideas
1389 489 1642 541 disciplinae
1676 492 1772 529 sub-

141 558 299 605 iectos,
322 572 406 597 nec
427 560 632 609 uulgares
655 573 759 598 sane
782 560 894 607 illos,
919 560 998 598 sed
1021 560 1204 598 eximiae
1229 561 1320 611 spej
1344 563 1602 612 permultos,
1640 575 1773 613 gene-

141 631 198 668 ris
222 631 351 668 etiam
373 631 602 670 nobilitate
626 633 888 683 conspicuos
909 633 1159 683 plerosque.
1186 633 1396 682 Quamuis
1418 640 1563 672 autem
1592 634 1701 672 aliae
1731 634 1773 672 in

140 702 221 740 hac
256 702 363 739 urbe
399 703 575 741 scholae
612 715 699 740 non
735 703 892 750 desint,
928 715 1023 741 eam
1053 708 1199 742 tamen
1230 703 1284 742 de
1315 705 1442 743 nobis
1474 711 1773 756 conceperunt

141 773 390 824 opinionem
420 774 491 812 hic
522 774 737 822 homines,
771 780 817 813 ut
846 787 1058 827 nusquam
1094 774 1271 823 rectius,
1309 789 1521 826 nusquam
1558 778 1770 824 exactius,

141 858 352 896 nusquam
376 846 508 884 etiam
527 845 795 897 diligentiuS,
817 848 972 886 cumin
993 848 1321 886 humanioribus
1343 848 1594 900 disciplinis,
1619 855 1709 887 tum
1732 850 1774 887 in

139 915 372 954 christiana
395 917 611 955 modestia
634 923 678 955 et
699 918 880 968 pietate,
904 931 1031 970 quam
1054 919 1167 969 apud
1196 932 1277 959 nos
1308 920 1467 958 erudiri
1503 934 1633 971 posse
1670 934 1773 959 suos

140 1000 397 1037 persuasum
428 987 633 1035 habeant,
667 991 778 1028 vnde
809 991 848 1028 et
874 990 1033 1040 palam
1065 989 1279 1029 dictitant
1310 991 1445 1030 malle
1474 1005 1518 1031 se
1548 992 1699 1042 longe,
1724 994 1773 1030 ut

138 1059 227 1109 suj,
247 1059 480 1109 persoluto
511 1058 649 1098 etiam
675 1060 840 1111 pretio,
874 1063 996 1111 apud
1016 1074 1112 1107 nos,
1151 1074 1289 1111 qzstam
1312 1062 1470 1114 gratis
1501 1061 1617 1101 alibi
1645 1062 1772 1102 insti-

139 1132 348 1169 tuantur.
372 1131 459 1168 Det
482 1131 667 1182 gratiam
683 1133 810 1170 nobis
833 1134 955 1180 Dns,
975 1146 1059 1184 qua
1079 1138 1226 1172 tantae
1246 1133 1299 1173 de
1321 1135 1448 1173 nobis
1471 1136 1770 1186 expectationj

139 1202 181 1240 in
204 1202 297 1240 eius
318 1202 502 1253 gloriam
525 1203 737 1242 maiorem
760 1217 897 1255 usque
919 1205 1280 1256 respondeamus.

187 1284 225 1322 3.
292 1274 466 1314 Classes
487 1275 700 1313 hactenus
722 1281 908 1326 quatuor
930 1281 1097 1314 tantum
1118 1289 1196 1327 pro
1218 1290 1400 1316 numero
1438 1278 1686 1317 scholarum
1725 1284 1770 1317 et

137 1354 266 1398 captu
301 1346 609 1398 discipulorum
631 1347 913 1394 instituimus3
936 1348 978 1386 in
1000 1348 1150 1386 ultima
1170 1348 1345 1399 quidem
1368 1349 1519 1401 legere
1544 1355 1587 1388 et
1609 1350 1770 1389 scribe-

136 1431 198 1466 re,
234 1424 327 1457 tum
364 1418 498 1457 etiam
533 1418 742 1470 principia
776 1419 1082 1470 grammatices
1119 1419 1379 1468 edocentur3
1414 1422 1457 1459 in
1491 1422 1628 1472 prima
1663 1435 1770 1461 uero

136 1489 371 1529 Rhetorica
405 1489 460 1529 ad
495 1490 781 1537 Herennium,
819 1491 990 1529 libellus
1026 1490 1082 1529 de
1112 1491 1315 1539 amicitia,
1349 1492 1404 1530 de
1436 1498 1620 1543 utraque
1645 1494 1771 1544 copia

137 1564 183 1601 P.
208 1562 365 1612 Frusij,
389 1561 627 1612 Cleonardj
661 1562 945 1614 grammatica
975 1575 1137 1614 graeca
1166 1563 1408 1603 traduntur.
1443 1564 1501 1602 At
1530 1565 1572 1603 in
1605 1564 1772 1604 duabus

133 1633 410 1684 intermedijs
431 1634 730 1686 grammatica,
758 1635 972 1685 epistolae
994 1634 1240 1682 Ciceronis,
1265 1639 1309 1673 et
1344 1635 1500 1674 similia
1521 1637 1664 1687 captuj
1689 1636 1772 1675 dis-

135 1704 376 1756 cipulorum
412 1717 607 1756 congrua
640 1706 970 1757 praeleguntur.
1008 1705 1174 1745 Diebus
1208 1719 1339 1757 porro
1373 1707 1549 1746 veneris
1582 1713 1625 1746 et
1646 1707 1772 1747 festis

135 1790 302 1816 summa
322 1776 550 1815 doctrinae
574 1777 836 1815 christianae
860 1777 1060 1816 omnibus
1082 1778 1339 1828 explicatur,
1365 1779 1487 1817 cuius
1511 1779 1643 1817 etiam
1676 1792 1771 1830 par-

134 1853 225 1887 tem
259 1848 461 1899 aliquam,
497 1848 569 1899 qui
604 1847 860 1886 inferiorum
897 1848 1099 1886 classium
1136 1853 1248 1897 sunt,
1286 1849 1484 1900 quotidie
1515 1850 1771 1888 memoriter

134 1919 324 1958 reddere
346 1924 568 1958 tenentur.
595 1919 716 1959 Ordo
740 1924 785 1957 et
806 1919 961 1958 modus
984 1919 1185 1959 tradendi
1214 1920 1461 1971 disciplinas
1488 1921 1771 1961 humaniores

133 1991 250 2030 idem
271 1991 364 2030 fere
388 1996 454 2029 est
476 2004 574 2030 cum
597 2005 669 2038 eo,
693 2005 822 2043 quem
844 1992 886 2030 in
908 2004 1089 2031 romano
1113 1993 1302 2044 collegio
1326 1994 1449 2032 annis
1471 1994 1770 2045 superioribus

137 2063 361 2102 obseruari
383 2062 583 2101 uidimus.
611 2063 697 2113 Qui
720 2063 851 2101 etiarn
874 2062 1083 2114 deinceps
1106 2064 1426 2112 obseruabitur,
1447 2064 1592 2104 donec
1608 2064 1662 2103 de
1685 2066 1769 2104 alio

133 2135 291 2173 isthinc
312 2133 526 2173 certiores
548 2133 799 2173 reddamur.
824 2134 982 2174 Missae
1011 2135 1223 2174 sacrificio
1246 2135 1442 2186 quotidie
1470 2135 1595 2186 pueri
1617 2149 1770 2175 omnes

135 2218 232 2244 cum
254 2205 562 2244 aedificatione
585 2206 821 2244 multorum
842 2205 1073 2244 intersunt.
1099 2207 1217 2245 Loco
1242 2207 1504 2255 orationum,
1538 2220 1649 2258 quae
1680 2208 1770 2246 lec-

134 2277 324 2315 tionibus
345 2276 564 2327 praemittj
588 2276 747 2324 solent,
772 2277 999 2316 cantiones
1022 2278 1352 2316 ecclesiasticae
1374 2291 1497 2317 more
1515 2279 1769 2317 viennensis

135 2347 309 2399 collegij
333 2348 610 2395 adhibentur,
635 2360 747 2399 quae
768 2348 919 2387 nescio
942 2362 1072 2400 quem
1096 2350 1292 2388 excitant
1312 2350 1355 2388 in
1377 2350 1647 2389 audientium
1682 2342 1769 2389 ani-

134 2420 214 2458 mis
236 2419 487 2458 deuotionis
509 2419 732 2458 affectum.
758 2420 823 2458 De
846 2420 1182 2472 multiplicandis
1204 2422 1416 2460 classibus
1439 2427 1483 2460 et
1504 2422 1769 2461 lectionibus

134 2491 360 2530 altioribus
389 2491 688 2543 proponendis
724 2492 968 2543 cogitamus
998 2492 1189 2542 quidem,
1228 2493 1307 2532 sed
1341 2494 1384 2531 in
1417 2494 1766 2544 praesentiarum

133 2576 221 2600 non
255 2562 458 2600 uidentur
493 2561 546 2599 ad
582 2562 738 2601 altiora
771 2562 918 2612 idonej
955 2563 1168 2615 discipuli.
1207 2565 1481 2616 Theologica
1511 2566 1604 2604 sola
1632 2566 1765 2604 lectio

134 2639 234 2684 post
253 2634 444 2685 paschae
465 2634 579 2672 festa
605 2633 843 2685 praedictis
878 2634 1053 2673 uidetur
1088 2635 1380 2687 adiungenda,
1413 2636 1531 2688 quod
1564 2650 1643 2688 pro
1680 2637 1768 2675 suis

136 2717 231 2743 eam
249 2703 554 2743 sacerdotibus
571 2718 660 2743 non
677 2706 814 2743 semel
833 2706 1083 2757 effiagitarit
1100 2706 1317 2746 illustriss.
1340 2707 1557 2759 princeps.
1583 2709 1636 2746 Et
1657 2709 1769 2746 haec

135 2775 310 2827 quidem
341 2775 396 2815 de
432 2777 613 2824 scholis,
637 2790 749 2827 quae
772 2777 947 2816 vnicum
968 2777 1061 2816 fere
1085 2778 1283 2817 laborum
1304 2784 1557 2817 nostrorum
1579 2785 1679 2818 sunt
1700 2792 1766 2818 so-

134 2846 298 2894 latium,
324 2859 423 2885 cum
444 2847 487 2885 in
508 2847 573 2885 his
594 2848 755 2886 bonam
777 2848 927 2886 salutis
948 2848 1074 2887 huius
1100 2849 1266 2900 patriae
1301 2856 1473 2901 partem
1508 2851 1765 2890 collocatam

135 2917 361 2956 uideamus
401 2918 436 2957 b.
482 2919 599 2969 Quid
639 2919 753 2958 enim
787 2924 926 2967 uetat,
956 2925 1002 2958 ut
1038 2933 1093 2959 ex
1122 2920 1203 2968 his,
1242 2923 1364 2960 uelut
1398 2935 1453 2961 ex
1486 2935 1598 2973 equo
1636 2923 1765 2961 troia-

183 3052 203 3072 a
251 3053 291 3090 in
309 3057 449 3100 supra
467 3064 578 3092 vers.
630 3055 696 3080 —b
719 3054 854 3092 Prius
872 3054 1069 3093 videmus.
