1908 3446
257 219 326 256 466
722 217 940 255 LITTERAE
967 217 1320 262 QUADRIMESTRES

212 334 377 359 merum
410 321 608 371 jmplent.
648 320 853 358 Valemus
886 331 1070 369 corpore
1103 329 1272 364 omneS,
1310 314 1610 355 misericordia
1644 317 1827 367 Domini,
1860 302 1861 305 Ἴ

212 406 297 430 vno
322 405 375 429 ex
409 391 605 430 Patribus
638 396 843 441 excepto,
868 390 938 440 qui
971 396 1014 427 et
1046 388 1197 439 capitis
1230 394 1273 426 et
1304 388 1517 426 stomachi
1539 387 1692 426 dolore
1719 388 1830 430 labo·
1863 381 1867 459 i

212 469 292 506 rat3
317 464 437 500 cuius
454 461 628 512 quidem
651 461 866 499 medellae
891 466 933 498 et
956 460 1084 498 saluti
1106 460 1253 497 solerti
1277 471 1380 496 cura
1400 459 1678 506 incumbitur3
1701 464 1831 510 vtque
1863 463 1866 475 ¹

213 534 343 571 etiam
365 533 516 571 animis
537 533 776 579 valeamus,
802 532 940 569 solitis
962 530 1189 579 adiutorijs
1212 532 1341 568 Pater
1363 535 1509 568 rector
1533 529 1540 548 ¹
1566 534 1686 568 curat
1709 534 1751 569 et
1773 544 1832 570 sa·
1863 483 1881 570 i,

212 605 335 656 tagit,
375 610 416 642 et
451 604 563 642 inter
592 610 782 651 caetera,
822 610 866 641 vt
903 604 1083 654 regulae
1120 602 1283 652 optime
1319 607 1565 648 seruentur,
1604 606 1647 639 et
1683 578 1867 641 cunctal

213 677 330 715 dorni
360 682 482 715 recto
507 676 658 715 ordine
680 676 937 728 dirigantur,
963 675 1211 725 optatisque
1232 673 1381 711 annuit
1401 673 1574 711 bonitas
1596 673 1692 720 Dei,
1718 674 1833 713 cuius

212 748 351 798 gratia
374 753 416 785 et
440 748 591 786 Patres
615 752 658 785 et
680 748 837 786 fratres
867 748 981 785 bene
1004 745 1045 782 in
1082 745 1152 783 via
1173 743 1346 782 Domini
1367 743 1627 795 procedunt.
1653 744 1834 784 Festiuis

214 820 367 857 diebus
389 825 522 857 noctu
544 820 585 857 in
615 820 722 858 hora
743 820 902 870 quietis
925 818 978 855 de
1002 818 1133 854 rebus
1156 815 1443 865 colloquimur
1466 815 1774 866 spiritualibus3
1796 817 1835 855 in
1884 827 1887 830 ·

215 891 368 929 eadem
390 892 499 930 hora
518 892 725 942 profestis
748 892 903 930 diebus
930 896 1119 930 tractant
1151 889 1409 929 sacerdotes
1431 889 1486 927 de
1508 889 1576 939 ijs,
1600 900 1711 939 quae
1740 900 1835 926 con·
1876 922 1881 926 .

214 963 366 1001 fitendi
396 964 564 1001 muneri
586 971 604 989 a
625 964 819 1014 proficua
840 968 953 1009 sunt,
980 963 1179 1012 scituque
1201 961 1467 1000 necessaria.
1863 997 1867 1027 l

267 1045 304 1071 2.
366 1035 474 1073 Cum
504 1033 713 1085 proximis
736 1034 874 1073 solitis
903 1033 1059 1082 medijs
1092 1045 1368 1079 exercemur,
1396 1037 1443 1069 vt
1464 1031 1506 1069 in
1540 1029 1836 1081 praecedenti-

214 1107 293 1144 bus
315 1105 451 1143 literis
473 1105 637 1144 dictum
660 1111 741 1144 est.
762 1107 812 1157 Jn
834 1105 928 1143 dies
951 1117 1145 1143 amorem
1167 1109 1299 1154 atque
1321 1102 1615 1141 deuocionem
1637 1100 1837 1151 plurimo·
1878 1122 1881 1133 =

216 1190 308 1215 rum
332 1190 437 1228 erga
457 1190 537 1216 nos
559 1177 759 1216 videmus
783 1188 1003 1224 crescere,
1027 1181 1214 1227 augetur
1236 1187 1442 1213 numerus
1467 1187 1618 1212 eorum
1640 1172 1712 1223 qui
1744 1185 1837 1210 nos-

215 1249 291 1286 tris
323 1248 602 1296 confitentur,
638 1253 680 1286 et
713 1261 766 1286 ex
797 1247 1068 1299 primatibus.
1093 1247 1250 1297 Aliqua
1283 1258 1397 1284 nunc
1419 1258 1473 1283 ex
1501 1245 1568 1294 ijs,
1592 1256 1701 1294 quae
1726 1244 1838 1282 Deus
1878 1275 1880 1277 .

213 1331 290 1369 per
314 1319 521 1370 jndignos
551 1332 705 1358 seruos
737 1332 840 1358 suos
873 1324 1079 1370 operatus
1114 1322 1195 1366 est,
1230 1316 1488 1355 Paternitati
1518 1321 1620 1354 tuae
1650 1315 1839 1354 breuiter

213 1402 443 1440 exponam.
470 1390 657 1441 Quidam
681 1403 735 1428 ex
757 1391 975 1441 precipuis
996 1389 1124 1428 huius
1147 1388 1339 1427 ciuitatis
1358 1386 1620 1438 jurisperitis
1641 1386 1696 1424 ad
1712 1398 1839 1424 vnum

217 1475 271 1500 ex
294 1461 494 1500 Patribus
516 1463 704 1501 accessit
726 1475 803 1512 pro
828 1462 1010 1501 consilio
1033 1466 1164 1510 atque
1193 1458 1408 1506 remedi03
1432 1463 1525 1497 erat
1548 1458 1662 1496 enim
1693 1457 1839 1495 anxius

215 1533 359 1581 valde,
392 1533 625 1585 animoque
643 1535 858 1579 turbatus;
882 1538 1013 1582 atque
1034 1533 1094 1570 ita
1115 1531 1372 1582 quibusdam
1393 1530 1623 1568 timoribus
1652 1529 1838 1580 exagita-

215 1610 284 1643 tus
307 1606 389 1643 iam
412 1618 490 1655 per
524 1603 618 1643 dies
641 1606 816 1652 multos,
841 1610 886 1643 vt
908 1604 1002 1642 tere
1034 1604 1242 1642 vesaniae
1267 1606 1385 1640 esset
1416 1601 1585 1640 vicinus
1606 1601 1672 1650 (vt
1700 1600 1840 1638 aiebat

215 1675 318 1726 ille).
344 1676 557 1726 Exposuit
578 1677 612 1713 is
648 1689 737 1714 rem
771 1676 903 1723 Patri,
930 1681 973 1714 et
1005 1675 1233 1713 consilium
1264 1672 1323 1711 illi
1345 1673 1493 1711 datum
1517 1677 1584 1710 est
1604 1672 1717 1710 inter
1746 1671 1839 1720 alia,

216 1754 262 1785 vt
284 1749 370 1786 cito
394 1748 679 1786 confiteretur
709 1753 894 1798 peccata
924 1760 1015 1794 sua,
1042 1750 1084 1784 et
1107 1759 1273 1784 sacram
1295 1745 1447 1783 itidem
1478 1748 1672 1781 sumeret
1700 1755 1840 1781 comu-

215 1820 406 1867 nionem,
444 1819 562 1871 quod
594 1824 638 1857 et
668 1819 773 1859 fecit
803 1819 957 1857 libenti
992 1818 1152 1866 animo,
1188 1822 1320 1868 atque
1342 1816 1402 1854 illi
1424 1816 1486 1854 sic
1506 1815 1620 1853 bene
1642 1814 1839 1860 sucessit,

217 1891 333 1942 quod
355 1891 408 1929 ad
430 1891 618 1929 eundem
643 1892 816 1929 Patrem
839 1890 952 1929 adeo
975 1890 1129 1941 plenus
1151 1889 1312 1940 gaudio
1335 1894 1436 1938 post
1457 1900 1621 1938 paucos
1653 1886 1746 1924 dies
1780 1898 1840 1924 re-

217 1963 360 2010 dierit,
394 1964 555 2014 gratias
576 1963 636 2001 illi
666 1975 817 2014 agens,
852 1967 895 2001 et
925 1961 1167 1999 ministrum
1200 1973 1353 1998 verum
1384 1960 1501 1997 illum
1533 1958 1767 2010 appellans,
1799 1961 1843 1995 vt

218 2047 374 2086 magna
393 2035 494 2073 hinc
511 2035 652 2072 Deum
674 2033 877 2072 laudandi
898 2037 1156 2071 nasceretur
1189 2033 1380 2078 occasio,
1404 2036 1536 2082 atque
1553 2031 1755 2068 voluntas
1770 2029 1842 2066 ho-

219 2106 335 2153 mini,
360 2111 405 2143 vt
427 2119 506 2144 nos
529 2106 760 2156 temporali
782 2104 1017 2143 commodo
1040 2104 1227 2150 iuuaret,
1252 2108 1298 2140 vt
1321 2115 1367 2140 se
1387 2101 1597 2152 spirituali
1619 2099 1754 2138 sensit
1775 2097 1842 2138 ad-

218 2178 370 2225 iutum,
394 2176 510 2227 quod
534 2182 577 2214 et
607 2177 814 2227 prestitit.
842 2175 1029 2226 Quidam
1059 2175 1167 2213 alius
1188 2174 1411 2212 hominem
1442 2171 1660 2223 quendam
1689 2172 1732 2221 (a
1761 2182 1841 2221 quo

215 2248 374 2297 jniuria
393 2249 580 2286 affectus
604 2254 697 2286 erat
726 2247 816 2294 tali,
849 2260 960 2298 quae
994 2259 1048 2284 ex
1079 2247 1181 2297 lege
1214 2244 1530 2284 committentis
1562 2242 1704 2293 capite
1726 2241 1842 2292 puni-

219 2320 318 2369 tur),
341 2320 403 2357 sic
424 2325 525 2358 ante
547 2319 736 2358 iudicem
759 2318 1087 2369 insequebatur,
1111 2321 1158 2355 vt
1180 2329 1257 2354 reo
1281 2315 1428 2354 vincto
1456 2326 1688 2352 necessum
1713 2316 1842 2358 esset,

219 2391 290 2428 vel
321 2396 507 2428 mortem
530 2391 676 2429 subire
699 2390 911 2441 corporis,
936 2389 1007 2427 vel
1028 2388 1270 2439 periculum
1293 2385 1527 2425 maximum
1549 2385 1724 2424 diuersa
1753 2395 1843 2434 per-

219 2460 419 2512 petrandi
456 2467 640 2513 peccata
679 2462 743 2511 (vt
782 2460 951 2512 negotij
994 2465 1087 2498 erat
1122 2458 1346 2510 qualitas);
1388 2461 1518 2507 atque
1559 2458 1594 2494 is
1633 2456 1703 2507 qui
1742 2455 1843 2497 iniu-

220 2533 325 2571 riam
347 2546 499 2584 passus
523 2538 604 2580 est,
628 2533 731 2570 licet
761 2545 785 2570 a
820 2532 965 2571 multis
995 2535 1191 2582 rogatus,
1225 2534 1273 2567 vt
1302 2541 1469 2567 summa
1498 2527 1640 2578 aliqua
1670 2530 1844 2565 conten-

220 2609 289 2642 tus
319 2604 554 2655 pecuniae,
596 2616 621 2641 a
659 2615 770 2642 nece
807 2603 1043 2641 desisteret
1078 2601 1227 2640 miseri
1265 2599 1467 2646 hominis,
1504 2599 1662 2637 nullius
1700 2602 1859 2636 tamem

1869 1876 1908 2643 .fi.;u>2=z=zffl

1876 2661 1908 2715 μή

221 2747 427 2786 breuibus
464 2746 664 2794 obtinuit,
689 2751 735 2785 vt
755 2747 942 2797 pecunia
963 2745 1065 2784 data
1085 2744 1140 2783 ad
1161 2743 1360 2783 alendam
1383 2742 1611 2781 mulierem
1632 2738 1860 2793 quandam·
1877 2733 1908 2779 0!

219 2676 450 2726 praecibus
471 2675 705 2726 acquieuit:
730 2675 847 2712 illum
869 2673 1047 2712 tandem
1081 2672 1256 2724 quidam
1288 2684 1342 2709 ex
1380 2671 1580 2709 Patribus
1615 2670 1841 2716 allocutus,

269 2894 288 2913 a
340 2894 524 2932 Emend.
546 2905 596 2931 ex
615 2906 798 2930 munere.

272 3028 279 3047 ¹
333 3026 376 3063 P.
400 3027 634 3073 Alphonsus
656 3026 827 3062 Roman.
