1908 3446
0 210 19 381 «st-ksssacq
0 146 19 175 ‘L
5 114 7 116 ·
0 78 5 88 ““

551 211 839 250 290.—PRA<;A
864 211 910 248 30
938 210 1129 247 AUGUST1
1159 209 1249 247 1559
1282 195 1292 207 ’
1595 208 1661 244 301

86 314 309 354 thodoxae
330 313 504 365 pietatis
526 313 763 362 aduersarij
798 312 925 350 nobis
942 311 1230 348 uehementer
1252 309 1477 347 inuideant
1499 322 1549 346 ac
1580 310 1711 347 refra-

88 392 259 439 gentur,
295 399 382 424 non
411 391 558 423 tamen
580 385 717 424 etiam
749 385 906 422 desunt
928 383 1120 433 insignes
1143 395 1192 420 ac
1225 382 1374 431 optimi
1404 381 1616 427 fautores,
1641 381 1712 430 qui

87 471 156 496 res
190 461 362 495 nostras
398 456 640 494 defendere
682 460 725 493 et
759 466 1025 506 promouere
1066 453 1207 491 modis
1244 452 1442 490 omnibus
1483 457 1710 490 conantur.

89 529 200 579 Quin
221 529 415 566 hussitae
438 528 627 577 quidam,
652 527 732 564 uiri
763 538 867 564 sane
902 525 1074 563 nobiles
1105 538 1155 562 ac
1177 524 1337 574 magni,
1362 536 1408 561 se
1432 529 1551 561 totos
1582 523 1713 560 rebus

85 600 243 638 nostris
264 599 438 637 tuendis
461 598 733 637 dedicarunt
753 599 786 644 ³⁸,
813 602 857 635 et
884 595 1042 646 ubique
1061 596 1081 620 b
1102 598 1300 646 possunt,
1324 594 1538 644 prodesse
1561 595 1713 631 uolunt

87 677 131 709 et
153 670 345 721 cupiunt,
370 670 425 708 de
447 683 631 720 quorum
655 669 948 707 conuersione
975 680 1063 706 non
1084 679 1234 717 parum
1256 678 1497 716 speramus.

1572 737 1579 755 1

136 753 173 781 2.
238 742 424 791 Quidam
461 754 515 778 ex
551 740 880 779 couuictoribus
914 737 1090 785 nostris,
1124 737 1387 775 hussitarum
1423 736 1535 774 filius
1589 766 1597 783 ,
1635 735 1713 774 sed

84 819 184 852 ante
205 826 381 852 menses
403 813 567 862 aliquot
590 812 736 850 diuina
760 824 842 862 ope
879 810 933 849 ad
955 809 1216 848 catholicam
1238 808 1370 846 fidem
1392 807 1540 856 inscijs
1562 819 1713 857 paren-

83 886 197 925 tibus
219 898 475 932 conuersus,
500 884 574 922 diu
595 885 809 922 hactenus
831 895 939 929 rem,
966 886 1009 920 et
1031 879 1207 931 quidem
1231 880 1449 926 consulto,
1474 878 1713 917 dissimula-

83 958 157 996 uit.
184 957 237 995 At
260 971 357 996 cum
388 958 511 996 locus
532 956 715 1007 amplius
737 953 1037 993 dissimulandi
1070 965 1157 991 non
1190 952 1381 999 daretur,
1407 963 1554 989 coram
1577 960 1712 988 matre

82 1029 247 1067 hussita
267 1041 315 1067 se
338 1028 602 1066 catholicum
626 1039 724 1064 esse
747 1038 968 1077 generoso
992 1037 1043 1062 ac
1073 1022 1292 1074 intrepido
1316 1022 1460 1060 animo
1484 1021 1713 1060 confessus

83 1105 163 1139 est.
204 1100 258 1137 Et
296 1099 493 1150 quamuis
534 1099 589 1137 ob
624 1098 737 1135 hanc
770 1096 844 1145 filij
888 1095 1241 1141 conuersionem,
1283 1092 1476 1143 iniquum
1513 1092 1711 1130 dolorem

83 1171 225 1209 multis
249 1170 379 1208 etiam
402 1169 635 1219 lachrymis
657 1173 797 1206 mater
819 1174 836 1192 0
856 1170 1111 1212 testaretur,
1136 1178 1187 1204 ac
1221 1164 1325 1202 nihil
1356 1164 1624 1213 relinqueret
1654 1164 1712 1200 in—

82 1247 310 1289 tentatum,
344 1254 429 1291 quo
463 1253 562 1279 eum
593 1240 739 1278 denuo
770 1243 1050 1290 peruerteret
1081 1249 1210 1286 quem
1242 1236 1354 1274 male
1381 1235 1566 1286 primum
1596 1233 1714 1272 insti-

81 1318 238 1360 tuerat,
270 1326 359 1351 non
378 1316 527 1350 tamen
548 1311 620 1349 uel
650 1312 788 1349 latum
810 1321 1002 1360 unguem
1034 1321 1081 1346 se
1103 1320 1211 1358 puer
1242 1319 1267 1344 a
1286 1307 1475 1344 ueritate
1498 1305 1713 1343 dimoueri

81 1398 230 1435 passus
253 1388 336 1431 est3
367 1384 469 1434 quin
501 1396 554 1421 ea
586 1382 819 1434 prudentia
854 1386 898 1419 et
934 1380 1181 1419 constantia
1215 1378 1436 1429 improbas
1471 1377 1619 1415 matris
1654 1377 1713 1414 la-

82 1456 278 1505 chrymas
313 1467 364 1493 ac
398 1455 601 1505 querelas
635 1453 696 1491 ita
731 1453 872 1491 euasit
906 1457 1038 1502 atque
1070 1450 1323 1496 decliuauit,
1362 1454 1409 1486 ut
1442 1452 1593 1486 tacere
1627 1448 1646 1472 d
1670 1453 1713 1485 et

82 1527 330 1566 consentire
352 1531 605 1577 cogeretur.
639 1525 732 1563 Nos
754 1523 914 1562 deinde
937 1527 1166 1573 parentem
1189 1525 1406 1571 utrunque
1428 1520 1618 1558 romanis
1646 1532 1713 1557 ro-

83 1599 204 1648 sarijs
225 1599 286 1637 ita
306 1599 563 1650 placuimus,
588 1603 637 1635 ut
658 1610 705 1635 se
727 1600 849 1635 totos
870 1600 1048 1634 nostros
1072 1606 1171 1632 esse
1194 1592 1407 1631 dicerent.

133 1682 170 1719 3.
230 1671 456 1710 Caesarea
476 1670 590 1707 Mss'*S
613 1669 895 1708 commiserat
917 1669 968 1706 D.
992 1664 1245 1717 praeposito
1269 1664 1281 1682 ²
1314 1668 1357 1702 et
1392 1664 1534 1711 nobis,
1558 1668 1605 1701 ut
1636 1663 1713 1702 cir-

85 1742 453 1794 cumspiceremus
482 1754 584 1779 num
614 1740 767 1779 haberi
796 1743 978 1790 possent
1009 1750 1088 1776 sex
1124 1736 1301 1775 honesti
1331 1735 1605 1782 sacerdotes,
1643 1734 1715 1782 qui

83 1814 403 1853 collocarentur
425 1814 466 1851 in
501 1812 690 1863 quodam
713 1810 982 1849 monasterio
1005 1809 1223 1847 inferioris
1246 1808 1465 1854 Lusatiae,
1495 1806 1609 1858 apud
1639 1806 1713 1844 Sa-

83 1886 252 1924 xoniam
269 1887 298 1933 ⁸,
322 1885 392 1936 qui
416 1885 673 1923 dicebantur
695 1883 737 1921 in
758 1882 911 1921 annuis
933 1880 1176 1919 redditibus
1197 1879 1387 1918 habituri
1403 1888 1482 1928 450
1502 1880 1710 1917 florenos.

82 1957 171 1995 Nos
193 1969 300 1995 uero
337 1968 434 1994 cum
469 1954 690 1994 neminem
725 1952 1023 1992 inueniremus
1059 1952 1129 1990 cui
1162 1952 1251 1989 tale
1287 1963 1442 1989 munus
1479 1962 1532 1988 ex
1563 1956 1714 1989 nostra

83 2027 465 2067 commendatione
482 2026 603 2066 credi
622 2031 789 2077 posset,
814 2039 912 2064 cum
938 2025 1009 2063 hic
1031 2036 1199 2062 summa
1218 2022 1400 2074 penuria
1421 2022 1474 2060 sit
1495 2022 1711 2060 bonorum

82 2100 375 2147 sacerdotum,
400 2102 439 2138 et
456 2106 474 2124 e
497 2103 616 2138 esset
637 2110 773 2150 graue
792 2095 1007 2136 Societati
1036 2101 1214 2134 nostrae
1239 2096 1285 2132 ut
1313 2095 1446 2133 talem
1467 2094 1591 2132 istius
1622 2106 1712 2131 mo—

82 2172 256 2221 nasterij
281 2184 428 2210 curam
451 2171 710 2221 susciperet,
735 2170 822 2208 hoc
838 2168 1016 2206 tandem
1040 2166 1250 2205 effectum
1274 2170 1356 2213 est,
1381 2170 1428 2203 ut
1445 2164 1562 2204 dicta
1581 2177 1712 2216 pecu-

81 2244 150 2281 nia
183 2244 224 2281 in
259 2257 384 2281 usum
419 2242 716 2281 studiosorum
750 2252 991 2292 pauperum
1023 2239 1078 2277 sit
1108 2238 1341 2289 quotannis
1373 2237 1612 2288 eroganda,
1640 2237 1712 2287 qui

83 2315 248 2366 Pragae
279 2320 405 2352 erunt
438 2315 481 2353 in
512 2314 701 2364 collegio
724 2311 799 2350 tali
821 2312 915 2349 usui
938 2310 1169 2361 deputato;
1191 2309 1273 2348 nisi
1307 2309 1544 2347 vienenses
1574 2307 1713 2346 nostri

127 2464 147 2484 a
194 2463 448 2512 impendunt.
507 2464 572 2488 —b
594 2463 850 2508 ubicumque.
894 2468 956 2486 —0
978 2465 1108 2497 mater
1125 2464 1264 2504 supra
1279 2469 1389 2496 vers.
1430 2458 1499 2483 —11
1518 2458 1605 2503 illa;
1624 2467 1708 2504 seq.

83 2525 163 2562 del.
184 2530 227 2562 ut
245 2530 395 2562 tacere.
450 2531 515 2549 -..e
538 2535 724 2570 cumque.

82 2674 160 2711 864.
185 2674 394 2712 Praecedit
414 2674 644 2720 exemplum
663 2671 883 2708 secundum
903 2669 1189 2714 correctiones,
1218 2669 1257 2705 in
1285 2668 1326 2704 ff.
1358 2668 1437 2713 158,
1473 2667 1552 2704 159.
1585 2668 1710 2705 Plura

84 2746 132 2771 ex
156 2734 217 2771 his
246 2747 350 2782 quae
376 2734 441 2770 hic
471 2733 671 2776 dicuntur,
704 2731 967 2767 inveniuntur
993 2729 1033 2765 in
1061 2729 1232 2776 epistola
1260 2727 1304 2764 Ρ.
1334 2726 1511 2772 Hoffaei,
1540 2727 1587 2764 30
1600 2727 1711 2774 Junii

83 2794 186 2839 data,
207 2806 311 2841 quae
331 2800 391 2831 est
409 2793 449 2830 in
469 2793 611 2830 eodem
630 2791 715 2829 cod.
735 2789 779 2827 ff.
802 2790 882 2834 136,
905 2789 987 2826 137.

130 2854 139 2873 ¹
190 2853 354 2890 Rochus
372 2858 412 2890 et
430 2851 706 2899 Hieronymus
725 2850 957 2898 appellatur
975 2862 998 2886 a
1016 2848 1065 2885 P.
1092 2847 1279 2885 Hoffaeo.

130 2912 143 2932 ²
191 2912 394 2949 Henrieus
414 2910 662 2950 Scribonius.

129 2972 142 2991 ³
191 2971 423 3009 Secundum
441 2970 786 3014 ScHM102(Hist.
809 2970 900 3008 Soc.
924 2969 1036 3016 Jesu
1061 2973 1184 3014 prov.
1214 2968 1467 3010 Bohemiae,
1496 2965 1526 3011 Ι,
1560 2968 1631 3004 lib.
1659 2966 1707 3012 II,

84 3042 122 3069 n.
140 3030 201 3077 72)
218 3030 507 3068 monasterium
525 3030 625 3067 illud
642 3029 854 3067 dicebatur
872 3028 1098 3066 Dobroluk.
