1908 3446
181 287 251 323 534
644 286 867 324 LITTERAE
894 286 1248 332 QUADRIMESTRES

134 393 320 438 quatuor
360 388 402 426 in
441 388 692 426 liberalibus
732 389 897 426 artibus
936 388 1227 438 professores.
1271 388 1400 427 Dictu
1438 390 1592 428 mirum
1630 402 1756 440 quam

133 472 264 510 saepe
289 465 332 497 et
354 459 559 498 ardenter
580 472 658 509 per
681 473 727 498 se
752 465 795 497 et
825 472 902 510 per
933 472 1035 497 suos
1067 459 1338 497 consiliarios
1360 461 1591 510 repetebat
1613 472 1660 498 se
1682 473 1755 498 ve-

131 530 362 569 hementer
394 530 679 580 desyderare,
718 536 763 568 ut
798 531 833 568 si
867 536 957 568 tres
994 530 1331 569 concionatores
1365 537 1452 569 tam
1489 531 1575 570 cito
1607 532 1758 570 haberi

131 614 217 640 non
239 607 433 652 possent,
459 602 615 640 saltem
633 602 718 640 duo
740 601 799 640 illi
820 615 947 653 quam
966 601 1172 640 citissime
1195 603 1474 640 mitterentur
1496 604 1575 641 sub
1596 603 1756 641 festum

131 674 336 724 paschae3
360 678 478 711 ratus
499 674 585 711 hoc
614 679 786 723 tempus
817 673 1097 711 sacerrimum
1128 672 1390 711 reducendis
1412 674 1637 712 animabus
1659 681 1676 698 ³
1707 687 1758 712 ac

131 745 359 783 medendis
382 744 633 782 vulneribus
650 744 791 782 adhuc
809 744 953 783 crudis
970 744 1239 795 aptissimum
1259 757 1372 783 esse.
1392 746 1445 783 Et
1465 758 1520 783 ne
1541 745 1596 783 de
1618 758 1758 795 sump-

133 816 248 854 tibus
271 815 584 862 diffideremus,
611 815 802 853 addebat
836 828 883 853 se
914 815 996 853 illis
1027 815 1082 853 de
1114 814 1334 855 domicilio
1359 821 1401 854 et
1436 817 1758 856 sustentatione

131 891 481 938 prospecturum,
506 888 577 936 qui
598 886 771 925 interim
796 887 925 924 etiam
949 887 1183 937 collegium
1215 899 1312 925 cum
1337 888 1536 926 omnibus
1556 901 1757 927 necessa-

132 958 206 1007 rijs
227 956 440 996 adornare
463 962 658 1008 possent.
692 959 931 997 Coeterum
963 971 1059 996 cum
1092 958 1342 997 videremus
1364 972 1444 997 nos
1466 964 1551 996 tam
1573 960 1759 997 honesta

132 1043 182 1068 ac
203 1030 331 1068 anxia
355 1030 571 1080 petitione
603 1029 858 1080 constringi,
892 1029 1196 1079 respondimus
1225 1042 1306 1068 nos
1330 1043 1502 1068 omnem
1524 1038 1759 1069 nauaturos

133 1114 310 1152 operam
332 1106 393 1148 ut,
417 1100 535 1151 quod
559 1101 652 1139 eius
673 1101 768 1139 fieri
798 1106 964 1152 posset,
997 1113 1089 1138 rem
1121 1113 1294 1138 omnem
1327 1114 1423 1139 cum
1455 1102 1655 1140 omnibus
1686 1108 1760 1140 aut

131 1172 375 1223 potioribus
406 1173 744 1222 circumstantijs
775 1173 822 1210 R.
848 1173 895 1210 P.
920 1173 968 1210 T.
1002 1184 1129 1222 quam
1160 1171 1368 1210 citissime
1397 1173 1758 1224 significaremus3

133 1244 252 1294 quod
274 1244 373 1294 quia
393 1257 470 1295 per
494 1245 539 1282 P.
568 1243 786 1291 Rhetium>
810 1244 863 1281 D.
888 1247 1134 1294 regentem,
1157 1243 1328 1282 abunde
1363 1244 1525 1282 factum
1557 1257 1655 1282 esse
1688 1257 1760 1283 ex-

130 1315 276 1353 istimo
300 1320 326 1362 ¹,
360 1327 737 1365 superuacaneum
768 1313 942 1352 videtur
963 1313 1176 1365 prolixius
1196 1315 1509 1353 necessitatem
1540 1317 1758 1355 accelera-

133 1387 264 1425 tionis
295 1378 472 1437 urgere,
504 1386 765 1436 praesertim
797 1398 893 1424 cum
929 1386 977 1423 R.
1016 1386 1063 1424 P.
1101 1386 1168 1432 T.,
1205 1399 1283 1436 pro
1317 1399 1395 1424 sua
1423 1386 1670 1437 prudentia,
1705 1400 1759 1426 ex

131 1471 258 1509 quam
280 1457 551 1509 paucissimis
573 1470 700 1508 quam
722 1457 906 1507 plurima
928 1457 1139 1508 colligere
1161 1457 1286 1505 sciat3
1314 1471 1400 1508 quo
1430 1463 1560 1508 pacto
1592 1459 1761 1498 scilicet

134 1542 189 1567 ex
210 1528 328 1567 felici
359 1534 446 1566 tam
461 1528 534 1579 ·pij
560 1527 746 1566 instituti
766 1527 1048 1566 inchoatione
1070 1528 1173 1578 (que
1193 1529 1352 1579 primas
1374 1529 1456 1567 hac
1475 1528 1518 1567 in
1539 1542 1586 1567 re
1617 1532 1760 1581 tenet)

132 1600 373 1652 sperandus
395 1600 448 1638 sit
470 1613 747 1651 progressus,
773 1612 824 1637 ac
847 1599 1038 1637 omnium
1068 1612 1179 1649 quae
1202 1599 1257 1638 de
1286 1599 1413 1639 nobis
1435 1606 1652 1652 concepta
1675 1608 1756 1651 est,

131 1673 334 1723 augenda
356 1672 625 1723 expectatio.
651 1671 867 1722 Denique,
897 1676 944 1709 ut
972 1670 1142 1709 coeteri
1161 1671 1380 1722 principes
1401 1677 1490 1710 tam
1512 1674 1760 1712 saeculares

131 1757 258 1795 quam
282 1743 572 1782 ecclesiastici
596 1743 983 1789 extimulabuntur,
1016 1756 1101 1793 quo
1137 1742 1264 1781 simili
1285 1743 1428 1782 studio
1464 1744 1640 1794 pietatis
1671 1745 1758 1783 ani-

132 1829 246 1853 mum
262 1814 490 1853 intendant
507 1827 559 1853 ac
575 1814 752 1852 tandem
768 1813 1032 1864 periclitanti
1049 1814 1313 1853 Germaniae
1330 1822 1507 1852 nostrae
1526 1816 1761 1854 Societatis

131 1885 349 1938 praesidio
375 1886 660 1935 opitulentur.
694 1885 805 1932 Hec,
838 1885 1026 1935 inquam,
1062 1885 1205 1923 omnia
1234 1885 1282 1923 R.
1316 1886 1363 1923 P.
1398 1886 1447 1924 T.
1482 1887 1760 1926 exactissime

131 1971 208 2010 per
230 1971 278 1996 se
300 1957 519 2008 intelligit,
539 1963 585 1994 ut
608 1955 841 1995 verbosius
860 1969 967 2008 opus
988 1969 1076 1994 non
1092 1955 1146 1994 sit
1163 1968 1255 1994 rem
1271 1958 1492 2009 prosequi,
1517 1965 1590 1996 aut
1611 1971 1760 2010 preca-

131 2030 180 2077 ri,
205 2034 250 2067 ut
271 2029 357 2067 hoc
376 2028 604 2079 negotium
627 2028 707 2066 sibi
729 2027 852 2066 cordi
874 2040 973 2066 esse
1004 2027 1112 2066 velit
1135 2027 1169 2075 b,
1206 2028 1279 2078 qui
1310 2041 1407 2067 cum
1430 2030 1644 2078 omnibus,
1669 2036 1759 2069 tum

130 2100 404 2150 potissimum
427 2100 613 2138 miserae
637 2099 900 2138 Germaniae
923 2111 1096 2149 semper
1127 2104 1410 2149 prospectum
1443 2113 1542 2139 esse
1564 2102 1756 2140 voluisti.

185 2183 222 2220 3.
282 2171 371 2209 Sed
402 2170 456 2209 ad
487 2171 569 2208 alia
600 2169 731 2208 etiam
767 2170 897 2221 digna
927 2171 1067 2208 relatu
1095 2174 1302 2220 properat
1325 2171 1480 2209 oratio:
1513 2184 1611 2210 nam
1641 2172 1756 2220 dum,

132 2242 346 2280 confectis
380 2242 591 2292 negotijs,
630 2247 947 2279 maturaremus
982 2241 1160 2289 abitum,
1197 2253 1356 2279 nauem
1394 2243 1519 2281 nobis
1559 2243 1759 2282 adornari

132 2313 316 2361 curauit3
339 2313 606 2365 impendium
629 2326 759 2351 omne
779 2314 994 2364 persoluit
1014 2313 1197 2361 itineris,
1221 2326 1272 2352 ac
1292 2313 1555 2364 amplissimo
1579 2328 1758 2353 munere

132 2383 334 2422 dimissos
368 2383 617 2423 honorauit.
642 2386 688 2422 In
709 2384 855 2422 reditu
876 2383 1133 2423 diuertimus
1154 2385 1209 2423 ad
1230 2385 1606 2437 archiepiscopum
1642 2387 1758 2425 colo-

131 2455 329 2493 niensem
353 2455 365 2474 ²

372 2486 380 2502 ‚
405 2455 459 2493 ad
489 2469 619 2506 quern
650 2468 674 2493 a
705 2455 929 2506 sigillifero
960 2459 973 2478 ³
1002 2455 1150 2493 literas
1179 2456 1448 2495 habebamus
1468 2457 1607 2495 nostri
1629 2469 1760 2496 causa

131 2525 415 2576 conscriptaS‚
449 2526 527 2564 sed
562 2526 661 2576 quia
692 2527 746 2564 ob
782 2525 1012 2565 aduersam
1046 2525 1257 2577 praesulis
1285 2527 1583 2566 valetudinem
1607 2536 1638 2576 0,
1670 2542 1757 2566 non

131 2596 314 2635 dabatur
354 2596 648 2648 compellandi
688 2598 980 2648 oportunitas,
1021 2609 1099 2649 per
1143 2597 1273 2636 alium
1313 2610 1387 2637 eas
1425 2599 1754 2639 transmisimus.

177 2777 196 2795 a
241 2768 452 2804 animabus
473 2773 611 2813 supra
630 2779 739 2806 vers.
794 2769 861 2795 *b
876 2768 1062 2806 Emend.
1084 2769 1139 2806 ab
1170 2772 1282 2807 auct.
1312 2780 1363 2807 ex
1392 2769 1509 2807 tibi...
1542 2770 1644 2807 velis
1679 2775 1758 2809 aut

131 2831 294 2866 contra.
349 2835 414 2854 -ο
447 2827 726 2865 valetudinem
744 2833 881 2875 supra
901 2839 1016 2866 vers.

179 2974 188 2994 ¹
240 2971 370 3019 Epist.
390 2971 435 3009 P.
459 2971 600 3008 Rhetii
620 2971 726 3017 vide,
747 2972 813 3018 sis,
834 2972 940 3020 apud
958 2971 1147 3018 HANSEN,
1167 2972 1251 3009 343.

177 3032 191 3052 ²
236 3031 416 3079 joannes
437 3030 696 3069 Gebhardus.

177 3091 190 3112 ³
241 3090 316 3129 Dr.
341 3090 576 3139 Ludgerius
594 3089 851 3129 Heresbach.
874 3089 1063 3136 HANSEN,
1084 3089 1186 3129 292⁵.
