1908 3446
184 179 254 216 720
647 179 864 216 LITTERAE
895 179 1247 224 QUADR1MESTRES

137 295 192 320 ex
210 282 370 320 nostris
389 283 642 333 intelligant,
655 295 742 320 non
760 281 814 319 de
832 281 1004 320 medico
1018 287 1200 329 tantum,
1221 281 1299 320 sed
1316 287 1361 320 et
1377 280 1431 319 de
1448 280 1691 331 pharmacis
1714 286 1758 318 et

138 354 314 404 reliquis
334 354 597 401 necessari-js
619 352 792 391 minime
814 354 1027 404 grauatim
1051 360 1069 377 ὃ
1084 353 1319 403 prouidere
1343 356 1508 390 curant.
1533 353 1610 389 Est
1625 364 1755 402 porro

137 430 275 462 mater
309 426 513 476 principis
550 431 668 462 tanta
703 423 864 462 virtute
889 425 1057 470 mulier,
1082 430 1129 461 vt
1151 436 1319 462 summe
1340 437 1427 461 non
1462 424 1601 461 solum
1622 435 1756 473 popu-

136 496 202 533 lus
237 496 481 542 vniuersus,
507 496 584 534 sed
608 501 650 533 et
684 496 886 546 princeps
921 496 1012 545 ipse
1037 507 1131 532 eam
1160 493 1380 546 suspiciat,
1420 501 1464 532 et
1500 495 1554 532 ob
1585 494 1758 532 virtutis

138 568 339 606 meritum
368 573 621 606 veneretur.
655 567 781 606 Vnde
813 567 914 604 dum
944 567 1233 617 importunius
1263 566 1376 617 apud
1405 567 1646 616 principem
1676 578 1753 615 pro

136 638 353 677 diabolica
374 639 576 677 libertate
598 639 759 676 instant
781 638 1011 688 aliquando
1043 637 1275 687 haereticj,
1310 637 1580 687 respondere
1602 637 1637 674 is
1659 636 1757 674 soli-

137 715 205 747 tus
228 709 399 748 dicitur:
424 711 523 748 Non
544 723 722 760 possum
745 709 862 760 quod
885 709 1016 747 vultis
1039 709 1305 755 concedere,
1330 707 1365 746 si
1392 708 1538 746 matris
1562 707 1758 745 charissi-

136 793 233 819 mae
264 781 395 819 velim
428 781 715 819 incolumitati
748 781 1012 819 consultum.
1037 780 1182 831 Atque
1210 781 1291 818 hac
1309 780 1329 804 b
1360 780 1647 830 responsione
1671 792 1757 816 om-

135 853 205 890 nia
239 865 391 891 eorum
423 853 661 903 prudenter
693 852 829 890 eludit
866 852 1127 891 calidissima
1156 855 1428 901 argumenta.
1461 849 1758 889 Cancellarius

361 924 386 970 ¹,
412 930 456 962 et
476 925 546 973 alij
570 924 791 974 praecipui
812 925 853 961 in
875 924 972 962 aula
992 924 1087 970 viri,
1120 935 1173 960 ex
1195 923 1337 961 animo
1366 923 1497 959 rebus
1518 921 1678 959 nostris
1700 920 1758 957 fa-

135 924 338 975 principis

136 1001 256 1033 uent.
296 996 486 1046 Populus
521 995 647 1032 huius
670 994 874 1037 ciuitatis,
912 995 982 1045 qui
1019 1006 1175 1044 magna
1210 1007 1264 1031 ex
1285 999 1407 1044 parte
1441 992 1757 1030 catholicorum

135 1067 276 1105 adhuc
312 1066 471 1104 rituum
493 1072 560 1104 est
583 1066 1010 1108 obseruantissimus,
1034 1064 1241 1116 peculiari
1277 1065 1464 1116 quodam
1499 1077 1580 1102 nos
1610 1075 1758 1101 amore

134 1138 426 1188 prosequitur,
466 1144 510 1175 et
550 1149 851 1188 quaecumque
888 1142 1037 1188 potest
1070 1136 1351 1174 humanitatis
1382 1135 1561 1173 exhibet
1598 1134 1756 1172 officia.

135 1210 233 1247 Non
269 1209 427 1246 desunt
457 1208 629 1246 interim
662 1208 820 1246 aemuli
851 1214 894 1245 et
930 1207 1168 1255 aduersarij
1202 1219 1376 1258 graues,
1408 1206 1485 1243 sed
1503 1206 1614 1243 hanc
1634 1205 1760 1242 nobis

140 1287 304 1319 sortem
329 1294 425 1319 cum
447 1280 573 1318 bonis
596 1280 795 1318 omnibus
817 1285 1071 1330 reputamus
1093 1291 1384 1317 communem.
1409 1277 1523 1315 Nihil
1546 1278 1759 1315 hactenus

135 1358 285 1404 aperte
324 1357 477 1390 contra
502 1365 584 1389 nos
614 1364 637 1388 a
658 1363 877 1402 quoquam
911 1355 1144 1397 tentatum,
1169 1349 1366 1400 quamuis
1401 1361 1487 1387 non
1523 1348 1756 1394 defuerint,

134 1425 206 1475 qui
226 1425 420 1462 famosos
442 1423 495 1461 de
518 1424 644 1461 nobis
668 1435 874 1474 spargere
913 1422 1058 1460 conati
1094 1427 1193 1459 sunt
1223 1422 1513 1459 rumusculos.
1548 1419 1758 1457 Dominus

136 1497 287 1534 Ihesus
308 1496 348 1532 in
372 1508 492 1533 suam
514 1495 697 1545 gloriam
721 1494 879 1541 omnia,
905 1494 973 1532 cui
994 1506 1077 1531 nos
1099 1497 1142 1530 et
1165 1493 1357 1531 infirmos
1376 1497 1561 1530 conatus
1581 1496 1758 1529 nostros

135 1567 443 1605 commendare
481 1566 582 1604 RQ
629 1566 679 1604 T.
718 1578 854 1616 usque
892 1565 1110 1616 digne-tur.
1150 1563 1366 1612 Monachij
1399 1562 1649 1611 6Augustj,
1687 1574 1757 1600 an-

133 1652 189 1676 no
218 1639 330 1687 1560.
356 1639 451 1676 Rae
478 1638 527 1676 T.
551 1638 664 1675 filius
685 1637 727 1675 in
750 1637 942 1684 Christo,

1004 1745 1306 1782 THEODORICUS
1338 1744 1536 1782 CANisms
1570 1747 1596 1779 2.

215 1872 387 1910 Literae
410 1870 753 1922 quadrimestre<
775 1869 1048 1908 monachien.
1074 1869 1133 1907 fis*
1157 1868 1306 1919 Aug.ti

214 1942 320 1982 Alia
342 1955 497 1981 manu.
523 1941 760 1992 Originale.
786 1942 868 1978 Per
890 1942 930 1979 la
950 1941 1175 1991 prouincia
1196 1940 1238 1977 di
1255 1940 1470 1977 Toscana-
1491 1937 1658 1975 Ritorni
1679 1949 1756 1987 per

132 2016 171 2053 la
193 2015 262 2052 uia
285 2014 502 2052 ordinaria
522 2025 546 2051 a
578 2014 724 2050 Roma.

179 2191 197 2208 a
229 2182 341 2218 Zvv.
363 2187 506 2229 praec.
527 2181 759 2228 dzfftcilius
779 2181 864 2227 legi
878 2184 1063 2227 possunt
1081 2180 1130 2217 ob
1150 2180 1351 2216 attritam
1372 2179 1586 2216 chartam.

131 2243 150 2267 b
174 2242 265 2288 Seq.
287 2240 370 2278 del.
392 2241 561 2278 ratione.

182 2413 189 2432 ¹
242 2410 382 2448 Simon
401 2409 565 2447 Eckius.
590 2408 695 2445 Vide
715 2421 751 2455 p.
773 2406 855 2443 442

180 2471 192 2490 ²
244 2468 422 2515 Collegii
441 2474 586 2506 rector.

1892 164 1897 242 —d-
1888 28 1898 121 aa&
