1908 3446
285 239 352 274 344
748 237 1352 281 Ll'l'l‘ERaevEffiQUADR1MESTRES

233 340 452 389 proferam
478 341 741 391 exemplum,
767 353 821 378 ex
843 352 928 390 quo
953 339 1079 376 facile
1101 337 1203 388 quid
1225 337 1394 375 coeteri
1416 335 1660 375 molliantur
1697 338 1847 387 conijci

234 411 385 461 possit.

287 495 323 522 2.
387 483 573 532 Quidam
604 483 775 521 iuuenis
805 482 877 532 qui
907 485 1037 519 antea
1067 473 1211 518 multis
1242 484 1335 517 erat
1367 478 1635 517 secularibus
1665 479 1848 529 negotijs

234 556 479 602 immersus,
504 554 627 592 breui
650 559 850 604 tempore
873 565 958 603 quo
978 550 1091 601 apud
1113 563 1192 588 nos
1214 549 1546 588 familiarissime
1568 557 1586 573 a
1607 549 1711 599 agit,
1735 554 1849 589 tanto

236 633 303 665 est
319 626 555 665 Societatis
573 638 721 664 amore
740 630 906 675 captus,
928 629 972 660 ut
989 635 1075 660 non
1094 620 1224 660 modo
1244 623 1420 659 Patrem
1438 626 1657 658 rectorem
1679 621 1852 661 assiduis

235 699 441 737 sollicitet
476 697 695 748 precibus,
729 696 807 734 sed
843 698 1122 747 protectores
1159 693 1289 731 etiam
1324 692 1451 741 hujus
1488 691 1681 742 collegij,
1712 703 1761 729 ac
1782 705 1852 731 eos
1887 725 1888 732 ,

237 782 388 808 omnes
405 782 515 820 quos
538 768 656 805 Patri
678 768 843 806 rectori
864 765 1098 804 familiares
1122 776 1219 802 esse
1241 768 1380 814 putat3
1403 775 1586 813 quorum
1609 761 1752 800 medio
1775 762 1854 801 eni·
1887 764 1889 785 ²

238 840 413 879 xissime
433 840 475 878 in
496 838 772 878 Societatem
789 850 916 889 quam
938 837 1122 888 primum
1140 832 1309 873 admitti
1326 832 1567 872 contendit.
1586 832 1674 870 Sed
1692 846 1785 871 cum
1801 834 1855 872 ni·
1887 852 1889 862 2

236 912 470 950 hilominus
492 912 533 949 in
555 910 649 949 dies
673 915 842 948 tantum
877 907 1139 947 beneficium
1170 906 1252 944 sibi
1282 905 1448 943 differri
1470 905 1699 955 intelligat,
1724 905 1857 945 ueluti

235 983 393 1023 diuino
412 984 610 1033 quodam
620 982 798 1034 farore
818 982 1072 1032 correptus,
1097 976 1229 1017 modo
1248 976 1569 1028 cogitabundus
1592 976 1663 1014 uix
1681 981 1773 1015 tota
1791 975 1855 1015 die

236 1060 432 1094 nostrum
455 1054 692 1104 collegium
719 1052 960 1104 egreditur,
985 1049 1116 1090 modo
1148 1049 1322 1088 scholas
1352 1047 1456 1095 adit,
1481 1047 1612 1086 modo
1645 1047 1750 1086 mira
1777 1043 1856 1090 ani·
1890 1047 1891 1051 ’

238 1129 294 1166 mi
316 1126 605 1165 submissione
630 1127 805 1164 Patrem
832 1128 1054 1163 rectorem
1076 1122 1286 1169 adoritur,
1309 1119 1441 1159 modo
1464 1120 1518 1158 ad
1549 1132 1596 1158 se
1628 1132 1857 1158 conuersus

238 1201 279 1239 in
301 1199 489 1249 aliquem
511 1209 612 1236 sese
636 1197 842 1248 angulum
867 1194 1075 1241 detrudit,
1100 1193 1173 1232 ubi
1194 1192 1235 1231 in
1256 1192 1451 1243 ingentia
1469 1190 1654 1242 erumpit
1671 1191 1855 1241 suspiria.
1890 1213 1892 1217 ·

292 1281 329 1318 3.
390 1270 487 1308 Fuit
511 1274 554 1308 et
576 1269 684 1307 alius
706 1266 880 1318 quidam
904 1268 939 1314 b,
964 1266 1036 1316 qui
1056 1265 1163 1304 inito
1187 1277 1284 1303 cum
1306 1262 1477 1301 duobus
1499 1262 1744 1313 esuscsociis
1766 1274 1857 1303 eon-

240 1343 351 1389 silio‚
376 1347 463 1380 tam
485 1352 645 1392 magno
668 1339 911 1390 relligionis
932 1338 1090 1377 ardore
1112 1337 1339 1388 flagrabat,
1365 1341 1410 1373 ut
1431 1335 1574 1373 nullae
1595 1334 1723 1383 hujus
1744 1345 1857 1372 secu-

240 1415 269 1453 li
290 1414 527 1452 illecebrae
550 1425 649 1451 eum
672 1411 881 1453 remorari
903 1410 1143 1461 potuerint,
1166 1409 1397 1459 quominus
1432 1405 1586 1445 relicto
1615 1405 1778 1452 seculo,
1809 1417 1860 1446 ‚ac

241 1485 493 1537 parentibus
515 1484 756 1534 amicisque
780 1482 983 1520 omnibus
1004 1480 1236 1532 neglectis,
1260 1480 1356 1517 Deo
1380 1490 1427 1516 se
1449 1481 1664 1528 perpetuo
1687 1475 1857 1515 dicaret.

242 1559 332 1596 lmo
355 1556 483 1596 illius
504 1563 521 1582 c
542 1555 675 1606 patris
708 1553 934 1600 industria,
970 1551 1187 1590 subrectis
1208 1550 1267 1589 illi
1297 1562 1374 1600 per
1404 1554 1581 1588 noctem
1614 1547 1785 1594 calceis,
1819 1551 1860 1588 ut

241 1629 327 1667 hoc
356 1627 488 1667 modo
510 1626 636 1665 nudis
657 1624 845 1676 pedibus
865 1636 943 1675 per
970 1624 1123 1661 urbem
1144 1620 1354 1660 incedere
1378 1620 1659 1667 erubescens,
1684 1618 1798 1657 domi
1817 1630 1860 1657 se

238 1702 412 1751 pudore
429 1698 668 1750 perculsus
689 1696 956 1743 contineret;
980 1699 1102 1732 tanto
1135 1693 1287 1744 spiritu
1310 1692 1484 1731 Domini
1506 1704 1559 1729 eo
1592 1690 1662 1729 die
1686 1689 1852 1737 exarsit,

244 1776 289 1809 ut
319 1770 438 1808 misis
469 1769 645 1815 calceis,
680 1771 948 1818 exporrecto
979 1765 1140 1812 fronte,
1173 1762 1386 1814 hilarique
1417 1762 1539 1800 uultu
1572 1760 1624 1800 ad
1656 1764 1862 1803 monaste-

245 1842 354 1881 rium
384 1842 428 1880 S.
467 1839 699 1886 Dominici‚
724 1837 850 1876 nudis
889 1837 1019 1876 etiam
1049 1835 1235 1887 pedibus
1267 1834 1512 1881 aduolaret3
1549 1833 1619 1871 ubi
1651 1831 1704 1872 ad
1734 1831 1862 1871 Patris
1895 1884 1896 1887 Ἴ

242 1914 398 1965 prioris
419 1912 557 1964 pedes
580 1910 841 1963 prouolutus
872 1914 1040 1947 tantum
1070 1906 1304 1957 lachrymis
1334 1911 1379 1944 et
1399 1905 1604 1957 precibus
1636 1903 1796 1951 effecit,
1818 1908 1860 1942 ut

246 1998 300 2024 eo
322 1983 394 2024 die
416 1983 510 2022 uoti
532 1994 716 2032 compos
739 1981 881 2019 factus
903 1979 1048 2018 fuerit.

297 2067 336 2105 4.
396 2054 479 2104 Alij
503 2054 589 2092 duo
621 2051 936 2091 adolescentes
967 2062 1021 2088 ex
1054 2049 1209 2088 eadem
1240 2049 1457 2087 societate
1489 2046 1736 2096 eodemque
1756 2044 1864 2083 ducti
1896 2085 1898 2094 y

246 2125 444 2172 consilio,
482 2124 631 2173 inscijs
667 2135 822 2161 eorum
857 2122 1063 2173 patribus,
1100 2120 1121 2146 ‘1
1154 2122 1329 2159 Fratres
1364 2119 1571 2165 minores,
1596 2129 1705 2168 quos
1739 2115 1861 2167 uulgo
1895 2136 1898 2143 ‹

247 2197 494 2250 Capucinos
524 2200 701 2242 uocant,
735 2193 903 2242 adiere;
927 2207 1111 2244 quorum
1142 2193 1252 2231 alter
1282 2192 1429 2239 finem,
1462 2189 1584 2229 cuius
1615 2188 1753 2240 gratia
1784 2187 1864 2226 iue-

248 2275 357 2317 rant,
381 2273 642 2320 assequutus
664 2269 761 2316 fuit3
786 2267 896 2306 alter
927 2278 1035 2304 uero
1058 2265 1131 2304 diu
1160 2263 1413 2316 parentibus
1444 2264 1700 2310 reluctatus,
1723 2260 1792 2312 qui
1822 2271 1864 2297 re

250 2341 440 2392 cognita,
476 2339 530 2379 ad
561 2340 828 2379 coenobium
852 2350 979 2388 quam
1011 2336 1220 2376 citissime
1252 2338 1552 2382 cucurrerunt,
1576 2333 1680 2372 illud
1701 2331 1863 2371 tandem
1896 2324 1899 2338 ⁴

248 2425 272 2450 a
294 2412 397 2450 uiris
419 2411 502 2450 illis
537 2410 757 2463 religiosis
797 2421 982 2448 exorare
1016 2408 1174 2459 potuit,
1212 2410 1257 2445 ut
1293 2407 1497 2457 quoniam
1533 2418 1586 2444 eo
1623 2415 1770 2443 mense
1802 2401 1866 2440 uel
1897 2395 1899 2440 J

251 2482 425 2522 duobus
446 2483 596 2522 forsan
619 2482 908 2533 sequentibus
930 2480 1163 2520 admittere
1184 2477 1427 2525 nollebant,
1451 2477 1494 2515 id
1516 2475 1738 2528 temporis,
1760 2473 1866 2526 qui0÷

248 2553 351 2605 quid
380 2559 514 2601 esset,
547 2552 663 2604 apud
682 2557 892 2604 parentes
916 2564 969 2589 ex
1008 2550 1260 2590 obedientia
1295 2549 1449 2587 saltem
1482 2548 1758 2599 transigeret.
1781 2544 1866 2582 Hac
1900 2567 1901 2570 =

249 2626 381 2678 igitur
402 2625 504 2677 lege
526 2625 703 2663 domum
720 2636 942 2670 reuersus,
967 2621 1082 2674 apud
1102 2626 1251 2673 patres
1273 2631 1461 2671 corpore
1479 2615 1776 2675 quidemgagit,
1796 2612 1867 2670 sed
1897 2628 1900 2656 f

252 2696 424 2748 spiritus
441 2685 561 2735 totus
583 2701 768 2746 quantus
791 2699 977 2746 quantus
996 2698 1077 2741 est,
1096 2693 1228 2731 rebus
1246 2696 1373 2730 uacat
1395 2688 1670 2741 spiritalibus,
1689 2692 1734 2726 ut
1750 2684 1867 2725 facile
1898 2687 1901 2711 ·'

253 2772 319 2807 est
337 2767 489 2806 uidere
521 2780 575 2806 ex
607 2766 698 2805 eius
731 2765 897 2805 crebris
929 2764 1297 2811 confessionibus3
1328 2761 1542 2814 siquidem
1574 2766 1617 2799 et
1651 2755 1867 2799 dominicis

252 2838 464 2891 festisque
486 2838 686 2877 omnibus
707 2837 877 2885 diebus,
901 2849 952 2876 ac
972 2836 1014 2875 in
1032 2836 1343 2875 hebdomadae
1375 2843 1697 2884 nonnumquam
1717 2825 1865 2868 nostris
1899 2849 1901 2868 ἢ

256 3026 266 3038 .,
299 2986 594 3025 afamiliarius.
668 2986 729 3011 ——b
759 2985 850 3033 Seq.
884 2983 966 3021 del.
999 2985 1067 3032 qui
1099 2983 1208 3021 inito.
1281 2989 1343 3007 —0
1375 2980 1524 3020 suh—‘¹
1559 2979 1650 3027 Seq.
1683 2976 1764 3017 del.
1794 2973 1856 3012 asd-

255 3055 320 3077 -θ
346 3045 545 3099 profestiS.
