<?xml version="1.0" encoding="UTF-8"?>
<!DOCTYPE html PUBLIC "-//W3C//DTD XHTML 1.0 Transitional//EN"
    "http://www.w3.org/TR/xhtml1/DTD/xhtml1-transitional.dtd">
<html xmlns="http://www.w3.org/1999/xhtml" xml:lang="en" lang="en">
 <head>
  <title>
</title>
<meta http-equiv="Content-Type" content="text/html;charset=utf-8" />
  <meta name='ocr-system' content='tesseract 3.04.00' />
  <meta name='ocr-capabilities' content='ocr_page ocr_carea ocr_par ocr_line ocrx_word'/>
</head>
<body>
  <div class='ocr_page' id='page_1' title='image "./litteraequadrime1806lain_0667.png"; bbox 0 0 1908 3446; ppageno 0'>
   <div class='ocr_carea' id='block_1_1' title="bbox 579 158 1681 205">
    <p class='ocr_par' dir='ltr' id='par_1_1' title="bbox 579 158 1681 205">
     <span class='ocr_line' id='line_1_1' title="bbox 579 158 1681 205; baseline 0.001 -10"><span class='ocrx_word' id='word_1_1' title='bbox 579 158 921 196; x_wconf 46' lang='lat' dir='ltr'><strong>377.wLAmzmr0</strong></span> <span class='ocrx_word' id='word_1_2' title='bbox 951 159 993 195; x_wconf 85' lang='lat'><strong>12</strong></span> <span class='ocrx_word' id='word_1_3' title='bbox 1020 158 1127 205; x_wconf 64' lang='lat' dir='ltr'>MAJ1</span> <span class='ocrx_word' id='word_1_4' title='bbox 1157 160 1247 196; x_wconf 83' lang='lat'>1560</span> <span class='ocrx_word' id='word_1_5' title='bbox 1612 159 1681 197; x_wconf 70' lang='lat'><strong>647</strong></span> 
     </span>
    </p>
   </div>
   <div class='ocr_carea' id='block_1_2' title="bbox 95 260 1729 1740">
    <p class='ocr_par' dir='ltr' id='par_1_2' title="bbox 95 260 1729 1740">
     <span class='ocr_line' id='line_1_2' title="bbox 99 260 1726 312; baseline 0.001 -14"><span class='ocrx_word' id='word_1_6' title='bbox 99 262 345 312; x_wconf 86' lang='lat' dir='ltr'><strong>turpissima</strong></span> <span class='ocrx_word' id='word_1_7' title='bbox 371 261 512 299; x_wconf 86' lang='lat' dir='ltr'><strong>fuerat</strong></span> <span class='ocrx_word' id='word_1_8' title='bbox 537 261 591 298; x_wconf 94' lang='lat' dir='ltr'><strong>ob</strong></span> <span class='ocrx_word' id='word_1_9' title='bbox 614 260 742 311; x_wconf 85' lang='lat' dir='ltr'><strong>idque</strong></span> <span class='ocrx_word' id='word_1_10' title='bbox 765 274 842 311; x_wconf 90' lang='lat' dir='ltr'><strong>per</strong></span> <span class='ocrx_word' id='word_1_11' title='bbox 864 262 1024 299; x_wconf 90' lang='lat' dir='ltr'><strong>multos</strong></span> <span class='ocrx_word' id='word_1_12' title='bbox 1045 273 1180 299; x_wconf 85' lang='lat' dir='ltr'><strong>annos</strong></span> <span class='ocrx_word' id='word_1_13' title='bbox 1204 261 1526 299; x_wconf 71' lang='lat' dir='ltr'><strong>confessionem</strong></span> <span class='ocrx_word' id='word_1_14' title='bbox 1549 261 1726 299; x_wconf 89' lang='lat' dir='ltr'><strong>distule-</strong></span> 
     </span>
     <span class='ocr_line' id='line_1_3' title="bbox 99 331 1723 383; baseline 0 -14"><span class='ocrx_word' id='word_1_15' title='bbox 99 334 181 382; x_wconf 91' lang='lat' dir='ltr'><strong>rat)</strong></span> <span class='ocrx_word' id='word_1_16' title='bbox 203 332 443 370; x_wconf 75' lang='lat' dir='ltr'><strong>sceleribus</strong></span> <span class='ocrx_word' id='word_1_17' title='bbox 464 344 510 369; x_wconf 88' lang='lat' dir='ltr'><strong>se</strong></span> <span class='ocrx_word' id='word_1_18' title='bbox 533 332 689 369; x_wconf 85' lang='lat' dir='ltr'><strong>iterum</strong></span> <span class='ocrx_word' id='word_1_19' title='bbox 713 338 914 383; x_wconf 87' lang='lat' dir='ltr'><strong>tanquam</strong></span> <span class='ocrx_word' id='word_1_20' title='bbox 937 346 1008 370; x_wconf 87' lang='lat' dir='ltr'><strong>sus</strong></span> <span class='ocrx_word' id='word_1_21' title='bbox 1031 333 1071 369; x_wconf 87' lang='lat' dir='ltr'><strong>in</strong></span> <span class='ocrx_word' id='word_1_22' title='bbox 1096 333 1327 370; x_wconf 88' lang='lat' dir='ltr'><strong>volutabro</strong></span> <span class='ocrx_word' id='word_1_23' title='bbox 1352 332 1426 369; x_wconf 89' lang='lat' dir='ltr'><strong>luti</strong></span> <span class='ocrx_word' id='word_1_24' title='bbox 1450 331 1723 379; x_wconf 61' lang='lat' dir='ltr'><strong>inuoluissct,</strong></span> 
     </span>
     <span class='ocr_line' id='line_1_4' title="bbox 100 403 1723 454; baseline 0 -13"><span class='ocrx_word' id='word_1_25' title='bbox 100 416 206 443; x_wconf 90' lang='lat' dir='ltr'><strong>ecce</strong></span> <span class='ocrx_word' id='word_1_26' title='bbox 228 417 343 442; x_wconf 86' lang='lat' dir='ltr'><strong>nouo</strong></span> <span class='ocrx_word' id='word_1_27' title='bbox 368 410 411 441; x_wconf 89' lang='lat' dir='ltr'><strong>et</strong></span> <span class='ocrx_word' id='word_1_28' title='bbox 440 403 645 454; x_wconf 78' lang='lat' dir='ltr'>singulari</span> <span class='ocrx_word' id='word_1_29' title='bbox 677 406 757 442; x_wconf 90' lang='lat' dir='ltr'><strong>Dei</strong></span> <span class='ocrx_word' id='word_1_30' title='bbox 789 417 967 443; x_wconf 86' lang='lat' dir='ltr'><strong>munere</strong></span> <span class='ocrx_word' id='word_1_31' title='bbox 998 404 1101 442; x_wconf 90' lang='lat' dir='ltr'><strong>illud</strong></span> <span class='ocrx_word' id='word_1_32' title='bbox 1132 405 1173 441; x_wconf 88' lang='lat' dir='ltr'><strong>in</strong></span> <span class='ocrx_word' id='word_1_33' title='bbox 1205 404 1339 442; x_wconf 88' lang='lat' dir='ltr'><strong>corde</strong></span> <span class='ocrx_word' id='word_1_34' title='bbox 1372 416 1448 441; x_wconf 85' lang='lat' dir='ltr'><strong>suo</strong></span> <span class='ocrx_word' id='word_1_35' title='bbox 1481 404 1615 441; x_wconf 86' lang='lat' dir='ltr'><strong>audit:</strong></span> <span class='ocrx_word' id='word_1_36' title='bbox 1651 405 1723 451; x_wconf 77' lang='lat' dir='ltr'><strong>tili,</strong></span> 
     </span>
     <span class='ocr_line' id='line_1_5' title="bbox 100 474 1726 526; baseline -0.001 -13"><span class='ocrx_word' id='word_1_37' title='bbox 100 477 332 513; x_wconf 78' lang='lat' dir='ltr'>Lauretum</span> <span class='ocrx_word' id='word_1_38' title='bbox 358 487 510 526; x_wconf 92' lang='lat' dir='ltr'><strong>perge,</strong></span> <span class='ocrx_word' id='word_1_39' title='bbox 545 480 587 513; x_wconf 89' lang='lat' dir='ltr'><strong>et</strong></span> <span class='ocrx_word' id='word_1_40' title='bbox 610 475 726 525; x_wconf 84' lang='lat' dir='ltr'><strong>quod</strong></span> <span class='ocrx_word' id='word_1_41' title='bbox 749 476 911 514; x_wconf 88' lang='lat' dir='ltr'><strong>vouisti</strong></span> <span class='ocrx_word' id='word_1_42' title='bbox 934 476 1028 513; x_wconf 92' lang='lat' dir='ltr'><strong>Deo</strong></span> <span class='ocrx_word' id='word_1_43' title='bbox 1059 488 1113 513; x_wconf 90' lang='lat' dir='ltr'><strong>ne</strong></span> <span class='ocrx_word' id='word_1_44' title='bbox 1138 475 1320 512; x_wconf 89' lang='lat' dir='ltr'><strong>moreris</strong></span> <span class='ocrx_word' id='word_1_45' title='bbox 1352 474 1555 512; x_wconf 77' lang='lat' dir='ltr'><strong>reddere.</strong></span> <span class='ocrx_word' id='word_1_46' title='bbox 1583 475 1726 512; x_wconf 69' lang='lat' dir='ltr'><strong>Adim-</strong></span> 
     </span>
     <span class='ocr_line' id='line_1_6' title="bbox 97 546 1727 597; baseline -0.001 -13"><span class='ocrx_word' id='word_1_47' title='bbox 97 547 201 597; x_wconf 89' lang='lat' dir='ltr'><strong>plet,</strong></span> <span class='ocrx_word' id='word_1_48' title='bbox 226 547 421 597; x_wconf 78' lang='lat' dir='ltr'><strong>quamuis</strong></span> <span class='ocrx_word' id='word_1_49' title='bbox 455 551 679 596; x_wconf 88' lang='lat' dir='ltr'><strong>peccator,</strong></span> <span class='ocrx_word' id='word_1_50' title='bbox 714 548 795 584; x_wconf 87' lang='lat' dir='ltr'><strong>Dei</strong></span> <span class='ocrx_word' id='word_1_51' title='bbox 826 548 1002 585; x_wconf 86' lang='lat' dir='ltr'><strong>iussum.</strong></span> <span class='ocrx_word' id='word_1_52' title='bbox 1027 546 1115 584; x_wconf 88' lang='lat' dir='ltr'><strong>Sed</strong></span> <span class='ocrx_word' id='word_1_53' title='bbox 1148 559 1277 583; x_wconf 89' lang='lat' dir='ltr'><strong>vnum</strong></span> <span class='ocrx_word' id='word_1_54' title='bbox 1301 552 1393 583; x_wconf 87' lang='lat' dir='ltr'><strong>erat</strong></span> <span class='ocrx_word' id='word_1_55' title='bbox 1430 546 1545 595; x_wconf 80' lang='lat' dir='ltr'><strong>quod</strong></span> <span class='ocrx_word' id='word_1_56' title='bbox 1584 547 1727 595; x_wconf 84' lang='lat' dir='ltr'><strong>operis</strong></span> 
     </span>
     <span class='ocr_line' id='line_1_7' title="bbox 98 617 1727 668; baseline 0 -13"><span class='ocrx_word' id='word_1_57' title='bbox 98 618 299 656; x_wconf 89' lang='lat' dir='ltr'><strong>meritum</strong></span> <span class='ocrx_word' id='word_1_58' title='bbox 332 618 506 656; x_wconf 91' lang='lat' dir='ltr'><strong>omnino</strong></span> <span class='ocrx_word' id='word_1_59' title='bbox 540 618 822 668; x_wconf 81' lang='lat' dir='ltr'><strong>impediebat,</strong></span> <span class='ocrx_word' id='word_1_60' title='bbox 858 619 1092 657; x_wconf 82' lang='lat' dir='ltr'><strong>obstinatio</strong></span> <span class='ocrx_word' id='word_1_61' title='bbox 1126 618 1294 656; x_wconf 85' lang='lat' dir='ltr'><strong>scilicet</strong></span> <span class='ocrx_word' id='word_1_62' title='bbox 1325 617 1366 654; x_wconf 88' lang='lat' dir='ltr'><strong>iu</strong></span> <span class='ocrx_word' id='word_1_63' title='bbox 1397 618 1605 667; x_wconf 88' lang='lat' dir='ltr'><strong>peccatis.</strong></span> <span class='ocrx_word' id='word_1_64' title='bbox 1640 618 1727 655; x_wconf 63' lang='lat' dir='ltr'><strong>Sed</strong></span> 
     </span>
     <span class='ocr_line' id='line_1_8' title="bbox 99 688 1725 738; baseline -0.001 -12"><span class='ocrx_word' id='word_1_65' title='bbox 99 694 141 726; x_wconf 89' lang='lat' dir='ltr'><strong>et</strong></span> <span class='ocrx_word' id='word_1_66' title='bbox 176 689 286 726; x_wconf 88' lang='lat' dir='ltr'><strong>hanc</strong></span> <span class='ocrx_word' id='word_1_67' title='bbox 316 689 500 726; x_wconf 87' lang='lat' dir='ltr'><strong>mirabili</strong></span> <span class='ocrx_word' id='word_1_68' title='bbox 520 690 685 738; x_wconf 89' lang='lat' dir='ltr'><strong>pietate</strong></span> <span class='ocrx_word' id='word_1_69' title='bbox 710 688 749 726; x_wconf 89' lang='lat' dir='ltr'><strong>ei</strong></span> <span class='ocrx_word' id='word_1_70' title='bbox 779 689 956 727; x_wconf 84' lang='lat' dir='ltr'><strong>abstulit</strong></span> <span class='ocrx_word' id='word_1_71' title='bbox 988 691 1121 735; x_wconf 89' lang='lat' dir='ltr'><strong>Deus,</strong></span> <span class='ocrx_word' id='word_1_72' title='bbox 1155 688 1335 731; x_wconf 80' lang='lat' dir='ltr'><strong>meritis,</strong></span> <span class='ocrx_word' id='word_1_73' title='bbox 1360 693 1407 725; x_wconf 82' lang='lat' dir='ltr'><strong>vt</strong></span> <span class='ocrx_word' id='word_1_74' title='bbox 1443 688 1625 725; x_wconf 84' lang='lat' dir='ltr'><strong>credere</strong></span> <span class='ocrx_word' id='word_1_75' title='bbox 1662 688 1725 725; x_wconf 73' lang='lat' dir='ltr'><strong>fas</strong></span> 
     </span>
     <span class='ocr_line' id='line_1_9' title="bbox 99 759 1726 811; baseline -0.001 -13"><span class='ocrx_word' id='word_1_76' title='bbox 99 765 179 807; x_wconf 84' lang='lat' dir='ltr'><strong>est,</strong></span> <span class='ocrx_word' id='word_1_77' title='bbox 206 766 249 798; x_wconf 90' lang='lat' dir='ltr'><strong>et</strong></span> <span class='ocrx_word' id='word_1_78' title='bbox 270 760 473 811; x_wconf 81' lang='lat' dir='ltr'><strong>precibus</strong></span> <span class='ocrx_word' id='word_1_79' title='bbox 495 760 791 810; x_wconf 62' lang='lat' dir='ltr'><strong>pientissimae</strong></span> <span class='ocrx_word' id='word_1_80' title='bbox 815 761 977 799; x_wconf 82' lang='lat' dir='ltr'><strong>Matris,</strong></span> <span class='ocrx_word' id='word_1_81' title='bbox 1003 760 1111 797; x_wconf 89' lang='lat' dir='ltr'><strong>Nam</strong></span> <span class='ocrx_word' id='word_1_82' title='bbox 1133 759 1259 797; x_wconf 82' lang='lat' dir='ltr'><strong>nouis</strong></span> <span class='ocrx_word' id='word_1_83' title='bbox 1282 759 1644 796; x_wconf 72' lang='lat' dir='ltr'>illustrationibus</span> <span class='ocrx_word' id='word_1_84' title='bbox 1673 759 1726 796; x_wconf 90' lang='lat' dir='ltr'><strong>de</strong></span> 
     </span>
     <span class='ocr_line' id='line_1_10' title="bbox 96 830 1727 881; baseline -0.001 -13"><span class='ocrx_word' id='word_1_85' title='bbox 96 831 213 869; x_wconf 87' lang='lat' dir='ltr'><strong>vitae</strong></span> <span class='ocrx_word' id='word_1_86' title='bbox 238 831 546 869; x_wconf 80' lang='lat' dir='ltr'><strong>emendatione</strong></span> <span class='ocrx_word' id='word_1_87' title='bbox 570 844 593 869; x_wconf 87' lang='lat' dir='ltr'><strong>a</strong></span> <span class='ocrx_word' id='word_1_88' title='bbox 618 831 802 870; x_wconf 85' lang='lat' dir='ltr'><strong>Domino</strong></span> <span class='ocrx_word' id='word_1_89' title='bbox 826 832 1041 878; x_wconf 79' lang='lat' dir='ltr'><strong>visitatur3</strong></span> <span class='ocrx_word' id='word_1_90' title='bbox 1064 832 1156 881; x_wconf 82' lang='lat' dir='ltr'><strong>ipse</strong></span> <span class='ocrx_word' id='word_1_91' title='bbox 1181 843 1287 868; x_wconf 90' lang='lat' dir='ltr'><strong>vero</strong></span> <span class='ocrx_word' id='word_1_92' title='bbox 1311 835 1513 880; x_wconf 86' lang='lat' dir='ltr'><strong>tanquam</strong></span> <span class='ocrx_word' id='word_1_93' title='bbox 1552 830 1727 868; x_wconf 80' lang='lat' dir='ltr'><strong>rebellis</strong></span> 
     </span>
     <span class='ocr_line' id='line_1_11' title="bbox 98 901 1728 953; baseline -0.001 -13"><span class='ocrx_word' id='word_1_94' title='bbox 98 903 226 942; x_wconf 86' lang='lat' dir='ltr'><strong>surda</strong></span> <span class='ocrx_word' id='word_1_95' title='bbox 247 915 352 941; x_wconf 89' lang='lat' dir='ltr'><strong>aure</strong></span> <span class='ocrx_word' id='word_1_96' title='bbox 389 904 532 941; x_wconf 84' lang='lat' dir='ltr'><strong>omnia</strong></span> <span class='ocrx_word' id='word_1_97' title='bbox 565 904 810 953; x_wconf 87' lang='lat' dir='ltr'><strong>preteriens</strong></span> <span class='ocrx_word' id='word_1_98' title='bbox 841 904 926 941; x_wconf 90' lang='lat' dir='ltr'><strong>hoc</strong></span> <span class='ocrx_word' id='word_1_99' title='bbox 963 901 1121 953; x_wconf 90' lang='lat' dir='ltr'><strong>oppido</strong></span> <span class='ocrx_word' id='word_1_100' title='bbox 1159 902 1379 940; x_wconf 80' lang='lat' dir='ltr'><strong>excedere</strong></span> <span class='ocrx_word' id='word_1_101' title='bbox 1411 901 1647 946; x_wconf 71' lang='lat' dir='ltr'><strong>nitebatur,</strong></span> <span class='ocrx_word' id='word_1_102' title='bbox 1685 907 1728 940; x_wconf 86' lang='lat' dir='ltr'><strong>et</strong></span> 
     </span>
     <span class='ocr_line' id='line_1_12' title="bbox 96 974 1727 1026; baseline -0.001 -13"><span class='ocrx_word' id='word_1_103' title='bbox 96 988 242 1013; x_wconf 81' lang='lat' dir='ltr'><strong>rursus</strong></span> <span class='ocrx_word' id='word_1_104' title='bbox 278 988 301 1013; x_wconf 87' lang='lat' dir='ltr'><strong>a</strong></span> <span class='ocrx_word' id='word_1_105' title='bbox 336 975 488 1025; x_wconf 87' lang='lat' dir='ltr'><strong>spiritu</strong></span> <span class='ocrx_word' id='word_1_106' title='bbox 520 976 599 1013; x_wconf 88' lang='lat' dir='ltr'><strong>Dei</strong></span> <span class='ocrx_word' id='word_1_107' title='bbox 634 975 675 1012; x_wconf 90' lang='lat' dir='ltr'><strong>in</strong></span> <span class='ocrx_word' id='word_1_108' title='bbox 697 977 907 1026; x_wconf 89' lang='lat' dir='ltr'><strong>templum</strong></span> <span class='ocrx_word' id='word_1_109' title='bbox 941 974 1168 1025; x_wconf 76' lang='lat' dir='ltr'><strong>agebatur,</strong></span> <span class='ocrx_word' id='word_1_110' title='bbox 1206 974 1247 1011; x_wconf 90' lang='lat' dir='ltr'><strong>in</strong></span> <span class='ocrx_word' id='word_1_111' title='bbox 1283 985 1367 1023; x_wconf 90' lang='lat' dir='ltr'><strong>quo</strong></span> <span class='ocrx_word' id='word_1_112' title='bbox 1404 985 1487 1011; x_wconf 91' lang='lat' dir='ltr'><strong>nec</strong></span> <span class='ocrx_word' id='word_1_113' title='bbox 1509 974 1727 1011; x_wconf 73' lang='lat' dir='ltr'><strong>consessa·</strong></span> 
     </span>
     <span class='ocr_line' id='line_1_13' title="bbox 96 1044 1724 1097; baseline -0.001 -13"><span class='ocrx_word' id='word_1_114' title='bbox 96 1046 256 1085; x_wconf 89' lang='lat' dir='ltr'><strong>riorum</strong></span> <span class='ocrx_word' id='word_1_115' title='bbox 291 1052 517 1097; x_wconf 88' lang='lat' dir='ltr'><strong>aspectum</strong></span> <span class='ocrx_word' id='word_1_116' title='bbox 547 1059 691 1097; x_wconf 84' lang='lat' dir='ltr'><strong>neque</strong></span> <span class='ocrx_word' id='word_1_117' title='bbox 715 1045 1011 1085; x_wconf 87' lang='lat' dir='ltr'><strong>conscientiae</strong></span> <span class='ocrx_word' id='word_1_118' title='bbox 1035 1058 1138 1083; x_wconf 91' lang='lat' dir='ltr'><strong>suae</strong></span> <span class='ocrx_word' id='word_1_119' title='bbox 1162 1044 1381 1082; x_wconf 82' lang='lat' dir='ltr'><strong>stimulum</strong></span> <span class='ocrx_word' id='word_1_120' title='bbox 1402 1048 1576 1094; x_wconf 88' lang='lat' dir='ltr'><strong>poterat</strong></span> <span class='ocrx_word' id='word_1_121' title='bbox 1600 1044 1724 1082; x_wconf 82' lang='lat' dir='ltr'><strong>susti-</strong></span> 
     </span>
     <span class='ocr_line' id='line_1_14' title="bbox 95 1116 1728 1168; baseline -0.001 -12"><span class='ocrx_word' id='word_1_122' title='bbox 95 1130 216 1164; x_wconf 90' lang='lat' dir='ltr'><strong>nere,</strong></span> <span class='ocrx_word' id='word_1_123' title='bbox 237 1119 315 1157; x_wconf 90' lang='lat' dir='ltr'><strong>sed</strong></span> <span class='ocrx_word' id='word_1_124' title='bbox 336 1124 555 1168; x_wconf 81' lang='lat' dir='ltr'><strong>tamquam</strong></span> <span class='ocrx_word' id='word_1_125' title='bbox 577 1131 726 1156; x_wconf 88' lang='lat' dir='ltr'><strong>amens</strong></span> <span class='ocrx_word' id='word_1_126' title='bbox 747 1118 898 1167; x_wconf 91' lang='lat' dir='ltr'><strong>templi</strong></span> <span class='ocrx_word' id='word_1_127' title='bbox 920 1122 1181 1155; x_wconf 78' lang='lat' dir='ltr'><strong>structuram</strong></span> <span class='ocrx_word' id='word_1_128' title='bbox 1213 1122 1256 1153; x_wconf 93' lang='lat' dir='ltr'><strong>et</strong></span> <span class='ocrx_word' id='word_1_129' title='bbox 1287 1116 1470 1153; x_wconf 86' lang='lat' dir='ltr'><strong>tabellas</strong></span> <span class='ocrx_word' id='word_1_130' title='bbox 1501 1117 1728 1154; x_wconf 88' lang='lat' dir='ltr'><strong>miraculo-</strong></span> 
     </span>
     <span class='ocr_line' id='line_1_15' title="bbox 96 1186 1727 1238; baseline -0.001 -11"><span class='ocrx_word' id='word_1_131' title='bbox 96 1202 188 1227; x_wconf 89' lang='lat' dir='ltr'><strong>rum</strong></span> <span class='ocrx_word' id='word_1_132' title='bbox 223 1189 490 1232; x_wconf 69' lang='lat' dir='ltr'><strong>intuebatur:</strong></span> <span class='ocrx_word' id='word_1_133' title='bbox 529 1193 586 1235; x_wconf 86' lang='lat' dir='ltr'><strong>et,</strong></span> <span class='ocrx_word' id='word_1_134' title='bbox 625 1189 740 1238; x_wconf 87' lang='lat' dir='ltr'><strong>quod</strong></span> <span class='ocrx_word' id='word_1_135' title='bbox 762 1188 956 1227; x_wconf 88' lang='lat' dir='ltr'><strong>mirabile</strong></span> <span class='ocrx_word' id='word_1_136' title='bbox 979 1188 1097 1226; x_wconf 91' lang='lat' dir='ltr'><strong>dictu</strong></span> <span class='ocrx_word' id='word_1_137' title='bbox 1120 1192 1201 1234; x_wconf 89' lang='lat' dir='ltr'><strong>est,</strong></span> <span class='ocrx_word' id='word_1_138' title='bbox 1228 1186 1369 1225; x_wconf 82' lang='lat' dir='ltr'><strong>victus</strong></span> <span class='ocrx_word' id='word_1_139' title='bbox 1392 1187 1623 1237; x_wconf 80' lang='lat' dir='ltr'><strong>aliquoties</strong></span> <span class='ocrx_word' id='word_1_140' title='bbox 1653 1187 1727 1225; x_wconf 89' lang='lat' dir='ltr'><strong>im-</strong></span> 
     </span>
     <span class='ocr_line' id='line_1_16' title="bbox 95 1257 1728 1311; baseline -0.001 -13"><span class='ocrx_word' id='word_1_141' title='bbox 95 1261 305 1310; x_wconf 85' lang='lat' dir='ltr'><strong>patientia</strong></span> <span class='ocrx_word' id='word_1_142' title='bbox 323 1265 365 1298; x_wconf 93' lang='lat' dir='ltr'><strong>et</strong></span> <span class='ocrx_word' id='word_1_143' title='bbox 387 1261 532 1311; x_wconf 86' lang='lat' dir='ltr'><strong>grauis</strong></span> <span class='ocrx_word' id='word_1_144' title='bbox 553 1261 809 1298; x_wconf 82' lang='lat' dir='ltr'><strong>tentationis</strong></span> <span class='ocrx_word' id='word_1_145' title='bbox 831 1260 996 1310; x_wconf 89' lang='lat' dir='ltr'><strong>impetu</strong></span> <span class='ocrx_word' id='word_1_146' title='bbox 1019 1271 1072 1297; x_wconf 82' lang='lat' dir='ltr'><strong>ex</strong></span> <span class='ocrx_word' id='word_1_147' title='bbox 1105 1259 1268 1308; x_wconf 87' lang='lat' dir='ltr'><strong>templo</strong></span> <span class='ocrx_word' id='word_1_148' title='bbox 1302 1257 1531 1296; x_wconf 80' lang='lat' dir='ltr'><strong>discedere</strong></span> <span class='ocrx_word' id='word_1_149' title='bbox 1563 1258 1728 1297; x_wconf 90' lang='lat' dir='ltr'><strong>niteba-</strong></span> 
     </span>
     <span class='ocr_line' id='line_1_17' title="bbox 95 1330 1727 1382; baseline 0 -13"><span class='ocrx_word' id='word_1_150' title='bbox 95 1337 179 1379; x_wconf 91' lang='lat' dir='ltr'><strong>tur,</strong></span> <span class='ocrx_word' id='word_1_151' title='bbox 205 1338 249 1370; x_wconf 89' lang='lat' dir='ltr'><strong>et</strong></span> <span class='ocrx_word' id='word_1_152' title='bbox 265 1332 484 1370; x_wconf 88' lang='lat' dir='ltr'><strong>interdum</strong></span> <span class='ocrx_word' id='word_1_153' title='bbox 502 1332 575 1370; x_wconf 88' lang='lat' dir='ltr'><strong>vbi</strong></span> <span class='ocrx_word' id='word_1_154' title='bbox 593 1337 742 1370; x_wconf 84' lang='lat' dir='ltr'><strong>essent</strong></span> <span class='ocrx_word' id='word_1_155' title='bbox 764 1332 883 1370; x_wconf 78' lang='lat' dir='ltr'><strong>fores</strong></span> <span class='ocrx_word' id='word_1_156' title='bbox 904 1331 1054 1382; x_wconf 87' lang='lat' dir='ltr'><strong>templi</strong></span> <span class='ocrx_word' id='word_1_157' title='bbox 1076 1344 1163 1368; x_wconf 88' lang='lat' dir='ltr'><strong>non</strong></span> <span class='ocrx_word' id='word_1_158' title='bbox 1181 1330 1559 1380; x_wconf 73' lang='lat' dir='ltr'><strong>deprehendebat3</strong></span> <span class='ocrx_word' id='word_1_159' title='bbox 1583 1331 1624 1368; x_wconf 89' lang='lat' dir='ltr'><strong>in</strong></span> <span class='ocrx_word' id='word_1_160' title='bbox 1642 1345 1727 1382; x_wconf 89' lang='lat' dir='ltr'><strong>quo</strong></span> 
     </span>
     <span class='ocr_line' id='line_1_18' title="bbox 97 1400 1727 1454; baseline -0.001 -13"><span class='ocrx_word' id='word_1_161' title='bbox 97 1403 365 1454; x_wconf 88' lang='lat' dir='ltr'><strong>deplorando</strong></span> <span class='ocrx_word' id='word_1_162' title='bbox 389 1403 628 1441; x_wconf 86' lang='lat' dir='ltr'><strong>certamine</strong></span> <span class='ocrx_word' id='word_1_163' title='bbox 651 1403 794 1441; x_wconf 91' lang='lat' dir='ltr'><strong>triduo</strong></span> <span class='ocrx_word' id='word_1_164' title='bbox 820 1408 1092 1449; x_wconf 86' lang='lat' dir='ltr'><strong>consumato,</strong></span> <span class='ocrx_word' id='word_1_165' title='bbox 1118 1401 1219 1439; x_wconf 92' lang='lat' dir='ltr'><strong>dum</strong></span> <span class='ocrx_word' id='word_1_166' title='bbox 1241 1403 1411 1439; x_wconf 78' lang='lat' dir='ltr'><strong>missam</strong></span> <span class='ocrx_word' id='word_1_167' title='bbox 1434 1400 1475 1439; x_wconf 91' lang='lat' dir='ltr'><strong>in</strong></span> <span class='ocrx_word' id='word_1_168' title='bbox 1507 1415 1631 1440; x_wconf 87' lang='lat' dir='ltr'><strong>sacro</strong></span> <span class='ocrx_word' id='word_1_169' title='bbox 1664 1417 1727 1441; x_wconf 89' lang='lat' dir='ltr'><strong>sa-</strong></span> 
     </span>
     <span class='ocr_line' id='line_1_19' title="bbox 97 1473 1725 1525; baseline -0.001 -12"><span class='ocrx_word' id='word_1_170' title='bbox 97 1476 209 1514; x_wconf 91' lang='lat' dir='ltr'><strong>cello</strong></span> <span class='ocrx_word' id='word_1_171' title='bbox 245 1475 431 1522; x_wconf 85' lang='lat' dir='ltr'><strong>audiret,</strong></span> <span class='ocrx_word' id='word_1_172' title='bbox 469 1487 627 1513; x_wconf 86' lang='lat' dir='ltr'><strong>vocem</strong></span> <span class='ocrx_word' id='word_1_173' title='bbox 661 1474 984 1525; x_wconf 84' lang='lat' dir='ltr'><strong>quodammodo</strong></span> <span class='ocrx_word' id='word_1_174' title='bbox 1022 1473 1271 1512; x_wconf 87' lang='lat' dir='ltr'><strong>sensibilem</strong></span> <span class='ocrx_word' id='word_1_175' title='bbox 1306 1473 1425 1510; x_wconf 81' lang='lat' dir='ltr'><strong>visus</strong></span> <span class='ocrx_word' id='word_1_176' title='bbox 1462 1479 1528 1510; x_wconf 88' lang='lat' dir='ltr'><strong>est</strong></span> <span class='ocrx_word' id='word_1_177' title='bbox 1559 1473 1725 1521; x_wconf 87' lang='lat' dir='ltr'><strong>audire,</strong></span> 
     </span>
     <span class='ocr_line' id='line_1_20' title="bbox 95 1544 1727 1598; baseline 0 -14"><span class='ocrx_word' id='word_1_178' title='bbox 95 1559 206 1598; x_wconf 90' lang='lat' dir='ltr'><strong>quae</strong></span> <span class='ocrx_word' id='word_1_179' title='bbox 243 1560 341 1585; x_wconf 90' lang='lat' dir='ltr'><strong>eum</strong></span> <span class='ocrx_word' id='word_1_180' title='bbox 376 1547 550 1584; x_wconf 91' lang='lat' dir='ltr'><strong>iuberet</strong></span> <span class='ocrx_word' id='word_1_181' title='bbox 581 1546 797 1584; x_wconf 87' lang='lat' dir='ltr'><strong>confiteri.</strong></span> <span class='ocrx_word' id='word_1_182' title='bbox 836 1546 994 1596; x_wconf 86' lang='lat' dir='ltr'><strong>Sicque</strong></span> <span class='ocrx_word' id='word_1_183' title='bbox 1030 1544 1205 1583; x_wconf 89' lang='lat' dir='ltr'><strong>tandem</strong></span> <span class='ocrx_word' id='word_1_184' title='bbox 1242 1544 1384 1581; x_wconf 71' lang='lat' dir='ltr'><strong>victus</strong></span> <span class='ocrx_word' id='word_1_185' title='bbox 1420 1545 1473 1582; x_wconf 89' lang='lat' dir='ltr'><strong>ad</strong></span> <span class='ocrx_word' id='word_1_186' title='bbox 1510 1558 1641 1583; x_wconf 88' lang='lat' dir='ltr'><strong>vnum</strong></span> <span class='ocrx_word' id='word_1_187' title='bbox 1674 1559 1727 1584; x_wconf 85' lang='lat' dir='ltr'><strong>ex</strong></span> 
     </span>
     <span class='ocr_line' id='line_1_21' title="bbox 97 1617 1729 1668; baseline 0 -12"><span class='ocrx_word' id='word_1_188' title='bbox 97 1617 297 1656; x_wconf 86' lang='lat' dir='ltr'><strong>Patribus</strong></span> <span class='ocrx_word' id='word_1_189' title='bbox 328 1617 550 1664; x_wconf 90' lang='lat' dir='ltr'><strong>conuenit,</strong></span> <span class='ocrx_word' id='word_1_190' title='bbox 589 1619 657 1655; x_wconf 87' lang='lat' dir='ltr'><strong>cui</strong></span> <span class='ocrx_word' id='word_1_191' title='bbox 688 1630 845 1668; x_wconf 87' lang='lat' dir='ltr'><strong>magna</strong></span> <span class='ocrx_word' id='word_1_192' title='bbox 867 1629 963 1655; x_wconf 91' lang='lat' dir='ltr'><strong>cum</strong></span> <span class='ocrx_word' id='word_1_193' title='bbox 986 1617 1305 1666; x_wconf 84' lang='lat' dir='ltr'><strong>lachrymarum</strong></span> <span class='ocrx_word' id='word_1_194' title='bbox 1334 1619 1538 1656; x_wconf 86' lang='lat' dir='ltr'><strong>vbertate</strong></span> <span class='ocrx_word' id='word_1_195' title='bbox 1562 1622 1605 1655; x_wconf 88' lang='lat' dir='ltr'><strong>et</strong></span> <span class='ocrx_word' id='word_1_196' title='bbox 1636 1618 1729 1656; x_wconf 87' lang='lat' dir='ltr'><strong>aliis</strong></span> 
     </span>
     <span class='ocr_line' id='line_1_22' title="bbox 96 1689 1728 1740; baseline -0.001 -13"><span class='ocrx_word' id='word_1_197' title='bbox 96 1701 228 1727; x_wconf 87' lang='lat' dir='ltr'><strong>verae</strong></span> <span class='ocrx_word' id='word_1_198' title='bbox 256 1689 526 1739; x_wconf 88' lang='lat' dir='ltr'><strong>penitentiae</strong></span> <span class='ocrx_word' id='word_1_199' title='bbox 559 1689 707 1739; x_wconf 83' lang='lat' dir='ltr'><strong>signis,</strong></span> <span class='ocrx_word' id='word_1_200' title='bbox 740 1694 925 1739; x_wconf 89' lang='lat' dir='ltr'><strong>peccata</strong></span> <span class='ocrx_word' id='word_1_201' title='bbox 946 1701 1022 1726; x_wconf 89' lang='lat' dir='ltr'><strong>sua</strong></span> <span class='ocrx_word' id='word_1_202' title='bbox 1044 1694 1270 1740; x_wconf 86' lang='lat' dir='ltr'><strong>totamque</strong></span> <span class='ocrx_word' id='word_1_203' title='bbox 1289 1689 1351 1728; x_wconf 91' lang='lat' dir='ltr'><strong>rei</strong></span> <span class='ocrx_word' id='word_1_204' title='bbox 1380 1691 1539 1728; x_wconf 86' lang='lat' dir='ltr'><strong>seriem</strong></span> <span class='ocrx_word' id='word_1_205' title='bbox 1574 1702 1728 1740; x_wconf 89' lang='lat' dir='ltr'><strong>propa-</strong></span> 
     </span>
    </p>
   </div>
   <div class='ocr_carea' id='block_1_3' title="bbox 96 1761 1726 1876">
    <p class='ocr_par' dir='ltr' id='par_1_3' title="bbox 96 1761 1726 1876">
     <span class='ocr_line' id='line_1_23' title="bbox 96 1761 216 1798; baseline 0 0"><span class='ocrx_word' id='word_1_206' title='bbox 96 1761 216 1798; x_wconf 88' lang='lat' dir='ltr'><strong>lauit.</strong></span> 
     </span>
     <span class='ocr_line' id='line_1_24' title="bbox 153 1825 1726 1876; baseline 0 -12"><span class='ocrx_word' id='word_1_207' title='bbox 153 1836 212 1864; x_wconf 88' lang='lat'><strong>12.</strong></span> <span class='ocrx_word' id='word_1_208' title='bbox 275 1825 461 1875; x_wconf 79' lang='lat' dir='ltr'><strong>Quidam</strong></span> <span class='ocrx_word' id='word_1_209' title='bbox 485 1826 615 1864; x_wconf 89' lang='lat' dir='ltr'><strong>etiam</strong></span> <span class='ocrx_word' id='word_1_210' title='bbox 637 1825 845 1863; x_wconf 86' lang='lat' dir='ltr'><strong>Nicolaus</strong></span> <span class='ocrx_word' id='word_1_211' title='bbox 866 1826 1077 1876; x_wconf 90' lang='lat' dir='ltr'><strong>panonius</strong></span> <span class='ocrx_word' id='word_1_212' title='bbox 1096 1828 1304 1874; x_wconf 88' lang='lat' dir='ltr'><strong>Catanae,</strong></span> <span class='ocrx_word' id='word_1_213' title='bbox 1330 1827 1520 1865; x_wconf 87' lang='lat' dir='ltr'><strong>ciuitatis</strong></span> <span class='ocrx_word' id='word_1_214' title='bbox 1537 1825 1726 1872; x_wconf 73' lang='lat' dir='ltr'><strong>Siciliae,</strong></span> 
     </span>
    </p>
   </div>
   <div class='ocr_carea' id='block_1_4' title="bbox 94 1897 1730 2877">
    <p class='ocr_par' dir='ltr' id='par_1_4' title="bbox 94 1897 1730 2877">
     <span class='ocr_line' id='line_1_25' title="bbox 94 1897 1726 1948; baseline 0 -13"><span class='ocrx_word' id='word_1_215' title='bbox 94 1898 260 1948; x_wconf 89' lang='lat' dir='ltr'><strong>impetu</strong></span> <span class='ocrx_word' id='word_1_216' title='bbox 283 1897 506 1936; x_wconf 89' lang='lat' dir='ltr'><strong>cuiusdam</strong></span> <span class='ocrx_word' id='word_1_217' title='bbox 539 1898 638 1948; x_wconf 87' lang='lat' dir='ltr'><strong>equi</strong></span> <span class='ocrx_word' id='word_1_218' title='bbox 661 1897 925 1944; x_wconf 82' lang='lat' dir='ltr'><strong>confractus,</strong></span> <span class='ocrx_word' id='word_1_219' title='bbox 959 1903 1002 1936; x_wconf 89' lang='lat' dir='ltr'><strong>et</strong></span> <span class='ocrx_word' id='word_1_220' title='bbox 1033 1898 1210 1937; x_wconf 87' lang='lat' dir='ltr'><strong>brachio</strong></span> <span class='ocrx_word' id='word_1_221' title='bbox 1235 1900 1409 1937; x_wconf 91' lang='lat' dir='ltr'><strong>omnino</strong></span> <span class='ocrx_word' id='word_1_222' title='bbox 1443 1899 1726 1944; x_wconf 90' lang='lat' dir='ltr'><strong>comminuto,</strong></span> 
     </span>
     <span class='ocr_line' id='line_1_26' title="bbox 96 1969 1728 2021; baseline -0.001 -14"><span class='ocrx_word' id='word_1_223' title='bbox 96 1969 137 2007; x_wconf 93' lang='lat' dir='ltr'><strong>in</strong></span> <span class='ocrx_word' id='word_1_224' title='bbox 173 1969 336 2007; x_wconf 88' lang='lat' dir='ltr'><strong>lectulo</strong></span> <span class='ocrx_word' id='word_1_225' title='bbox 368 1981 446 2007; x_wconf 89' lang='lat' dir='ltr'><strong>suo</strong></span> <span class='ocrx_word' id='word_1_226' title='bbox 468 1969 594 2007; x_wconf 90' lang='lat' dir='ltr'><strong>breui</strong></span> <span class='ocrx_word' id='word_1_227' title='bbox 624 1969 860 2007; x_wconf 87' lang='lat' dir='ltr'><strong>moriturus</strong></span> <span class='ocrx_word' id='word_1_228' title='bbox 883 1969 1070 2017; x_wconf 88' lang='lat' dir='ltr'><strong>iacebat,</strong></span> <span class='ocrx_word' id='word_1_229' title='bbox 1096 1983 1193 2008; x_wconf 92' lang='lat' dir='ltr'><strong>cum</strong></span> <span class='ocrx_word' id='word_1_230' title='bbox 1215 1971 1268 2007; x_wconf 91' lang='lat' dir='ltr'><strong>ab</strong></span> <span class='ocrx_word' id='word_1_231' title='bbox 1290 1971 1430 2008; x_wconf 89' lang='lat' dir='ltr'><strong>amico</strong></span> <span class='ocrx_word' id='word_1_232' title='bbox 1453 1970 1641 2021; x_wconf 89' lang='lat' dir='ltr'><strong>quodam</strong></span> <span class='ocrx_word' id='word_1_233' title='bbox 1670 1970 1728 2006; x_wconf 93' lang='lat' dir='ltr'><strong>in-</strong></span> 
     </span>
     <span class='ocr_line' id='line_1_27' title="bbox 97 2041 1729 2093; baseline 0 -15"><span class='ocrx_word' id='word_1_234' title='bbox 97 2041 265 2088; x_wconf 87' lang='lat' dir='ltr'><strong>uisitur,</strong></span> <span class='ocrx_word' id='word_1_235' title='bbox 305 2047 350 2078; x_wconf 90' lang='lat' dir='ltr'><strong>et</strong></span> <span class='ocrx_word' id='word_1_236' title='bbox 383 2046 430 2078; x_wconf 83' lang='lat' dir='ltr'><strong>vt</strong></span> <span class='ocrx_word' id='word_1_237' title='bbox 465 2041 616 2079; x_wconf 88' lang='lat' dir='ltr'><strong>salutis</strong></span> <span class='ocrx_word' id='word_1_238' title='bbox 652 2053 757 2079; x_wconf 87' lang='lat' dir='ltr'><strong>suae</strong></span> <span class='ocrx_word' id='word_1_239' title='bbox 788 2053 934 2079; x_wconf 89' lang='lat' dir='ltr'><strong>curam</strong></span> <span class='ocrx_word' id='word_1_240' title='bbox 969 2042 1248 2080; x_wconf 85' lang='lat' dir='ltr'><strong>beatissimae</strong></span> <span class='ocrx_word' id='word_1_241' title='bbox 1280 2042 1447 2093; x_wconf 80' lang='lat' dir='ltr'><strong>Virgini</strong></span> <span class='ocrx_word' id='word_1_242' title='bbox 1476 2043 1729 2080; x_wconf 88' lang='lat' dir='ltr'><strong>lauretanae</strong></span> 
     </span>
     <span class='ocr_line' id='line_1_28' title="bbox 98 2112 1730 2163; baseline 0 -13"><span class='ocrx_word' id='word_1_243' title='bbox 98 2112 392 2159; x_wconf 87' lang='lat' dir='ltr'><strong>commiteret,</strong></span> <span class='ocrx_word' id='word_1_244' title='bbox 417 2112 544 2151; x_wconf 88' lang='lat' dir='ltr'><strong>facile</strong></span> <span class='ocrx_word' id='word_1_245' title='bbox 563 2112 872 2162; x_wconf 81' lang='lat' dir='ltr'><strong>persuadetur3</strong></span> <span class='ocrx_word' id='word_1_246' title='bbox 895 2114 1020 2150; x_wconf 89' lang='lat' dir='ltr'><strong>vouit</strong></span> <span class='ocrx_word' id='word_1_247' title='bbox 1042 2113 1189 2163; x_wconf 90' lang='lat' dir='ltr'><strong>itaque</strong></span> <span class='ocrx_word' id='word_1_248' title='bbox 1213 2125 1260 2151; x_wconf 82' lang='lat' dir='ltr'><strong>se</strong></span> <span class='ocrx_word' id='word_1_249' title='bbox 1284 2126 1367 2151; x_wconf 88' lang='lat' dir='ltr'><strong>vna</strong></span> <span class='ocrx_word' id='word_1_250' title='bbox 1389 2126 1486 2151; x_wconf 85' lang='lat' dir='ltr'><strong>cum</strong></span> <span class='ocrx_word' id='word_1_251' title='bbox 1509 2114 1648 2151; x_wconf 88' lang='lat' dir='ltr'><strong>amico</strong></span> <span class='ocrx_word' id='word_1_252' title='bbox 1671 2113 1730 2150; x_wconf 91' lang='lat' dir='ltr'><strong>in-</strong></span> 
     </span>
     <span class='ocr_line' id='line_1_29' title="bbox 97 2184 1727 2231; baseline 0 -10"><span class='ocrx_word' id='word_1_253' title='bbox 97 2184 288 2222; x_wconf 88' lang='lat' dir='ltr'><strong>uisurum</strong></span> <span class='ocrx_word' id='word_1_254' title='bbox 318 2184 431 2222; x_wconf 88' lang='lat' dir='ltr'><strong>hanc</strong></span> <span class='ocrx_word' id='word_1_255' title='bbox 462 2196 629 2222; x_wconf 89' lang='lat' dir='ltr'><strong>sacram</strong></span> <span class='ocrx_word' id='word_1_256' title='bbox 652 2184 900 2231; x_wconf 86' lang='lat' dir='ltr'><strong>ecclesiam,</strong></span> <span class='ocrx_word' id='word_1_257' title='bbox 934 2184 968 2221; x_wconf 91' lang='lat' dir='ltr'><strong>si</strong></span> <span class='ocrx_word' id='word_1_258' title='bbox 1000 2185 1039 2222; x_wconf 88' lang='lat' dir='ltr'><strong>ei</strong></span> <span class='ocrx_word' id='word_1_259' title='bbox 1067 2185 1159 2222; x_wconf 87' lang='lat' dir='ltr'><strong>vita</strong></span> <span class='ocrx_word' id='word_1_260' title='bbox 1189 2185 1529 2231; x_wconf 78' lang='lat' dir='ltr'><strong>concederetur3</strong></span> <span class='ocrx_word' id='word_1_261' title='bbox 1563 2190 1606 2222; x_wconf 92' lang='lat' dir='ltr'><strong>et</strong></span> <span class='ocrx_word' id='word_1_262' title='bbox 1628 2197 1727 2222; x_wconf 80' lang='lat' dir='ltr'><strong>mox</strong></span> 
     </span>
     <span class='ocr_line' id='line_1_30' title="bbox 97 2255 1729 2307; baseline 0.001 -14"><span class='ocrx_word' id='word_1_263' title='bbox 97 2268 250 2294; x_wconf 88' lang='lat' dir='ltr'><strong>somno</strong></span> <span class='ocrx_word' id='word_1_264' title='bbox 275 2255 523 2306; x_wconf 72' lang='lat' dir='ltr'><strong>corripitur,</strong></span> <span class='ocrx_word' id='word_1_265' title='bbox 547 2267 733 2305; x_wconf 88' lang='lat' dir='ltr'><strong>cumque</strong></span> <span class='ocrx_word' id='word_1_266' title='bbox 756 2255 868 2293; x_wconf 88' lang='lat' dir='ltr'><strong>dulci</strong></span> <span class='ocrx_word' id='word_1_267' title='bbox 903 2268 1063 2306; x_wconf 87' lang='lat' dir='ltr'><strong>sopore</strong></span> <span class='ocrx_word' id='word_1_268' title='bbox 1086 2261 1289 2306; x_wconf 89' lang='lat' dir='ltr'><strong>tanquam</strong></span> <span class='ocrx_word' id='word_1_269' title='bbox 1320 2257 1361 2294; x_wconf 87' lang='lat' dir='ltr'><strong>in</strong></span> <span class='ocrx_word' id='word_1_270' title='bbox 1395 2257 1614 2307; x_wconf 90' lang='lat' dir='ltr'><strong>piissimae</strong></span> <span class='ocrx_word' id='word_1_271' title='bbox 1644 2268 1729 2294; x_wconf 89' lang='lat' dir='ltr'><strong>ma-</strong></span> 
     </span>
     <span class='ocr_line' id='line_1_31' title="bbox 97 2326 1726 2379; baseline 0 -14"><span class='ocrx_word' id='word_1_272' title='bbox 97 2327 173 2365; x_wconf 88' lang='lat' dir='ltr'><strong>tris</strong></span> <span class='ocrx_word' id='word_1_273' title='bbox 204 2327 373 2378; x_wconf 88' lang='lat' dir='ltr'><strong>gremio</strong></span> <span class='ocrx_word' id='word_1_274' title='bbox 398 2326 753 2376; x_wconf 88' lang='lat' dir='ltr'><strong>conquiesceret,</strong></span> <span class='ocrx_word' id='word_1_275' title='bbox 778 2326 886 2365; x_wconf 86' lang='lat' dir='ltr'><strong>vidit</strong></span> <span class='ocrx_word' id='word_1_276' title='bbox 909 2339 956 2364; x_wconf 92' lang='lat' dir='ltr'><strong>se</strong></span> <span class='ocrx_word' id='word_1_277' title='bbox 977 2340 1054 2377; x_wconf 89' lang='lat' dir='ltr'><strong>per</strong></span> <span class='ocrx_word' id='word_1_278' title='bbox 1086 2340 1237 2365; x_wconf 89' lang='lat' dir='ltr'><strong>manus</strong></span> <span class='ocrx_word' id='word_1_279' title='bbox 1260 2329 1426 2366; x_wconf 87' lang='lat' dir='ltr'><strong>Beatae</strong></span> <span class='ocrx_word' id='word_1_280' title='bbox 1449 2327 1638 2379; x_wconf 88' lang='lat' dir='ltr'><strong>Virginis</strong></span> <span class='ocrx_word' id='word_1_281' title='bbox 1667 2340 1726 2365; x_wconf 86' lang='lat' dir='ltr'><strong>sa-</strong></span> 
     </span>
     <span class='ocr_line' id='line_1_32' title="bbox 95 2398 1727 2450; baseline 0 -14"><span class='ocrx_word' id='word_1_282' title='bbox 95 2399 279 2437; x_wconf 89' lang='lat' dir='ltr'><strong>nitatem</strong></span> <span class='ocrx_word' id='word_1_283' title='bbox 318 2398 534 2449; x_wconf 87' lang='lat' dir='ltr'><strong>recipere,</strong></span> <span class='ocrx_word' id='word_1_284' title='bbox 578 2403 621 2435; x_wconf 93' lang='lat' dir='ltr'><strong>et</strong></span> <span class='ocrx_word' id='word_1_285' title='bbox 669 2398 881 2448; x_wconf 87' lang='lat' dir='ltr'><strong>euigilans</strong></span> <span class='ocrx_word' id='word_1_286' title='bbox 920 2411 967 2436; x_wconf 87' lang='lat' dir='ltr'><strong>se</strong></span> <span class='ocrx_word' id='word_1_287' title='bbox 1008 2399 1182 2437; x_wconf 90' lang='lat' dir='ltr'><strong>omnino</strong></span> <span class='ocrx_word' id='word_1_288' title='bbox 1231 2411 1381 2436; x_wconf 88' lang='lat' dir='ltr'><strong>sanum</strong></span> <span class='ocrx_word' id='word_1_289' title='bbox 1422 2398 1727 2450; x_wconf 88' lang='lat' dir='ltr'><strong>deprehendit.</strong></span> 
     </span>
     <span class='ocr_line' id='line_1_33' title="bbox 98 2464 1729 2530; baseline -0.001 -22"><span class='ocrx_word' id='word_1_290' title='bbox 98 2468 237 2508; x_wconf 88' lang='lat' dir='ltr'><strong>Huius</strong></span> <span class='ocrx_word' id='word_1_291' title='bbox 259 2482 368 2508; x_wconf 88' lang='lat' dir='ltr'><strong>vero</strong></span> <span class='ocrx_word' id='word_1_292' title='bbox 392 2470 536 2530; x_wconf 74' lang='lat' dir='ltr'><strong>socius</strong></span> <span class='ocrx_word' id='word_1_293' title='bbox 561 2467 691 2507; x_wconf 86' lang='lat' dir='ltr'><strong>etiarn</strong></span> <span class='ocrx_word' id='word_1_294' title='bbox 722 2464 849 2507; x_wconf 89' lang='lat' dir='ltr'><strong>nobis</strong></span> <span class='ocrx_word' id='word_1_295' title='bbox 884 2468 1033 2507; x_wconf 89' lang='lat' dir='ltr'><strong>retulit</strong></span> <span class='ocrx_word' id='word_1_296' title='bbox 1068 2469 1200 2520; x_wconf 90' lang='lat' dir='ltr'><strong>quod,</strong></span> <span class='ocrx_word' id='word_1_297' title='bbox 1232 2475 1465 2521; x_wconf 88' lang='lat' dir='ltr'><strong>postquam</strong></span> <span class='ocrx_word' id='word_1_298' title='bbox 1486 2470 1598 2507; x_wconf 90' lang='lat' dir='ltr'><strong>illius</strong></span> <span class='ocrx_word' id='word_1_299' title='bbox 1620 2482 1729 2507; x_wconf 86' lang='lat' dir='ltr'><strong>uxor</strong></span> 
     </span>
     <span class='ocr_line' id='line_1_34' title="bbox 96 2531 1728 2593; baseline -0.001 -13"><span class='ocrx_word' id='word_1_300' title='bbox 96 2554 175 2593; x_wconf 90' lang='lat' dir='ltr'><strong>per</strong></span> <span class='ocrx_word' id='word_1_301' title='bbox 196 2531 444 2592; x_wconf 91' lang='lat' dir='ltr'><strong>quindecim</strong></span> <span class='ocrx_word' id='word_1_302' title='bbox 467 2541 562 2579; x_wconf 91' lang='lat' dir='ltr'><strong>dies</strong></span> <span class='ocrx_word' id='word_1_303' title='bbox 592 2541 715 2592; x_wconf 86' lang='lat' dir='ltr'><strong>graui</strong></span> <span class='ocrx_word' id='word_1_304' title='bbox 748 2540 994 2591; x_wconf 85' lang='lat' dir='ltr'><strong>egritudine</strong></span> <span class='ocrx_word' id='word_1_305' title='bbox 1025 2541 1284 2589; x_wconf 89' lang='lat' dir='ltr'><strong>laborasset,</strong></span> <span class='ocrx_word' id='word_1_306' title='bbox 1310 2547 1354 2580; x_wconf 94' lang='lat' dir='ltr'><strong>et</strong></span> <span class='ocrx_word' id='word_1_307' title='bbox 1374 2543 1524 2580; x_wconf 87' lang='lat' dir='ltr'><strong>insana</strong></span> <span class='ocrx_word' id='word_1_308' title='bbox 1555 2542 1728 2580; x_wconf 88' lang='lat' dir='ltr'><strong>omnino</strong></span> 
     </span>
     <span class='ocr_line' id='line_1_35' title="bbox 100 2611 1729 2664; baseline 0 -14"><span class='ocrx_word' id='word_1_309' title='bbox 100 2612 262 2650; x_wconf 85' lang='lat' dir='ltr'><strong>effecta</strong></span> <span class='ocrx_word' id='word_1_310' title='bbox 281 2611 451 2660; x_wconf 79' lang='lat' dir='ltr'><strong>fuisset,</strong></span> <span class='ocrx_word' id='word_1_311' title='bbox 486 2612 645 2651; x_wconf 85' lang='lat' dir='ltr'><strong>emissa</strong></span> <span class='ocrx_word' id='word_1_312' title='bbox 665 2611 719 2650; x_wconf 89' lang='lat' dir='ltr'><strong>ad</strong></span> <span class='ocrx_word' id='word_1_313' title='bbox 750 2612 831 2650; x_wconf 93' lang='lat' dir='ltr'><strong>Dei</strong></span> <span class='ocrx_word' id='word_1_314' title='bbox 853 2612 1112 2663; x_wconf 85' lang='lat' dir='ltr'><strong>genitricem</strong></span> <span class='ocrx_word' id='word_1_315' title='bbox 1145 2613 1358 2660; x_wconf 83' lang='lat' dir='ltr'><strong>oratione,</strong></span> <span class='ocrx_word' id='word_1_316' title='bbox 1391 2618 1523 2652; x_wconf 89' lang='lat' dir='ltr'><strong>nocte</strong></span> <span class='ocrx_word' id='word_1_317' title='bbox 1545 2611 1729 2664; x_wconf 88' lang='lat' dir='ltr'><strong>quadam</strong></span> 
     </span>
     <span class='ocr_line' id='line_1_36' title="bbox 99 2681 1730 2735; baseline 0.001 -14"><span class='ocrx_word' id='word_1_318' title='bbox 99 2683 331 2721; x_wconf 88' lang='lat' dir='ltr'><strong>sanitatem</strong></span> <span class='ocrx_word' id='word_1_319' title='bbox 352 2681 562 2734; x_wconf 87' lang='lat' dir='ltr'><strong>recaepit.</strong></span> <span class='ocrx_word' id='word_1_320' title='bbox 587 2682 697 2721; x_wconf 88' lang='lat' dir='ltr'><strong>Sunt</strong></span> <span class='ocrx_word' id='word_1_321' title='bbox 720 2688 764 2720; x_wconf 92' lang='lat' dir='ltr'><strong>et</strong></span> <span class='ocrx_word' id='word_1_322' title='bbox 785 2683 868 2720; x_wconf 90' lang='lat' dir='ltr'><strong>alia</strong></span> <span class='ocrx_word' id='word_1_323' title='bbox 888 2683 1022 2720; x_wconf 89' lang='lat' dir='ltr'><strong>multa</strong></span> <span class='ocrx_word' id='word_1_324' title='bbox 1042 2683 1168 2721; x_wconf 91' lang='lat' dir='ltr'><strong>huius</strong></span> <span class='ocrx_word' id='word_1_325' title='bbox 1190 2685 1381 2735; x_wconf 88' lang='lat' dir='ltr'><strong>generis,</strong></span> <span class='ocrx_word' id='word_1_326' title='bbox 1405 2696 1517 2734; x_wconf 88' lang='lat' dir='ltr'><strong>quae</strong></span> <span class='ocrx_word' id='word_1_327' title='bbox 1534 2683 1730 2734; x_wconf 87' lang='lat' dir='ltr'><strong>quotidie</strong></span> 
     </span>
     <span class='ocr_line' id='line_1_37' title="bbox 97 2754 1729 2805; baseline 0 -12"><span class='ocrx_word' id='word_1_328' title='bbox 97 2755 224 2793; x_wconf 91' lang='lat' dir='ltr'><strong>nobis</strong></span> <span class='ocrx_word' id='word_1_329' title='bbox 245 2754 509 2801; x_wconf 86' lang='lat' dir='ltr'><strong>referuntur,</strong></span> <span class='ocrx_word' id='word_1_330' title='bbox 533 2755 576 2793; x_wconf 90' lang='lat' dir='ltr'><strong>in</strong></span> <span class='ocrx_word' id='word_1_331' title='bbox 597 2767 781 2805; x_wconf 89' lang='lat' dir='ltr'><strong>quorum</strong></span> <span class='ocrx_word' id='word_1_332' title='bbox 799 2754 1098 2792; x_wconf 88' lang='lat' dir='ltr'><strong>testimonium</strong></span> <span class='ocrx_word' id='word_1_333' title='bbox 1118 2755 1299 2793; x_wconf 90' lang='lat' dir='ltr'><strong>votiuae</strong></span> <span class='ocrx_word' id='word_1_334' title='bbox 1322 2756 1511 2793; x_wconf 87' lang='lat' dir='ltr'><strong>tabellae</strong></span> <span class='ocrx_word' id='word_1_335' title='bbox 1533 2754 1729 2805; x_wconf 88' lang='lat' dir='ltr'><strong>quotidie</strong></span> 
     </span>
     <span class='ocr_line' id='line_1_38' title="bbox 98 2826 1730 2877; baseline -0.001 -12"><span class='ocrx_word' id='word_1_336' title='bbox 98 2827 140 2865; x_wconf 90' lang='lat' dir='ltr'><strong>in</strong></span> <span class='ocrx_word' id='word_1_337' title='bbox 175 2827 261 2865; x_wconf 91' lang='lat' dir='ltr'><strong>hoc</strong></span> <span class='ocrx_word' id='word_1_338' title='bbox 290 2827 454 2877; x_wconf 91' lang='lat' dir='ltr'><strong>templo</strong></span> <span class='ocrx_word' id='word_1_339' title='bbox 486 2826 803 2877; x_wconf 87' lang='lat' dir='ltr'><strong>relinquuntur,</strong></span> <span class='ocrx_word' id='word_1_340' title='bbox 827 2837 937 2876; x_wconf 89' lang='lat' dir='ltr'><strong>quae</strong></span> <span class='ocrx_word' id='word_1_341' title='bbox 970 2831 1016 2863; x_wconf 91' lang='lat' dir='ltr'><strong>ut</strong></span> <span class='ocrx_word' id='word_1_342' title='bbox 1046 2826 1239 2877; x_wconf 88' lang='lat' dir='ltr'><strong>longum,</strong></span> <span class='ocrx_word' id='word_1_343' title='bbox 1273 2828 1333 2865; x_wconf 91' lang='lat' dir='ltr'><strong>ita</strong></span> <span class='ocrx_word' id='word_1_344' title='bbox 1354 2827 1587 2865; x_wconf 87' lang='lat' dir='ltr'><strong>molestum</strong></span> <span class='ocrx_word' id='word_1_345' title='bbox 1610 2832 1730 2865; x_wconf 90' lang='lat' dir='ltr'><strong>esset</strong></span> 
     </span>
    </p>
   </div>
   <div class='ocr_carea' id='block_1_5' title="bbox 99 2910 1731 3015">
    <p class='ocr_par' dir='ltr' id='par_1_5' title="bbox 99 2910 1731 3015">
     <span class='ocr_line' id='line_1_39' title="bbox 99 2910 352 2937; baseline 0.004 -1"><span class='ocrx_word' id='word_1_346' title='bbox 99 2910 352 2937; x_wconf 87' lang='lat' dir='ltr'><strong>recensere.</strong></span> 
     </span>
     <span class='ocr_line' id='line_1_40' title="bbox 158 2962 1731 3015; baseline 0 -14"><span class='ocrx_word' id='word_1_347' title='bbox 158 2974 218 3012; x_wconf 83' lang='lat'><strong>13.</strong></span> <span class='ocrx_word' id='word_1_348' title='bbox 279 2964 508 3015; x_wconf 89' lang='lat' dir='ltr'><strong>Reliquum</strong></span> <span class='ocrx_word' id='word_1_349' title='bbox 531 2969 613 3012; x_wconf 86' lang='lat' dir='ltr'><strong>est,</strong></span> <span class='ocrx_word' id='word_1_350' title='bbox 638 2963 873 3002; x_wconf 87' lang='lat' dir='ltr'><strong>admodum</strong></span> <span class='ocrx_word' id='word_1_351' title='bbox 895 2962 1002 3002; x_wconf 89' lang='lat' dir='ltr'><strong>Rde.</strong></span> <span class='ocrx_word' id='word_1_352' title='bbox 1027 2964 1114 3012; x_wconf 91' lang='lat' dir='ltr'><strong>Pr.‚</strong></span> <span class='ocrx_word' id='word_1_353' title='bbox 1138 2968 1185 3003; x_wconf 90' lang='lat' dir='ltr'><strong>vt</strong></span> <span class='ocrx_word' id='word_1_354' title='bbox 1206 2963 1262 3002; x_wconf 89' lang='lat' dir='ltr'><strong>de</strong></span> <span class='ocrx_word' id='word_1_355' title='bbox 1283 2964 1445 3003; x_wconf 86' lang='lat' dir='ltr'><strong>nostris</strong></span> <span class='ocrx_word' id='word_1_356' title='bbox 1464 2963 1645 3015; x_wconf 84' lang='lat' dir='ltr'><strong>priuatis</strong></span> <span class='ocrx_word' id='word_1_357' title='bbox 1666 2976 1731 3002; x_wconf 91' lang='lat' dir='ltr'><strong>re-</strong></span> 
     </span>
    </p>
   </div>
  </div>
 </body>
</html>
