1908 3446
513 207 928 245 410.—IN00L51AD10
957 209 971 245 1
1000 207 1265 245 SEPTEMBRIS
1295 208 1383 245 1560
1645 209 1713 245 777

136 320 198 346 se.
224 310 365 347 Nemo
388 309 554 357 itidem,
579 310 651 360 qui
673 324 759 349 non
783 312 1006 351 desideret
1027 313 1123 363 plus
1153 312 1328 359 laboris,
1353 324 1479 363 quam
1510 313 1758 363 imponitur,

136 379 375 430 suscipere,
408 381 581 431 quando
611 382 737 419 huius
769 383 924 421 vineae
960 384 1189 422 bauaricae
1213 384 1405 422 cultores
1429 385 1644 434 conspicit
1665 398 1760 435 pro-

134 451 273 500 prium
296 464 450 489 munus
472 452 631 502 passim
654 454 900 504 negligere,
925 468 1035 506 quae
1058 468 1127 493 res
1150 455 1336 493 animum
1359 455 1504 493 militis
1527 456 1687 494 Christi
1708 457 1760 494 ad

134 527 329 559 sanctum
352 523 491 560 zelum
516 528 559 560 et
583 524 796 563 honestos
814 526 988 564 labores
1010 532 1188 564 strenue
1211 526 1464 565 subeundos
1482 527 1638 565 merito
1661 541 1756 578 pro·

135 597 282 630 uocat.

184 672 222 701 2.
283 664 623 703 Conuictoribus
654 671 801 704 autem
824 674 842 691 a
865 668 1076 706 habitatio
1109 674 1175 706 est
1204 681 1319 706 nunc
1348 669 1622 719 amplificata,
1658 682 1758 707 con-

132 735 309 772 structis
330 735 372 772 in
395 747 447 773 ea
476 737 608 785 uarijs
645 738 870 784 cubiculis,
905 739 945 776 in
982 753 1166 790 quorum
1198 745 1459 778 structuram
1491 741 1622 778 illust.
1647 740 1758 791 prin-

132 818 235 856 ceps
259 807 265 825 ¹
291 818 500 844 summam
527 818 600 845 100
628 821 861 847 aureorum
895 811 1094 849 contulit.
1128 812 1252 849 Haec
1283 811 1439 849 domus
1460 811 1635 849 hortum
1659 825 1760 850 con-

132 875 326 915 iunctum
348 877 496 925 habet,
521 879 592 929 qui
614 885 790 929 praeter
813 881 1045 919 utilitatem
1067 895 1153 920 non
1185 882 1415 929 modicam,
1440 883 1566 921 nobis
1590 888 1637 920 et
1656 896 1757 921 con-

131 946 372 986 uictoribus
394 949 539 988 locum
571 952 799 1000 recreandj
834 958 898 990 sat
930 954 1210 992 commodum
1232 955 1396 993 tribuit.
1432 955 1663 993 Profectus
1685 956 1759 994 ho-

133 1032 226 1057 rum
249 1032 485 1070 puerorum
507 1021 549 1059 in
570 1022 735 1071 pietate
760 1035 814 1061 ex
838 1025 969 1073 uarijs
991 1027 1259 1076 argumentis
1281 1026 1383 1064 licet
1406 1026 1756 1077 deprehendere.

134 1091 322 1129 Primum
354 1092 609 1142 frequenter
642 1099 685 1131 et
718 1096 983 1134 confitentur
1015 1102 1059 1135 et
1091 1098 1430 1145 communicant,
1454 1100 1578 1150 leges
1611 1098 1760 1137 orandi

130 1161 326 1212 quotidie
351 1167 394 1201 et
415 1164 713 1203 conscientiae
739 1167 1053 1206 examinandae
1085 1168 1138 1206 ad
1161 1182 1351 1220 unguem
1383 1176 1576 1217 seruant,
1608 1171 1760 1208 haere-

132 1234 210 1271 sim
232 1234 293 1271 ita
315 1233 607 1282 detestantur,
632 1242 678 1273 ut
709 1237 787 1287 ipsi
820 1238 954 1276 libros
985 1238 1165 1278 aliorum
1201 1253 1452 1290 puerorum,
1485 1240 1557 1291 qui
1587 1243 1760 1280 scholas

130 1310 303 1344 nostras
324 1306 503 1353 adeunt,
529 1307 782 1358 diligentius
814 1310 1080 1358 examinent,
1107 1317 1150 1349 et
1171 1311 1416 1362 prohibitos
1445 1312 1527 1350 illis
1559 1314 1757 1364 eripiant,

130 1390 241 1427 quos
263 1391 420 1429 magna
442 1392 539 1418 cum
557 1381 839 1419 solemnitate
856 1383 1074 1421 interdum
1092 1384 1273 1422 flammis
1290 1383 1482 1431 tradunt,
1500 1397 1759 1436 quamquam

131 1450 331 1488 omnibus
353 1450 576 1502 discipulis
597 1453 845 1491 scholarum
874 1460 1119 1493 nostrarum
1151 1455 1193 1493 id
1221 1455 1313 1495 fere
1346 1468 1577 1494 commune
1608 1462 1689 1503 est,
1714 1463 1760 1495 ut

133 1522 304 1560 libellos
335 1523 534 1573 Lutherj,
571 1525 862 1564 Melanthonis
894 1539 971 1564 seu
1004 1528 1236 1566 cuiuslibet
1267 1529 1479 1578 haereticj
1511 1541 1598 1567 non
1620 1530 1757 1580 ignotj

129 1593 256 1632 titulo
278 1600 581 1645 praenotatos,
616 1597 737 1634 uelut
769 1602 943 1647 pestem
974 1599 1203 1649 quamdam
1234 1599 1417 1651 fugiant,
1443 1605 1485 1637 et
1507 1612 1531 1637 a
1553 1605 1760 1638 contactu

132 1665 341 1704 librorum
374 1667 730 1718 Wittenbergae,
763 1668 1084 1721 Norenbergae
1119 1671 1190 1708 uel
1221 1672 1262 1708 in
1283 1684 1557 1722 quacumque
1581 1672 1758 1710 ciuitate

129 1737 354 1775 haeretica
376 1749 639 1776 excusorum
662 1752 840 1790 prorsus
871 1740 1135 1785 abstineant;
1158 1754 1267 1793 quos
1296 1741 1412 1781 illico
1444 1743 1517 1781 ubi
1546 1743 1662 1781 forte
1683 1756 1758 1781 no-

128 1808 259 1846 uitius
280 1808 492 1860 quispiam
515 1809 754 1861 discipulus
776 1811 1024 1850 huiusmodi
1045 1813 1255 1861 attulerit,
1274 1815 1636 1866 praeceptoribus
1658 1828 1758 1854 exa-

129 1879 358 1918 minandos
381 1880 568 1919 tradant.
604 1882 719 1931 Quin
751 1888 795 1921 et
829 1884 1025 1922 nonnulli
1056 1898 1111 1923 ex
1141 1884 1239 1936 hi[s]
1280 1886 1314 1933 b,
1348 1899 1458 1936 quos
1479 1887 1646 1934 alimus,
1671 1887 1758 1925 suis

127 1950 382 2001 parentibus
418 1953 689 2003 scripserunt
725 1960 916 2002 orantes,
954 1960 1000 1993 ut
1034 1959 1215 2007 propter
1249 1969 1444 1995 amorem
1481 1958 1561 2007 Dej
1599 1959 1759 2009 scripta

128 2023 455 2062 haereticorum
488 2025 663 2063 omnino
686 2038 773 2063 non
796 2027 1028 2078 attingant,
1053 2033 1098 2066 et
1130 2028 1163 2066 si
1185 2040 1269 2078 qua
1297 2029 1475 2077 habent,
1501 2031 1759 2076 comburant

130 2099 174 2132 et
210 2095 263 2132 ab
301 2095 417 2133 omni
454 2095 781 2135 haereticorum
817 2099 1042 2137 consortio
1066 2112 1112 2137 se
1150 2100 1421 2148 subtrahant,
1459 2114 1483 2139 a
1518 2102 1693 2152 crapula
1715 2107 1758 2139 et

127 2166 345 2204 ebrietate
366 2179 547 2217 prorsus
568 2168 648 2206 sibi
665 2172 930 2219 temperent,
950 2171 1114 2209 rosaria
1131 2172 1295 2210 Beatae
1314 2172 1504 2224 Uirginis
1528 2179 1687 2220 emant,
1706 2186 1758 2212 ac

126 2237 360 2289 diligenter
382 2239 587 2286 recitent,
613 2246 887 2279 sacramenta
916 2242 1209 2282 confessionis
1239 2249 1285 2281 et
1316 2257 1466 2283 sacrae
1489 2245 1756 2283 communio-

130 2308 195 2346 nis
231 2321 328 2347 cum
364 2322 520 2360 magna
554 2311 838 2362 frequentent
873 2313 1139 2361 reuerentia,
1175 2314 1366 2365 alioquin
1394 2315 1506 2363 fore,
1544 2321 1590 2353 ut
1624 2317 1703 2367 ipsi
1733 2329 1757 2354 a

129 2391 267 2430 regno
291 2381 514 2419 caelorum
537 2382 840 2437 excludantur.
860 2384 973 2422 Hinc
994 2397 1099 2423 sane
1116 2385 1178 2433 fit,
1199 2391 1245 2423 ut
1265 2386 1436 2425 illorum
1460 2388 1623 2438 optima
1643 2388 1756 2426 fama

125 2451 258 2501 longe
279 2452 455 2502 lateque
477 2452 561 2490 iam
584 2452 781 2504 dispersa
801 2460 978 2493 moneat
1008 2456 1176 2494 animos
1204 2458 1444 2507 proborum
1466 2459 1687 2497 hominum
1710 2464 1756 2497 ut

126 2534 230 2560 suos
259 2521 424 2561 liberos
442 2524 620 2574 cupiant
641 2524 754 2575 apud
775 2538 856 2563 nos
878 2524 1005 2564 simili
1025 2529 1196 2566 ratione
1219 2530 1499 2579 commorarj,
1523 2530 1601 2568 sed
1628 2531 1669 2568 in
1691 2531 1755 2568 his

125 2593 389 2644 recipiendis
410 2595 596 2633 habetur
617 2607 641 2632 a
661 2595 787 2633 uobis
810 2595 1024 2645 delectus,
1049 2611 1100 2637 ac
1129 2598 1315 2651 diligens
1337 2601 1568 2639 adhibetur
1591 2602 1752 2648 cautio,

170 2774 190 2794 a
238 2775 323 2821 (qui
345 2774 388 2812 12
405 2787 575 2813 numero
593 2779 687 2812 sunt
705 2780 745 2812 et
763 2787 945 2814 seorsum
971 2791 994 2815 a
1021 2779 1168 2817 nostris
1196 2781 1336 2826 [delet.
1365 2786 1405 2818 et
1433 2787 1597 2818 manent
1629 2786 1669 2820 et
1700 2782 1756 2819 ci-

123 2834 218 2871 bum
237 2834 414 2881 capiunt]
434 2835 647 2880 habitant).
700 2835 766 2861 —b
791 2836 1058 2884 Consumpta
1077 2839 1244 2877 charta.

173 3011 182 3031 ¹
236 3010 437 3048 Albertus
455 3010 510 3056 V,
532 3010 734 3049 Bavariae
753 3012 846 3051 dux.
