1908 3446
25 3079 32 3099 1

0 3028 14 3165 ‹vm—»w
2 2955 19 3022 -νε
0 2796 22 2949 τηεμ-9
0 2716 21 2790 vai
0 2648 15 2708 ΜΕ

515 268 841 308 342—SEG0v1A
865 264 911 307 29
930 264 1138 317 JANUARu
1167 269 1256 306 1560
1576 267 1646 306 513

12 408 14 410 ,
70 377 189 410 tanta
211 373 337 423 copia
357 378 486 424 atque
511 373 744 424 elegantia,
769 378 816 411 ut
837 372 1125 412 Salmanticae
1148 377 1221 410 aut
1244 372 1463 423 Compluti
1484 372 1611 421 (citra
1633 373 1693 410 hi-

69 444 313 494 perbolem)
333 444 553 495 frequenti
575 444 844 483 eruditorum
867 445 1040 482 theatro
1064 455 1161 481 cum
1183 443 1482 481 satisfactione
1503 444 1693 481 omnium

68 521 248 565 possent
269 516 459 553 recitari.
483 515 592 553 Sunt
615 522 659 553 et
679 516 748 565 alij
773 516 858 554 duo
880 519 1194 566 praeceptores
1216 515 1528 566 grammaticae
1549 515 1592 552 in
1613 515 1694 552 hac

70 585 192 632 urbe,
216 599 399 636 quorum
421 585 619 636 discipuli
644 599 809 634 omnes,
832 591 981 637 preter
1010 585 1161 637 viginti
1192 585 1245 623 ad
1275 599 1503 631 summum,
1528 584 1582 623 ad
1612 598 1693 623 nos

70 655 344 695 defecerunt.
369 657 582 695 Existimo
615 663 658 696 et
688 657 807 708 ipsos
836 658 959 696 breui
990 662 1064 695 aut
1094 657 1195 695 hinc
1223 657 1434 703 abituros,
1468 662 1542 694 aut
1571 662 1693 695 certe

70 727 195 766 aliam
224 728 403 767 viuendi
432 729 647 767 rationem
678 736 925 777 secuturos3
950 734 993 767 et
1015 734 1115 767 sunt
1135 728 1311 779 quidem
1333 727 1413 779 ipsi
1435 728 1694 766 eruditionis

69 811 156 837 non
171 799 486 849 aspernandae3
505 799 583 838 sed
600 799 856 838 incredibile
874 800 992 838 dictu
1011 806 1077 838 est
1093 813 1221 851 quam
1238 798 1291 837 sit
1308 800 1393 837 hoc
1408 799 1696 837 instituendo-

70 883 162 909 rum
176 883 413 921 puerorum
428 872 714 910 ministerium
725 873 961 911 Societatis
977 872 1177 910 omnibus
1192 877 1375 923 gratum.
1393 877 1436 909 et
1453 876 1695 921 acceptum.

71 942 273 993 Magnum
303 942 463 993 aliquid
494 956 540 981 se
572 942 758 994 adeptos
788 949 955 994 putant,
982 949 1025 982 et
1046 943 1236 994 ingenue
1259 943 1339 994 ipsi
1359 943 1566 989 fatentur,
1591 956 1697 993 quo-

71 1026 164 1052 rum
185 1013 308 1051 liberi
339 1012 453 1065 apud
483 1027 564 1052 nos
594 1014 733 1052 literis
765 1015 890 1053 simul
922 1020 967 1053 et
998 1014 1193 1053 moribus
1216 1014 1482 1052 imbuuntur.
1506 1014 1601 1052 Nec
1622 1013 1696 1051 fal-

71 1085 214 1123 luntur
243 1084 416 1123 interim
448 1084 670 1136 opinione,
703 1086 840 1124 multo
872 1086 987 1124 enim
1017 1086 1155 1136 magis
1191 1084 1304 1135 apud
1335 1097 1416 1123 nos
1447 1097 1534 1123 vno
1565 1097 1694 1132 anno,

72 1169 198 1207 quam
220 1155 333 1207 apud
353 1156 462 1195 alios
483 1157 616 1207 longo
639 1162 840 1208 tempore
861 1157 1111 1208 proficiunt3
1134 1157 1233 1207 quia
1253 1169 1340 1194 non
1361 1155 1543 1207 perinde
1562 1156 1698 1194 refert

71 1240 198 1278 quam
220 1226 417 1265 eruditos
444 1227 605 1266 habeat
635 1228 788 1278 aliquis
818 1234 1147 1279 praeceptores,
1181 1240 1232 1265 ac
1261 1239 1346 1276 qua
1375 1227 1545 1265 ratione
1575 1228 1699 1278 pueri

72 1299 365 1338 instituantur.

127 1380 163 1419 5.
223 1370 407 1409 Feriatis
427 1375 634 1421 preterea
655 1370 810 1409 diebus
832 1383 911 1409 sex
932 1376 1129 1409 nostrum
1151 1370 1329 1418 diuersi,
1354 1371 1462 1408 alius
1483 1370 1538 1409 ad
1572 1371 1699 1409 aliam

71 1441 294 1481 basilicam
323 1442 433 1480 imus
454 1441 742 1481 decantantes
764 1448 957 1481 sanctam
979 1442 1225 1481 doctrinam
1248 1447 1292 1480 et
1312 1454 1574 1480 numerosos
1595 1455 1700 1493 prae

72 1513 198 1552 nobis
218 1526 455 1564 puerorum
476 1519 661 1565 agentes
683 1527 860 1565 greges.
885 1516 985 1553 Non
1006 1513 1122 1553 aliud
1143 1515 1184 1552 in
1207 1517 1300 1552 tota
1322 1514 1504 1552 ciuitate
1533 1515 1700 1565 gratius

75 1590 143 1624 est
180 1586 501 1636 spectaculum.
542 1587 643 1625 Non
683 1590 859 1624 cessant
897 1598 981 1624 nec
1027 1587 1227 1625 homines
1265 1598 1350 1625 nec
1393 1586 1614 1625 foeminae
1659 1587 1701 1625 in

74 1661 410 1708 praetereuntes
439 1670 520 1695 nos
550 1656 890 1696 benedictiones
927 1670 1190 1709 congerere3
1222 1670 1273 1695 ac
1303 1657 1384 1696 sibi
1414 1658 1700 1708 gratulantur,

77 1732 120 1769 et
150 1729 245 1768 Deo
277 1728 378 1780 Opt.
412 1729 574 1780 gratias
603 1734 752 1780 agunt,
785 1729 905 1780 quod
939 1735 1107 1767 tanturn
1137 1729 1391 1780 acceperint
1421 1730 1698 1768 beneficium.

68 1798 270 1852 *Insolens
293 1800 407 1838 enirn
429 1805 524 1838 erat
543 1801 655 1839 haec
676 1800 831 1839 ciuitas
851 1801 1003 1839 harum
1027 1801 1217 1841 omnium
1240 1817 1400 1852 rerum,
1424 1802 1526 1854 quin
1544 1807 1587 1840 et
1608 1802 1702 1839 fere

75 1869 129 1909 de
158 1870 274 1909 nulla
302 1871 383 1909 alia
412 1884 459 1910 re
491 1884 636 1910 sermo
660 1870 744 1920 est3
767 1873 853 1911 uici
874 1885 926 1912 ac
945 1874 1118 1924 plateae
1147 1873 1219 1912 diu
1242 1881 1285 1913 et
1306 1880 1440 1914 noctu
1467 1887 1703 1926 puerorum

45 1955 47 1958 ⁴
74 1941 256 1982 uocibus
277 1942 389 1980 haec
409 1943 576 1981 cantica
595 1942 924 1983 decantantium
944 1951 1199 1995 personant3
1222 1947 1287 1984 his
1310 1960 1357 1984 se
1379 1945 1608 1984 cantilenis
1632 1958 1703 1983 an-

78 2012 201 2051 cillae
223 2025 247 2051 a
267 2012 513 2052 domestico
535 2015 686 2053 labore
708 2021 914 2063 auocant3
936 2016 1020 2054 hae
1043 2022 1144 2055 sunt
1164 2017 1257 2055 fere
1286 2017 1414 2067 hujus
1444 2017 1594 2068 populi
1624 2016 1703 2054 las-

79 2083 202 2122 ciuae
233 2086 562 2136 amatoriaeque
593 2087 839 2135 cantiones;
870 2087 953 2126 hac
984 2101 1069 2127 una
1098 2101 1146 2127 re
1176 2089 1365 2127 solamur
1397 2089 1619 2127 tristiciam
1653 2088 1707 2138 (si

78 2159 223 2193 tamen
244 2168 314 2193 res
334 2159 423 2194 tam
443 2157 605 2195 acerba
625 2158 759 2196 ullum
780 2157 968 2197 admittit
992 2160 1212 2210 solatium)
1234 2173 1361 2211 quarn
1392 2158 1518 2198 nobis
1549 2159 1688 2209 impor

79 2231 142 2264 tat
174 2226 362 2277 perditio
403 2228 656 2276 animarum,
698 2241 805 2280 quas
839 2230 926 2268 late
964 2243 1144 2281 serpens
1180 2232 1407 2270 haeretica
1442 2231 1631 2281 pravitas
1665 2228 1707 2267 in

81 2296 369 2337 damnationis
391 2304 601 2338 tartarum
624 2299 858 2351 demergit.
883 2300 995 2339 Nam
1017 2302 1050 2339 si
1072 2301 1175 2340 alibi
1204 2315 1363 2340 nomen
1398 2302 1478 2340 Dei
1509 2301 1707 2352 blasphe-

81 2372 234 2417 matur,
258 2368 328 2408 hic
356 2359 386 2408 *a
415 2370 563 2421 pueris
594 2372 796 2410 certatim
825 2371 1117 2421 benedicitur,
1151 2373 1321 2412 utillud
1352 2374 1581 2424 impleatur
1610 2386 1708 2423 pro-

17 2452 21 2478 ·,
79 2440 316 2491 pheticum:
351 2454 405 2480 ex
437 2454 514 2481 ore
534 2442 762 2481 infantium
785 2448 829 2481 et
850 2444 1120 2493 lactentium,
1147 2451 1233 2484 etc.
1259 2446 1284 2485 ¹.
1310 2447 1397 2484 Itur
1420 2446 1550 2483 etiarn
1573 2443 1626 2482 ad
1649 2445 1708 2483 vi-

82 2511 198 2550 cinas
219 2513 358 2560 uillas,
382 2513 498 2552 unde
520 2526 574 2554 eo
597 2514 734 2554 maior
755 2515 935 2554 metitur
955 2516 1138 2564 fructus,
1163 2530 1248 2568 quo
1272 2517 1410 2568 magis
1431 2518 1513 2555 hac
1543 2516 1708 2567 indige-

81 2582 186 2621 bant
208 2596 307 2635 ope.

134 2654 172 2692 6.
231 2654 474 2706 Episcopus
504 2657 517 2677 ²
546 2657 619 2707 qui
649 2658 803 2698 morbo
825 2659 1109 2710 praepeditus
1130 2659 1326 2698 nondum
1348 2659 1402 2697 ad
1423 2659 1536 2697 hanc
1557 2659 1708 2697 urbem

82 2731 347 2773 accesserat,
386 2739 482 2764 eam
516 2727 625 2777 adijt
660 2728 818 2767 abhinc
851 2731 930 2768 XX
968 2730 1139 2778 diebus,
1181 2731 1252 2781 qui
1293 2743 1420 2780 quam
1462 2729 1617 2768 charus
1657 2729 1711 2767 sit

85 2797 282 2835 omnibus
317 2798 456 2836 omnis
491 2798 756 2838 conditionis
786 2801 1036 2840 hominibus
1065 2814 1144 2852 pro
1181 2802 1269 2840 suis
1300 2801 1497 2839 maximis
1528 2801 1709 2847 meritis,

81 2866 330 2919 frequentia
348 2869 512 2920 populi,
536 2869 609 2920 qui
630 2883 679 2909 se
699 2871 956 2911 aduenienti
979 2873 1153 2911 obuiam
1176 2873 1346 2920 effudit,
1376 2873 1606 2911 manifeste
1639 2872 1710 2909 sle-

132 3028 143 3048 ¹
192 3028 259 3066 Ps.
281 3028 393 3074 VIII,
412 3029 448 3066 3.

131 3086 145 3107 ²
194 3086 434 3126 Franciscus
455 3088 697 3136 Benavides,
718 3089 767 3129 O.
789 3089 831 3129 S.
853 3090 969 3129 Hier.

226 3171 389 3197 Livrmnn
409 3172 768 3204 Qnmn›umzsrnns.-T.
791 3174 842 3199 Vl.
1540 3179 1570 3205 33
