1908 3446
3 1536 7 1576 -.-
3 1504 5 1509 -
0 1439 7 1492 -—-
0 1045 7 1428 »&.**————--

481 192 562 230 308.
580 214 601 217 ›-
618 192 796 230 PAmsus
822 194 844 229 5
870 192 1116 231 Novfflvfflnis
1146 194 1234 230 1559
1555 192 1621 230 371

799 417 914 470 308

429 554 742 612 JOANNES
776 555 1295 602 BENEVOLUTUS

532 688 703 715 PARisus
727 680 750 715 5
778 689 1012 717 NovnMBms
1037 679 1127 716 1559
1156 681 1176 718 ¹.

51 791 82 829 l.
115 789 220 840 spes
246 789 442 840 majoris
460 789 651 841 fructas
682 791 939 843 affulgens.
959 791 1039 831 ·—2.
1074 792 1201 832 Socii
1229 793 1477 833 litterariis
1505 795 1674 833 studiis

126 854 371 906 diligenter
405 857 516 893 dant
550 857 850 906 opertum—3.
890 858 1223 897 Poenitentiurn
1258 860 1298 898 et
1332 860 1671 899 communican-

125 920 237 959 tinm
259 920 542 971 frequentia.
580 921 819 961 Contiones
849 924 1021 962 nostris
1055 923 1340 964 interdictae.
1378 925 1595 964 Conversi
1618 926 1672 965 ab

124 986 415 1025 haeresi—4.
449 986 646 1038 Regiam
671 988 989 1038 patrocinium
1021 988 1264 1028 Societatis
1297 989 1343 1028 in
1377 990 1536 1029 Gallia
1559 991 1674 1030 dila-

125 1051 329 1090 tum—5.
357 1051 615 1103 Collegium
637 1066 663 1091 a
686 1054 1044 1103 lugdunensibus
1064 1055 1321 1105 expetitum.

103 1176 135 1203 1.
194 1167 221 1215 †
251 1165 359 1203 IHS.
397 1165 551 1204 Gratia
576 1171 625 1219 ‘et
656 1180 740 1217 pax
772 1168 869 1206 Dni.
901 1169 980 1207 nri.
1012 1169 1112 1207 Iesu
1143 1169 1261 1207 Chri.
1293 1170 1349 1207 sit
1379 1182 1553 1221 semper
1575 1182 1673 1208 cum

50 1237 243 1275 omnibus
263 1237 404 1276 nobis.
430 1237 585 1276 Amen.
614 1237 804 1286 [Scribet
825 1253 877 1278 ex
899 1240 1196 1279 oboedientia.
1221 1239 1331 1278 Stili
1347 1243 1386 1280 et
1407 1254 1564 1281 reram
1586 1241 1674 1281 exi-

48 1308 216 1348 litatem
245 1311 460 1358 excusam
494 1310 621 1348 Nosti
655 1310 859 1361 equidem
890 1313 930 1350 et
959 1312 1046 1350 loci
1075 1312 1395 1361 difficultatem,
1420 1313 1536 1352 unde
1563 1314 1674 1352 haec

50 1380 188 1418 omnia
208 1379 419 1432 decerpta
450 1386 564 1429 sunt,
597 1383 637 1420 et
673 1381 851 1434 ingenij
885 1383 973 1422 inei
1006 1383 1255 1424 ruditatem
1285 1398 1376 1423 non
1414 1385 1671 1437 ignorabi8‚

49 1453 193 1491 credo:
214 1453 610 1503 quantulacumque
632 1460 780 1492 tamen
801 1453 883 1492 ista
913 1456 1011 1502 sint,
1037 1468 1178 1506 aequo
1209 1456 1353 1495 animo
1386 1463 1433 1495 ut
1462 1457 1673 1508 suscipias

48 1523 331 1562 uehementer
353 1537 573 1575 rogamus,
598 1524 700 1563 dum
723 1526 889 1564 maiora
910 1539 961 1564 ac
977 1527 1160 1565 meliora
1182 1527 1439 1575 educantur,
1464 1542 1576 1579 quae
1597 1542 1673 1567 no-

47 1594 109 1632 bis
128 1594 249 1632 firma
271 1595 484 1645 quaedam
506 1608 607 1646 spes
630 1601 673 1634 et
695 1609 862 1635 summa
885 1599 1137 1648 expectatio
1156 1599 1327 1637 futurae
1350 1601 1673 1651 tranquillitatis

48 1664 238 1717 ingenue
268 1666 446 1716 quidem
468 1668 665 1718 polliceri
697 1667 916 1707 uidentur.
950 1670 1075 1707 Haec
1108 1671 1236 1708 nobis
1270 1674 1358 1708 tam
1389 1671 1599 1722 frugifera
1631 1678 1674 1710 et

48 1738 276 1785 luculenta,
308 1744 519 1790 tantoque
552 1752 648 1778 cum
670 1739 857 1779 foenore
878 1744 1052 1792 ponitur
1076 1743 1130 1780 ob
1155 1743 1323 1790 oculos,
1348 1748 1394 1780 ut
1424 1744 1558 1781 multa
1578 1757 1672 1794 pas-

50 1821 118 1848 sos
139 1822 236 1848 esse
256 1823 344 1849 non
372 1812 614 1861 poeniteat,
648 1814 688 1850 et
719 1813 874 1851 omnia
906 1813 1104 1853 eiusdem
1131 1813 1300 1865 gratia
1331 1815 1436 1864 pati
1464 1814 1674 1854 labentis-

49 1879 154 1920 sime
170 1882 332 1932 parati
349 1882 494 1921 simus
515 1885 554 1923 et
575 1885 830 1932 ualeamus,
856 1885 1054 1924 Domino
1077 1885 1281 1925 iuuante.

99 1961 136 1990 2.
195 1953 383 1991 Primum
404 1954 551 2004 igitur,
572 1959 617 1992 ut
639 1968 663 1993 a
684 1955 940 1995 domesticis
964 1955 1122 2004 ordiar,
1146 1958 1216 2006 qui
1240 1957 1443 1995 destinati
1467 1964 1565 1995 sunt
1588 1963 1675 1995 stu-

52 2021 143 2072 dijs,
167 2036 322 2075 magna
343 2024 571 2076 diligentia
593 2032 636 2064 et
659 2028 946 2066 contentione
964 2028 1101 2066 literis
1123 2034 1283 2067 nauant
1308 2041 1500 2079 operam,
1523 2035 1567 2067 et
1588 2042 1676 2067 non

51 2094 325 2134 mediocriter
347 2097 486 2135 solitis
507 2098 750 2148 tyrocinijs,
771 2099 1139 2150 disputationibus
1160 2100 1377 2147 nimirum,
1402 2101 1676 2148 repetitioni-

51 2164 126 2204 bus
158 2167 363 2214 uicissim,
402 2169 794 2219 compositionibus
831 2176 874 2208 et
909 2172 1117 2218 coeteris,
1156 2171 1311 2221 quibus
1347 2177 1676 2210 consueuerunt

52 2235 199 2284 modis,
233 2250 447 2277 exercere
483 2253 583 2278 sese
613 2245 893 2292 promouent.
927 2242 1226 2281 Concionatur
1259 2243 1390 2282 etiam
1420 2244 1603 2294 quisque
1633 2244 1676 2282 in

54 2307 197 2346 ordine
246 2323 324 2348 suo
370 2310 503 2359 domi,
547 2317 590 2349 et
630 2313 760 2351 tonos
799 2313 957 2352 ediscit
994 2314 1027 2352 a.
1078 2314 1241 2352 Verum
1291 2327 1345 2353 ne
1394 2321 1519 2366 putet
1566 2316 1675 2354 inte-

51 2377 126 2417 rim
146 2380 193 2418 R.
217 2381 264 2418 P.
289 2382 338 2419 T.
362 2382 574 2421 interiora
595 2384 754 2422 mentis
777 2389 820 2422 et
843 2385 1040 2436 corporis
1064 2387 1278 2424 exercitia
1294 2386 1557 2437 spiritusque
1579 2400 1675 2437 pro-

10 2451 13 2471 ἶ
51 2448 206 2489 fectum
228 2453 368 2491 minus
391 2454 546 2502 curari,
581 2456 662 2493 ant
693 2454 848 2505 aliquo
877 2458 1013 2506 pacto
1047 2458 1102 2495 ab
1132 2457 1297 2497 eisdem
1328 2457 1497 2504 ommi,-
1527 2459 1675 2496 neruis

52 2520 164 2559 enim
185 2524 378 2562 extensis
400 2530 445 2563 et
468 2526 583 2564 omni
601 2527 888 2565 contentione
905 2528 1050 2575 animi,
1074 2529 1305 2568 humilitati
1330 2535 1374 2567 et
1393 2529 1675 2568 obedientiae

54 2594 324 2646 coeterisque
354 2596 588 2636 uirtutibus
619 2598 811 2646 student,
844 2599 904 2637 ita
939 2604 984 2637 ut
1018 2600 1147 2638 facile
1178 2602 1316 2652 possit
1344 2602 1527 2652 quisque
1549 2602 1604 2640 de
1627 2614 1674 2640 se

53 2663 210 2703 maiora
229 2665 271 2703 in
293 2666 386 2705 dies
406 2668 619 2718 polliceri.

96 2798 116 2818 a
162 2800 202 2837 in
219 2801 321 2838 tonis
340 2814 384 2839 se
403 2809 580 2842 exercet.

99 2931 108 2951 ¹
159 2930 219 2968 Ex
236 2933 488 2980 autographo
507 2946 530 2970 a
550 2933 726 2972 Polanco
744 2935 943 2982 castigato
962 2935 1001 2972 in
1022 2936 1106 2973 cod.
1131 2936 1223 2974 Gal.
1248 2937 1309 2978 61.
1338 2937 1361 2972 2
1388 2936 1447 2981 ff..
1477 2949 1544 2974 nn.
1574 2937 1609 2982 3,
1638 2938 1672 2983 4;

13 3014 18 3040 3
54 2988 158 3036 prius
176 2990 254 3032 776.
