<?xml version="1.0" encoding="UTF-8"?>
<!DOCTYPE html PUBLIC "-//W3C//DTD XHTML 1.0 Transitional//EN"
    "http://www.w3.org/TR/xhtml1/DTD/xhtml1-transitional.dtd">
<html xmlns="http://www.w3.org/1999/xhtml" xml:lang="en" lang="en">
 <head>
  <title>
</title>
<meta http-equiv="Content-Type" content="text/html;charset=utf-8" />
  <meta name='ocr-system' content='tesseract 3.04.00' />
  <meta name='ocr-capabilities' content='ocr_page ocr_carea ocr_par ocr_line ocrx_word'/>
</head>
<body>
  <div class='ocr_page' id='page_1' title='image "./litteraequadrime1806lain_0584.png"; bbox 0 0 1908 3446; ppageno 0'>
   <div class='ocr_carea' id='block_1_1' title="bbox 198 323 1274 369">
    <p class='ocr_par' dir='ltr' id='par_1_1' title="bbox 198 323 1274 369">
     <span class='ocr_line' id='line_1_1' title="bbox 198 323 1274 369; baseline -0.004 -5"><span class='ocrx_word' id='word_1_1' title='bbox 198 323 268 364; x_wconf 75' lang='lat'>564</span> <span class='ocrx_word' id='word_1_2' title='bbox 672 323 890 362; x_wconf 76' lang='lat' dir='ltr'><strong>LITTERAE</strong></span> <span class='ocrx_word' id='word_1_3' title='bbox 919 324 1274 369; x_wconf 72' lang='lat' dir='ltr'>QUADmMEsTREs</span> 
     </span>
    </p>
   </div>
   <div class='ocr_carea' id='block_1_2' title="bbox 154 423 1783 1337">
    <p class='ocr_par' dir='ltr' id='par_1_2' title="bbox 154 423 1777 765">
     <span class='ocr_line' id='line_1_2' title="bbox 154 423 1777 471; baseline -0.001 -7"><span class='ocrx_word' id='word_1_4' title='bbox 154 427 316 466; x_wconf 79' lang='lat' dir='ltr'>liariter</span> <span class='ocrx_word' id='word_1_5' title='bbox 358 426 625 465; x_wconf 79' lang='lat' dir='ltr'>tractandos,</span> <span class='ocrx_word' id='word_1_6' title='bbox 672 428 812 466; x_wconf 88' lang='lat' dir='ltr'>Curae</span> <span class='ocrx_word' id='word_1_7' title='bbox 858 425 1031 463; x_wconf 80' lang='lat' dir='ltr'>interim</span> <span class='ocrx_word' id='word_1_8' title='bbox 1078 430 1146 463; x_wconf 89' lang='lat' dir='ltr'>est</span> <span class='ocrx_word' id='word_1_9' title='bbox 1186 425 1386 463; x_wconf 86' lang='lat' dir='ltr'>Patribus</span> <span class='ocrx_word' id='word_1_10' title='bbox 1431 423 1684 471; x_wconf 88' lang='lat' dir='ltr'>Societatis,</span> <span class='ocrx_word' id='word_1_11' title='bbox 1731 431 1777 463; x_wconf 90' lang='lat' dir='ltr'>ut</span> 
     </span>
     <span class='ocr_line' id='line_1_3' title="bbox 156 497 1776 550; baseline -0.001 -13"><span class='ocrx_word' id='word_1_12' title='bbox 156 512 308 537; x_wconf 89' lang='lat' dir='ltr'>omnes</span> <span class='ocrx_word' id='word_1_13' title='bbox 338 499 496 537; x_wconf 84' lang='lat' dir='ltr'>subditi</span> <span class='ocrx_word' id='word_1_14' title='bbox 518 498 705 550; x_wconf 88' lang='lat' dir='ltr'>proprijs</span> <span class='ocrx_word' id='word_1_15' title='bbox 734 498 981 549; x_wconf 73' lang='lat' dir='ltr'>pastoribus</span> <span class='ocrx_word' id='word_1_16' title='bbox 1013 503 1057 535; x_wconf 86' lang='lat' dir='ltr'>et</span> <span class='ocrx_word' id='word_1_17' title='bbox 1086 497 1311 547; x_wconf 89' lang='lat' dir='ltr'>parrochis</span> <span class='ocrx_word' id='word_1_18' title='bbox 1342 497 1425 534; x_wconf 87' lang='lat' dir='ltr'>sint</span> <span class='ocrx_word' id='word_1_19' title='bbox 1456 509 1583 546; x_wconf 90' lang='lat' dir='ltr'>quam</span> <span class='ocrx_word' id='word_1_20' title='bbox 1616 498 1776 547; x_wconf 86' lang='lat' dir='ltr'>optime</span> 
     </span>
     <span class='ocr_line' id='line_1_4' title="bbox 154 568 1777 620; baseline -0.002 -11"><span class='ocrx_word' id='word_1_21' title='bbox 154 571 318 609; x_wconf 86' lang='lat' dir='ltr'>affecti.</span> <span class='ocrx_word' id='word_1_22' title='bbox 350 572 448 620; x_wconf 79' lang='lat' dir='ltr'>Quo</span> <span class='ocrx_word' id='word_1_23' title='bbox 481 571 633 608; x_wconf 86' lang='lat' dir='ltr'>mirum</span> <span class='ocrx_word' id='word_1_24' title='bbox 664 570 705 607; x_wconf 89' lang='lat' dir='ltr'>in</span> <span class='ocrx_word' id='word_1_25' title='bbox 736 569 913 607; x_wconf 86' lang='lat' dir='ltr'>modum</span> <span class='ocrx_word' id='word_1_26' title='bbox 945 574 1035 606; x_wconf 89' lang='lat' dir='ltr'>tum</span> <span class='ocrx_word' id='word_1_27' title='bbox 1066 568 1356 615; x_wconf 87' lang='lat' dir='ltr'>subditorum,</span> <span class='ocrx_word' id='word_1_28' title='bbox 1394 573 1484 606; x_wconf 87' lang='lat' dir='ltr'>tum</span> <span class='ocrx_word' id='word_1_29' title='bbox 1522 569 1651 606; x_wconf 89' lang='lat' dir='ltr'>etiarn</span> <span class='ocrx_word' id='word_1_30' title='bbox 1686 581 1777 617; x_wconf 89' lang='lat' dir='ltr'>par-</span> 
     </span>
     <span class='ocr_line' id='line_1_5' title="bbox 154 639 1777 687; baseline -0.001 -7"><span class='ocrx_word' id='word_1_31' title='bbox 154 643 390 681; x_wconf 89' lang='lat' dir='ltr'>rochorum</span> <span class='ocrx_word' id='word_1_32' title='bbox 421 643 501 680; x_wconf 87' lang='lat' dir='ltr'>sibi</span> <span class='ocrx_word' id='word_1_33' title='bbox 536 643 703 680; x_wconf 89' lang='lat' dir='ltr'>animos</span> <span class='ocrx_word' id='word_1_34' title='bbox 735 640 982 687; x_wconf 79' lang='lat' dir='ltr'>conciliant,</span> <span class='ocrx_word' id='word_1_35' title='bbox 1018 646 1062 678; x_wconf 90' lang='lat' dir='ltr'>et</span> <span class='ocrx_word' id='word_1_36' title='bbox 1093 640 1293 678; x_wconf 86' lang='lat' dir='ltr'>omnibus</span> <span class='ocrx_word' id='word_1_37' title='bbox 1324 639 1465 687; x_wconf 81' lang='lat' dir='ltr'>amici,</span> <span class='ocrx_word' id='word_1_38' title='bbox 1499 652 1549 677; x_wconf 89' lang='lat' dir='ltr'>ac</span> <span class='ocrx_word' id='word_1_39' title='bbox 1580 639 1777 678; x_wconf 87' lang='lat' dir='ltr'>omnibus</span> 
     </span>
     <span class='ocr_line' id='line_1_6' title="bbox 162 711 1458 765; baseline -0.002 -13"><span class='ocrx_word' id='word_1_40' title='bbox 162 714 306 752; x_wconf 91' lang='lat' dir='ltr'>omnia</span> <span class='ocrx_word' id='word_1_41' title='bbox 325 714 443 762; x_wconf 85' lang='lat' dir='ltr'>facti,</span> <span class='ocrx_word' id='word_1_42' title='bbox 468 727 595 765; x_wconf 87' lang='lat' dir='ltr'>quam</span> <span class='ocrx_word' id='word_1_43' title='bbox 615 714 762 764; x_wconf 87' lang='lat' dir='ltr'>plures</span> <span class='ocrx_word' id='word_1_44' title='bbox 784 713 949 750; x_wconf 84' lang='lat' dir='ltr'>amicos</span> <span class='ocrx_word' id='word_1_45' title='bbox 972 711 1145 752; x_wconf 88' lang='lat' dir='ltr'>Christo</span> <span class='ocrx_word' id='word_1_46' title='bbox 1168 711 1458 749; x_wconf 86' lang='lat' dir='ltr'>lucrifaciunt.</span> 
     </span>
    </p>

    <p class='ocr_par' dir='ltr' id='par_1_3' title="bbox 154 783 1783 1337">
     <span class='ocr_line' id='line_1_7' title="bbox 234 783 1777 835; baseline -0.004 -11"><span class='ocrx_word' id='word_1_47' title='bbox 234 787 408 824; x_wconf 89' lang='lat' dir='ltr'>Vtinam</span> <span class='ocrx_word' id='word_1_48' title='bbox 442 786 616 824; x_wconf 89' lang='lat' dir='ltr'>noualia</span> <span class='ocrx_word' id='word_1_49' title='bbox 649 786 761 823; x_wconf 89' lang='lat' dir='ltr'>haec</span> <span class='ocrx_word' id='word_1_50' title='bbox 795 785 972 831; x_wconf 84' lang='lat' dir='ltr'>Christi,</span> <span class='ocrx_word' id='word_1_51' title='bbox 995 796 1106 835; x_wconf 82' lang='lat' dir='ltr'>quae</span> <span class='ocrx_word' id='word_1_52' title='bbox 1143 786 1237 822; x_wconf 77' lang='lat' dir='ltr'>tam</span> <span class='ocrx_word' id='word_1_53' title='bbox 1270 783 1490 821; x_wconf 57' lang='lat' dir='ltr'>foeliciter</span> <span class='ocrx_word' id='word_1_54' title='bbox 1521 786 1777 832; x_wconf 90' lang='lat' dir='ltr'>coeperunt,</span> 
     </span>
     <span class='ocr_line' id='line_1_8' title="bbox 155 853 1779 905; baseline -0.004 -9"><span class='ocrx_word' id='word_1_55' title='bbox 155 858 356 896; x_wconf 82' lang='lat' dir='ltr'>foelicius</span> <span class='ocrx_word' id='word_1_56' title='bbox 392 864 606 905; x_wconf 79' lang='lat' dir='ltr'>crescant,</span> <span class='ocrx_word' id='word_1_57' title='bbox 643 857 926 896; x_wconf 82' lang='lat' dir='ltr'>foelicissime</span> <span class='ocrx_word' id='word_1_58' title='bbox 963 861 1297 902; x_wconf 87' lang='lat' dir='ltr'>conseruentur,</span> <span class='ocrx_word' id='word_1_59' title='bbox 1332 860 1376 892; x_wconf 92' lang='lat' dir='ltr'>et</span> <span class='ocrx_word' id='word_1_60' title='bbox 1406 853 1582 892; x_wconf 89' lang='lat' dir='ltr'>tandem</span> <span class='ocrx_word' id='word_1_61' title='bbox 1614 865 1779 891; x_wconf 86' lang='lat' dir='ltr'>summo</span> 
     </span>
     <span class='ocr_line' id='line_1_9' title="bbox 154 925 1778 981; baseline -0.003 -13"><span class='ocrx_word' id='word_1_62' title='bbox 154 930 434 981; x_wconf 86' lang='lat' dir='ltr'>perficiantur</span> <span class='ocrx_word' id='word_1_63' title='bbox 456 935 710 980; x_wconf 81' lang='lat' dir='ltr'>augmento.</span> <span class='ocrx_word' id='word_1_64' title='bbox 736 930 790 967; x_wconf 89' lang='lat' dir='ltr'>Et</span> <span class='ocrx_word' id='word_1_65' title='bbox 812 930 903 976; x_wconf 86' lang='lat' dir='ltr'>fiet,</span> <span class='ocrx_word' id='word_1_66' title='bbox 928 939 1168 979; x_wconf 84' lang='lat' dir='ltr'>speramus,</span> <span class='ocrx_word' id='word_1_67' title='bbox 1200 928 1233 965; x_wconf 88' lang='lat' dir='ltr'>si</span> <span class='ocrx_word' id='word_1_68' title='bbox 1266 933 1326 974; x_wconf 88' lang='lat' dir='ltr'>tu,</span> <span class='ocrx_word' id='word_1_69' title='bbox 1360 927 1407 965; x_wconf 85' lang='lat' dir='ltr'>R.</span> <span class='ocrx_word' id='word_1_70' title='bbox 1442 928 1507 974; x_wconf 88' lang='lat' dir='ltr'>P.,</span> <span class='ocrx_word' id='word_1_71' title='bbox 1540 925 1778 974; x_wconf 84' lang='lat' dir='ltr'>reliquique</span> 
     </span>
     <span class='ocr_line' id='line_1_10' title="bbox 157 997 1779 1045; baseline -0.004 -6"><span class='ocrx_word' id='word_1_72' title='bbox 157 1001 427 1039; x_wconf 84' lang='lat' dir='ltr'>dilectissimi</span> <span class='ocrx_word' id='word_1_73' title='bbox 451 1003 604 1039; x_wconf 86' lang='lat' dir='ltr'>Patres</span> <span class='ocrx_word' id='word_1_74' title='bbox 641 1006 685 1039; x_wconf 90' lang='lat' dir='ltr'>et</span> <span class='ocrx_word' id='word_1_75' title='bbox 718 1001 876 1039; x_wconf 84' lang='lat' dir='ltr'>fratres</span> <span class='ocrx_word' id='word_1_76' title='bbox 909 1001 952 1038; x_wconf 85' lang='lat' dir='ltr'>in</span> <span class='ocrx_word' id='word_1_77' title='bbox 988 1001 1164 1040; x_wconf 90' lang='lat' dir='ltr'>Christo</span> <span class='ocrx_word' id='word_1_78' title='bbox 1201 998 1455 1045; x_wconf 84' lang='lat' dir='ltr'>charissimi,</span> <span class='ocrx_word' id='word_1_79' title='bbox 1491 997 1578 1035; x_wconf 90' lang='lat' dir='ltr'>hoc</span> <span class='ocrx_word' id='word_1_80' title='bbox 1612 1009 1636 1034; x_wconf 92' lang='lat' dir='ltr'>a</span> <span class='ocrx_word' id='word_1_81' title='bbox 1670 997 1779 1043; x_wconf 91' lang='lat' dir='ltr'>Deo,</span> 
     </span>
     <span class='ocr_line' id='line_1_11' title="bbox 157 1069 1781 1120; baseline -0.004 -9"><span class='ocrx_word' id='word_1_82' title='bbox 157 1073 349 1111; x_wconf 89' lang='lat' dir='ltr'>omnium</span> <span class='ocrx_word' id='word_1_83' title='bbox 380 1073 595 1111; x_wconf 88' lang='lat' dir='ltr'>bonorum</span> <span class='ocrx_word' id='word_1_84' title='bbox 625 1073 764 1119; x_wconf 86' lang='lat' dir='ltr'>fonte,</span> <span class='ocrx_word' id='word_1_85' title='bbox 798 1072 958 1110; x_wconf 79' lang='lat' dir='ltr'>vestris</span> <span class='ocrx_word' id='word_1_86' title='bbox 990 1071 1214 1120; x_wconf 88' lang='lat' dir='ltr'>sacrificijs</span> <span class='ocrx_word' id='word_1_87' title='bbox 1247 1075 1290 1108; x_wconf 93' lang='lat' dir='ltr'>et</span> <span class='ocrx_word' id='word_1_88' title='bbox 1313 1069 1584 1107; x_wconf 87' lang='lat' dir='ltr'>orationibus</span> <span class='ocrx_word' id='word_1_89' title='bbox 1607 1071 1781 1105; x_wconf 87' lang='lat' dir='ltr'>conten-</span> 
     </span>
     <span class='ocr_line' id='line_1_12' title="bbox 157 1143 1783 1194; baseline -0.004 -12"><span class='ocrx_word' id='word_1_90' title='bbox 157 1143 269 1182; x_wconf 82' lang='lat' dir='ltr'>datis</span> <span class='ocrx_word' id='word_1_91' title='bbox 290 1144 539 1194; x_wconf 87' lang='lat' dir='ltr'>impetrare.</span> <span class='ocrx_word' id='word_1_92' title='bbox 565 1145 655 1182; x_wconf 86' lang='lat' dir='ltr'>Pax</span> <span class='ocrx_word' id='word_1_93' title='bbox 687 1144 866 1191; x_wconf 86' lang='lat' dir='ltr'>Christi,</span> <span class='ocrx_word' id='word_1_94' title='bbox 898 1155 1011 1194; x_wconf 85' lang='lat' dir='ltr'>quae</span> <span class='ocrx_word' id='word_1_95' title='bbox 1043 1147 1257 1194; x_wconf 85' lang='lat' dir='ltr'>exuperat</span> <span class='ocrx_word' id='word_1_96' title='bbox 1280 1153 1453 1179; x_wconf 91' lang='lat' dir='ltr'>omnem</span> <span class='ocrx_word' id='word_1_97' title='bbox 1476 1152 1667 1187; x_wconf 83' lang='lat' dir='ltr'>sensum,</span> <span class='ocrx_word' id='word_1_98' title='bbox 1692 1150 1783 1177; x_wconf 88' lang='lat' dir='ltr'>cus-</span> 
     </span>
     <span class='ocr_line' id='line_1_13' title="bbox 156 1209 1781 1266; baseline -0.004 -12"><span class='ocrx_word' id='word_1_99' title='bbox 156 1215 296 1255; x_wconf 89' lang='lat' dir='ltr'>todiat</span> <span class='ocrx_word' id='word_1_100' title='bbox 325 1217 458 1255; x_wconf 86' lang='lat' dir='ltr'>corda</span> <span class='ocrx_word' id='word_1_101' title='bbox 483 1222 634 1255; x_wconf 88' lang='lat' dir='ltr'>nostra</span> <span class='ocrx_word' id='word_1_102' title='bbox 663 1221 705 1254; x_wconf 95' lang='lat' dir='ltr'>et</span> <span class='ocrx_word' id='word_1_103' title='bbox 733 1216 1047 1266; x_wconf 83' lang='lat' dir='ltr'>intelligentias</span> <span class='ocrx_word' id='word_1_104' title='bbox 1085 1220 1273 1253; x_wconf 86' lang='lat' dir='ltr'>nostras.</span> <span class='ocrx_word' id='word_1_105' title='bbox 1311 1215 1466 1252; x_wconf 91' lang='lat' dir='ltr'>Amen.</span> <span class='ocrx_word' id='word_1_106' title='bbox 1500 1213 1564 1250; x_wconf 90' lang='lat' dir='ltr'>Ex</span> <span class='ocrx_word' id='word_1_107' title='bbox 1595 1209 1781 1261; x_wconf 84' lang='lat' dir='ltr'>collegio</span> 
     </span>
     <span class='ocr_line' id='line_1_14' title="bbox 158 1281 1783 1337; baseline -0.004 -12"><span class='ocrx_word' id='word_1_108' title='bbox 158 1289 279 1326; x_wconf 89' lang='lat' dir='ltr'>Iesus</span> <span class='ocrx_word' id='word_1_109' title='bbox 314 1288 356 1325; x_wconf 91' lang='lat' dir='ltr'>in</span> <span class='ocrx_word' id='word_1_110' title='bbox 392 1288 623 1326; x_wconf 85' lang='lat' dir='ltr'>Bethleem</span> <span class='ocrx_word' id='word_1_111' title='bbox 658 1288 762 1337; x_wconf 88' lang='lat' dir='ltr'>(hoc</span> <span class='ocrx_word' id='word_1_112' title='bbox 792 1287 906 1325; x_wconf 87' lang='lat' dir='ltr'>enim</span> <span class='ocrx_word' id='word_1_113' title='bbox 937 1300 1098 1325; x_wconf 90' lang='lat' dir='ltr'>nomen</span> <span class='ocrx_word' id='word_1_114' title='bbox 1131 1291 1197 1324; x_wconf 87' lang='lat' dir='ltr'>est</span> <span class='ocrx_word' id='word_1_115' title='bbox 1228 1285 1330 1323; x_wconf 88' lang='lat' dir='ltr'>huic</span> <span class='ocrx_word' id='word_1_116' title='bbox 1361 1285 1550 1334; x_wconf 83' lang='lat' dir='ltr'>collegio</span> <span class='ocrx_word' id='word_1_117' title='bbox 1586 1281 1783 1331; x_wconf 87' lang='lat' dir='ltr'>inditum)</span> 
     </span>
    </p>
   </div>
   <div class='ocr_carea' id='block_1_3' title="bbox 159 1351 1879 1410">
    <p class='ocr_par' dir='ltr' id='par_1_4' title="bbox 159 1351 1879 1410">
     <span class='ocr_line' id='line_1_15' title="bbox 159 1351 1879 1410; baseline -0.003 -14"><span class='ocrx_word' id='word_1_118' title='bbox 159 1359 484 1409; x_wconf 84' lang='lat' dir='ltr'>bellymarensi,</span> <span class='ocrx_word' id='word_1_119' title='bbox 508 1359 659 1410; x_wconf 92' lang='lat' dir='ltr'>quinto</span> <span class='ocrx_word' id='word_1_120' title='bbox 682 1358 775 1396; x_wconf 86' lang='lat' dir='ltr'>Kal.</span> <span class='ocrx_word' id='word_1_121' title='bbox 801 1359 905 1408; x_wconf 84' lang='lat' dir='ltr'>Apr.</span> <span class='ocrx_word' id='word_1_122' title='bbox 935 1359 1047 1406; x_wconf 80' lang='lat'>1560.</span> <span class='ocrx_word' id='word_1_123' title='bbox 1072 1358 1197 1396; x_wconf 88' lang='lat' dir='ltr'>Iussu</span> <span class='ocrx_word' id='word_1_124' title='bbox 1219 1358 1265 1395; x_wconf 84' lang='lat' dir='ltr'>P.</span> <span class='ocrx_word' id='word_1_125' title='bbox 1287 1357 1399 1407; x_wconf 85' lang='lat' dir='ltr'>Mag.</span> <span class='ocrx_word' id='word_1_126' title='bbox 1421 1355 1661 1406; x_wconf 88' lang='lat' dir='ltr'>Baptistae,</span> <span class='ocrx_word' id='word_1_127' title='bbox 1694 1365 1784 1391; x_wconf 88' lang='lat' dir='ltr'>rec·</span> <span class='ocrx_word' id='word_1_128' title='bbox 1815 1400 1817 1402; x_wconf 15' lang='lat' dir='ltr'>q</span> <span class='ocrx_word' id='word_1_129' title='bbox 1878 1351 1879 1365; x_wconf 73' lang='lat'>³</span> 
     </span>
    </p>
   </div>
   <div class='ocr_carea' id='block_1_4' title="bbox 159 1429 1457 1481">
    <p class='ocr_par' dir='ltr' id='par_1_5' title="bbox 159 1429 1457 1481">
     <span class='ocr_line' id='line_1_16' title="bbox 159 1429 1457 1481; baseline -0.002 -13"><span class='ocrx_word' id='word_1_130' title='bbox 159 1430 282 1478; x_wconf 86' lang='lat' dir='ltr'>toris,</span> <span class='ocrx_word' id='word_1_131' title='bbox 306 1436 406 1468; x_wconf 88' lang='lat' dir='ltr'>tuus</span> <span class='ocrx_word' id='word_1_132' title='bbox 427 1430 630 1481; x_wconf 62' lang='lat' dir='ltr'>indignus</span> <span class='ocrx_word' id='word_1_133' title='bbox 651 1430 693 1468; x_wconf 90' lang='lat' dir='ltr'>in</span> <span class='ocrx_word' id='word_1_134' title='bbox 716 1430 894 1470; x_wconf 80' lang='lat' dir='ltr'>Christo</span> <span class='ocrx_word' id='word_1_135' title='bbox 918 1429 1028 1467; x_wconf 90' lang='lat' dir='ltr'>filius</span> <span class='ocrx_word' id='word_1_136' title='bbox 1051 1435 1097 1468; x_wconf 93' lang='lat' dir='ltr'>et</span> <span class='ocrx_word' id='word_1_137' title='bbox 1117 1429 1280 1467; x_wconf 87' lang='lat' dir='ltr'>inutilis</span> <span class='ocrx_word' id='word_1_138' title='bbox 1303 1441 1457 1466; x_wconf 88' lang='lat' dir='ltr'>seruus</span> 
     </span>
    </p>
   </div>
   <div class='ocr_carea' id='block_1_5' title="bbox 1064 1531 1671 1580">
    <p class='ocr_par' dir='ltr' id='par_1_6' title="bbox 1064 1531 1671 1580">
     <span class='ocr_line' id='line_1_17' title="bbox 1064 1531 1671 1580; baseline -0.007 -10"><span class='ocrx_word' id='word_1_139' title='bbox 1064 1533 1319 1570; x_wconf 83' lang='lat' dir='ltr'>BALTHASAR</span> <span class='ocrx_word' id='word_1_140' title='bbox 1350 1531 1612 1580; x_wconf 77' lang='lat' dir='ltr'><strong>QUADRATUS</strong></span> <span class='ocrx_word' id='word_1_141' title='bbox 1645 1534 1671 1566; x_wconf 89' lang='lat'>¹.</span> 
     </span>
    </p>
   </div>
   <div class='ocr_carea' id='block_1_6' title="bbox 550 1724 1400 1893">
    <p class='ocr_par' dir='ltr' id='par_1_7' title="bbox 550 1724 1400 1893">
     <span class='ocr_line' id='line_1_18' title="bbox 929 1724 1044 1775; baseline 0 -1"><span class='ocrx_word' id='word_1_142' title='bbox 929 1724 1044 1775; x_wconf 78' lang='lat'>356</span> 
     </span>
     <span class='ocr_line' id='line_1_19' title="bbox 550 1829 1400 1893; baseline -0.007 -12"><span class='ocrx_word' id='word_1_143' title='bbox 550 1836 610 1881; x_wconf 85' lang='lat' dir='ltr'>P.</span> <span class='ocrx_word' id='word_1_144' title='bbox 666 1830 1067 1893; x_wconf 75' lang='lat' dir='ltr'>JOANNES</span> <span class='ocrx_word' id='word_1_145' title='bbox 1120 1829 1400 1878; x_wconf 84' lang='lat' dir='ltr'><strong>LOPEZ</strong></span> 
     </span>
    </p>
   </div>
   <div class='ocr_carea' id='block_1_7' title="bbox 626 1961 1327 2002">
    <p class='ocr_par' dir='ltr' id='par_1_8' title="bbox 626 1961 1327 2002">
     <span class='ocr_line' id='line_1_20' title="bbox 626 1961 1327 2002; baseline -0.006 -1"><span class='ocrx_word' id='word_1_146' title='bbox 626 1975 914 2002; x_wconf 82' lang='lat' dir='ltr'>VALLISOLETO</span> <span class='ocrx_word' id='word_1_147' title='bbox 939 1963 981 2000; x_wconf 83' lang='lat'>31</span> <span class='ocrx_word' id='word_1_148' title='bbox 1011 1972 1156 1999; x_wconf 81' lang='lat' dir='ltr'>MARTn</span> <span class='ocrx_word' id='word_1_149' title='bbox 1187 1961 1277 1998; x_wconf 82' lang='lat'>1560</span> <span class='ocrx_word' id='word_1_150' title='bbox 1303 1961 1327 1997; x_wconf 81' lang='lat'>².</span> 
     </span>
    </p>
   </div>
   <div class='ocr_carea' id='block_1_8' title="bbox 164 2054 1805 2511">
    <p class='ocr_par' dir='ltr' id='par_1_9' title="bbox 164 2054 1805 2511">
     <span class='ocr_line' id='line_1_21' title="bbox 164 2054 1790 2109; baseline -0.006 -6"><span class='ocrx_word' id='word_1_151' title='bbox 164 2066 197 2103; x_wconf 86' lang='lat'>1.</span> <span class='ocrx_word' id='word_1_152' title='bbox 232 2064 478 2103; x_wconf 76' lang='lat' dir='ltr'>Sociorum</span> <span class='ocrx_word' id='word_1_153' title='bbox 506 2074 739 2109; x_wconf 77' lang='lat' dir='ltr'>numerus,</span> <span class='ocrx_word' id='word_1_154' title='bbox 772 2061 999 2107; x_wconf 70' lang='lat' dir='ltr'>valetudo,</span> <span class='ocrx_word' id='word_1_155' title='bbox 1034 2072 1087 2097; x_wconf 79' lang='lat' dir='ltr'>ac</span> <span class='ocrx_word' id='word_1_156' title='bbox 1122 2059 1400 2109; x_wconf 75' lang='lat' dir='ltr'>regularum</span> <span class='ocrx_word' id='word_1_157' title='bbox 1430 2054 1790 2096; x_wconf 77' lang='lat' dir='ltr'>observantia.—</span> 
     </span>
     <span class='ocr_line' id='line_1_22' title="bbox 243 2121 1791 2173; baseline -0.008 -3"><span class='ocrx_word' id='word_1_158' title='bbox 243 2131 282 2170; x_wconf 88' lang='grc'>2.</span> <span class='ocrx_word' id='word_1_159' title='bbox 308 2128 590 2169; x_wconf 72' lang='lat' dir='ltr'>Litterariae</span> <span class='ocrx_word' id='word_1_160' title='bbox 621 2126 980 2167; x_wconf 74' lang='lat' dir='ltr'>exercitationes.</span> <span class='ocrx_word' id='word_1_161' title='bbox 1015 2125 1174 2164; x_wconf 68' lang='lat' dir='ltr'>Cultus</span> <span class='ocrx_word' id='word_1_162' title='bbox 1204 2123 1388 2162; x_wconf 64' lang='lat' dir='ltr'>divinus</span> <span class='ocrx_word' id='word_1_163' title='bbox 1419 2121 1791 2173; x_wconf 66' lang='lat' dir='ltr'>amplificatus.-</span> 
     </span>
     <span class='ocr_line' id='line_1_23' title="bbox 242 2185 1790 2238; baseline -0.008 -1"><span class='ocrx_word' id='word_1_164' title='bbox 242 2197 330 2238; x_wconf 78' lang='lat'>3-4.</span> <span class='ocrx_word' id='word_1_165' title='bbox 367 2196 627 2236; x_wconf 69' lang='lat' dir='ltr'>Concursus</span> <span class='ocrx_word' id='word_1_166' title='bbox 659 2195 718 2232; x_wconf 78' lang='lat' dir='ltr'>ad</span> <span class='ocrx_word' id='word_1_167' title='bbox 751 2194 1058 2232; x_wconf 76' lang='lat' dir='ltr'>sacramenta.</span> <span class='ocrx_word' id='word_1_168' title='bbox 1093 2190 1143 2229; x_wconf 86' lang='lat' dir='ltr'>P.</span> <span class='ocrx_word' id='word_1_169' title='bbox 1181 2189 1375 2229; x_wconf 70' lang='lat' dir='ltr'>rectoris</span> <span class='ocrx_word' id='word_1_170' title='bbox 1409 2188 1652 2228; x_wconf 75' lang='lat' dir='ltr'>contiones.</span> <span class='ocrx_word' id='word_1_171' title='bbox 1678 2185 1790 2232; x_wconf 55' lang='lat' dir='ltr'>,Alia</span> 
     </span>
     <span class='ocr_line' id='line_1_24' title="bbox 243 2250 1791 2307; baseline -0.008 -5"><span class='ocrx_word' id='word_1_172' title='bbox 243 2261 503 2302; x_wconf 52' lang='lat' dir='ltr'>‘ministeria</span> <span class='ocrx_word' id='word_1_173' title='bbox 527 2259 574 2298; x_wconf 73' lang='lat' dir='ltr'>iu</span> <span class='ocrx_word' id='word_1_174' title='bbox 595 2270 778 2298; x_wconf 79' lang='lat' dir='ltr'>carcere</span> <span class='ocrx_word' id='word_1_175' title='bbox 805 2259 844 2296; x_wconf 90' lang='lat' dir='ltr'>et</span> <span class='ocrx_word' id='word_1_176' title='bbox 872 2270 973 2296; x_wconf 77' lang='lat' dir='ltr'>cum</span> <span class='ocrx_word' id='word_1_177' title='bbox 999 2255 1226 2307; x_wconf 72' lang='lat' dir='ltr'>infirmis.</span> <span class='ocrx_word' id='word_1_178' title='bbox 1259 2254 1555 2304; x_wconf 72' lang='lat' dir='ltr'>Explauatur</span> <span class='ocrx_word' id='word_1_179' title='bbox 1582 2250 1791 2291; x_wconf 71' lang='lat' dir='ltr'>doctrina</span> 
     </span>
     <span class='ocr_line' id='line_1_25' title="bbox 244 2316 1805 2374; baseline -0.009 -6"><span class='ocrx_word' id='word_1_180' title='bbox 244 2324 615 2368; x_wconf 74' lang='lat' dir='ltr'>christiana.—-5.</span> <span class='ocrx_word' id='word_1_181' title='bbox 649 2323 801 2374; x_wconf 73' lang='lat' dir='ltr'>Signa</span> <span class='ocrx_word' id='word_1_182' title='bbox 831 2325 1015 2361; x_wconf 71' lang='lat' dir='ltr'>mutuae</span> <span class='ocrx_word' id='word_1_183' title='bbox 1047 2319 1376 2361; x_wconf 76' lang='lat' dir='ltr'>benevolentiae</span> <span class='ocrx_word' id='word_1_184' title='bbox 1406 2319 1526 2358; x_wconf 70' lang='lat' dir='ltr'>inter</span> <span class='ocrx_word' id='word_1_185' title='bbox 1553 2319 1733 2357; x_wconf 75' lang='lat' dir='ltr'>nostros</span> <span class='ocrx_word' id='word_1_186' title='bbox 1753 2316 1805 2355; x_wconf 81' lang='lat' dir='ltr'>et·</span> 
     </span>
     <span class='ocr_line' id='line_1_26' title="bbox 244 2380 1792 2446; baseline -0.008 -13"><span class='ocrx_word' id='word_1_187' title='bbox 244 2393 491 2446; x_wconf 78' lang='lat' dir='ltr'>religiosos</span> <span class='ocrx_word' id='word_1_188' title='bbox 512 2389 716 2430; x_wconf 77' lang='lat' dir='ltr'>altorum</span> <span class='ocrx_word' id='word_1_189' title='bbox 739 2389 968 2427; x_wconf 66' lang='lat' dir='ltr'>ordinum.</span> <span class='ocrx_word' id='word_1_190' title='bbox 1000 2386 1157 2425; x_wconf 76' lang='lat' dir='ltr'>Patris</span> <span class='ocrx_word' id='word_1_191' title='bbox 1187 2385 1532 2425; x_wconf 76' lang='lat' dir='ltr'>Valderrabano</span> <span class='ocrx_word' id='word_1_192' title='bbox 1563 2380 1792 2422; x_wconf 75' lang='lat' dir='ltr'>sollemnis</span> 
     </span>
     <span class='ocr_line' id='line_1_27' title="bbox 240 2448 1789 2511; baseline -0.008 -13"><span class='ocrx_word' id='word_1_193' title='bbox 240 2458 484 2511; x_wconf 74' lang='lat' dir='ltr'>professio.</span> <span class='ocrx_word' id='word_1_194' title='bbox 504 2457 670 2495; x_wconf 75' lang='lat' dir='ltr'>Recens</span> <span class='ocrx_word' id='word_1_195' title='bbox 691 2453 883 2493; x_wconf 78' lang='lat' dir='ltr'>admissi</span> <span class='ocrx_word' id='word_1_196' title='bbox 903 2454 950 2492; x_wconf 78' lang='lat' dir='ltr'>in</span> <span class='ocrx_word' id='word_1_197' title='bbox 968 2452 1252 2492; x_wconf 78' lang='lat' dir='ltr'>Societatem.</span> <span class='ocrx_word' id='word_1_198' title='bbox 1274 2451 1429 2490; x_wconf 88' lang='lat' dir='ltr'>Novae</span> <span class='ocrx_word' id='word_1_199' title='bbox 1450 2448 1789 2489; x_wconf 75' lang='lat' dir='ltr'>exstructiones.</span> 
     </span>
    </p>
   </div>
   <div class='ocr_carea' id='block_1_9' title="bbox 168 2557 1790 2688">
    <p class='ocr_par' dir='ltr' id='par_1_10' title="bbox 168 2557 1790 2688">
     <span class='ocr_line' id='line_1_28' title="bbox 223 2557 1790 2617; baseline -0.008 -12"><span class='ocrx_word' id='word_1_200' title='bbox 223 2579 255 2606; x_wconf 93' lang='lat'>1.</span> <span class='ocrx_word' id='word_1_201' title='bbox 315 2569 343 2617; x_wconf 83' lang='lat'><strong>†</strong></span> <span class='ocrx_word' id='word_1_202' title='bbox 371 2566 457 2604; x_wconf 91' lang='lat' dir='ltr'>Ihs.</span> <span class='ocrx_word' id='word_1_203' title='bbox 482 2565 584 2614; x_wconf 87' lang='lat' dir='ltr'>Muy</span> <span class='ocrx_word' id='word_1_204' title='bbox 606 2563 704 2602; x_wconf 75' lang='lat' dir='ltr'>R.⁴10</span> <span class='ocrx_word' id='word_1_205' title='bbox 734 2564 805 2601; x_wconf 69' lang='lat' dir='ltr'>Re</span> <span class='ocrx_word' id='word_1_206' title='bbox 834 2575 929 2600; x_wconf 85' lang='lat' dir='ltr'>nro.</span> <span class='ocrx_word' id='word_1_207' title='bbox 956 2573 1010 2599; x_wconf 89' lang='lat' dir='ltr'>en</span> <span class='ocrx_word' id='word_1_208' title='bbox 1029 2561 1106 2599; x_wconf 85' lang='lat' dir='ltr'>X.0</span> <span class='ocrx_word' id='word_1_209' title='bbox 1126 2559 1279 2599; x_wconf 85' lang='lat' dir='ltr'>Gratia</span> <span class='ocrx_word' id='word_1_210' title='bbox 1301 2564 1345 2596; x_wconf 90' lang='lat' dir='ltr'>et</span> <span class='ocrx_word' id='word_1_211' title='bbox 1371 2571 1455 2609; x_wconf 87' lang='lat' dir='ltr'>pax</span> <span class='ocrx_word' id='word_1_212' title='bbox 1485 2557 1661 2596; x_wconf 86' lang='lat' dir='ltr'>Christi.</span> <span class='ocrx_word' id='word_1_213' title='bbox 1687 2557 1790 2594; x_wconf 87' lang='lat' dir='ltr'>Des-</span> 
     </span>
     <span class='ocr_line' id='line_1_29' title="bbox 168 2626 1790 2688; baseline -0.007 -11"><span class='ocrx_word' id='word_1_214' title='bbox 168 2640 223 2678; x_wconf 90' lang='lat' dir='ltr'>de</span> <span class='ocrx_word' id='word_1_215' title='bbox 246 2639 285 2677; x_wconf 90' lang='lat' dir='ltr'>el</span> <span class='ocrx_word' id='word_1_216' title='bbox 305 2637 495 2688; x_wconf 90' lang='lat' dir='ltr'>primero</span> <span class='ocrx_word' id='word_1_217' title='bbox 518 2635 574 2674; x_wconf 88' lang='lat' dir='ltr'>de</span> <span class='ocrx_word' id='word_1_218' title='bbox 596 2634 831 2674; x_wconf 81' lang='lat' dir='ltr'>Dicienbre</span> <span class='ocrx_word' id='word_1_219' title='bbox 852 2646 908 2671; x_wconf 93' lang='lat' dir='ltr'>no</span> <span class='ocrx_word' id='word_1_220' title='bbox 931 2645 979 2671; x_wconf 89' lang='lat' dir='ltr'>se</span> <span class='ocrx_word' id='word_1_221' title='bbox 1000 2633 1055 2670; x_wconf 87' lang='lat' dir='ltr'>ha</span> <span class='ocrx_word' id='word_1_222' title='bbox 1076 2631 1189 2669; x_wconf 89' lang='lat' dir='ltr'>dado</span> <span class='ocrx_word' id='word_1_223' title='bbox 1212 2635 1372 2669; x_wconf 88' lang='lat' dir='ltr'>cuenta</span> <span class='ocrx_word' id='word_1_224' title='bbox 1391 2631 1513 2680; x_wconf 83' lang='lat' dir='ltr'>larga</span> <span class='ocrx_word' id='word_1_225' title='bbox 1533 2642 1558 2667; x_wconf 88' lang='lat' dir='ltr'>a</span> <span class='ocrx_word' id='word_1_226' title='bbox 1578 2629 1630 2667; x_wconf 90' lang='lat' dir='ltr'>V.</span> <span class='ocrx_word' id='word_1_227' title='bbox 1655 2629 1701 2666; x_wconf 91' lang='lat' dir='ltr'>P.</span> <span class='ocrx_word' id='word_1_228' title='bbox 1739 2626 1790 2664; x_wconf 88' lang='lat' dir='ltr'>de</span> 
     </span>
    </p>
   </div>
   <div class='ocr_carea' id='block_1_10' title="bbox 165 2759 1822 3173">
    <p class='ocr_par' dir='ltr' id='par_1_11' title="bbox 165 2759 1822 3113">
     <span class='ocr_line' id='line_1_30' title="bbox 215 2759 1793 2814; baseline -0.009 -6"><span class='ocrx_word' id='word_1_229' title='bbox 215 2773 222 2792; x_wconf 86' lang='lat'>¹</span> <span class='ocrx_word' id='word_1_230' title='bbox 275 2770 319 2808; x_wconf 92' lang='lat' dir='ltr'>In</span> <span class='ocrx_word' id='word_1_231' title='bbox 354 2770 542 2814; x_wconf 82' lang='lat' dir='ltr'>catalogo</span> <span class='ocrx_word' id='word_1_232' title='bbox 568 2766 735 2813; x_wconf 84' lang='lat' dir='ltr'>collegii</span> <span class='ocrx_word' id='word_1_233' title='bbox 761 2764 991 2811; x_wconf 81' lang='lat' dir='ltr'>burgensis,</span> <span class='ocrx_word' id='word_1_234' title='bbox 1024 2763 1176 2800; x_wconf 85' lang='lat' dir='ltr'>mensis</span> <span class='ocrx_word' id='word_1_235' title='bbox 1203 2761 1390 2799; x_wconf 86' lang='lat' dir='ltr'>Octobris</span> <span class='ocrx_word' id='word_1_236' title='bbox 1421 2759 1522 2805; x_wconf 71' lang='lat'>1564,</span> <span class='ocrx_word' id='word_1_237' title='bbox 1555 2760 1657 2796; x_wconf 89' lang='lat' dir='ltr'>haec</span> <span class='ocrx_word' id='word_1_238' title='bbox 1685 2759 1793 2795; x_wconf 81' lang='lat' dir='ltr'>inve-</span> 
     </span>
     <span class='ocr_line' id='line_1_31' title="bbox 165 2817 1791 2875; baseline -0.01 -6"><span class='ocrx_word' id='word_1_239' title='bbox 165 2832 332 2869; x_wconf 88' lang='lat' dir='ltr'>niuntur</span> <span class='ocrx_word' id='word_1_240' title='bbox 350 2830 399 2866; x_wconf 91' lang='lat' dir='ltr'>de</span> <span class='ocrx_word' id='word_1_241' title='bbox 426 2828 622 2875; x_wconf 89' lang='lat' dir='ltr'>epistolae</span> <span class='ocrx_word' id='word_1_242' title='bbox 649 2832 828 2863; x_wconf 82' lang='lat' dir='ltr'>auctore:</span> <span class='ocrx_word' id='word_1_243' title='bbox 861 2823 934 2860; x_wconf 77' lang='lat' dir='ltr'>«El</span> <span class='ocrx_word' id='word_1_244' title='bbox 960 2823 1026 2860; x_wconf 76' lang='lat' dir='ltr'>Re</span> <span class='ocrx_word' id='word_1_245' title='bbox 1047 2822 1240 2859; x_wconf 84' lang='lat' dir='ltr'>Baltasar</span> <span class='ocrx_word' id='word_1_246' title='bbox 1267 2819 1499 2867; x_wconf 82' lang='lat' dir='ltr'>Quadrado,</span> <span class='ocrx_word' id='word_1_247' title='bbox 1529 2819 1578 2855; x_wconf 87' lang='lat' dir='ltr'>de</span> <span class='ocrx_word' id='word_1_248' title='bbox 1607 2817 1653 2855; x_wconf 85' lang='lat'>32</span> <span class='ocrx_word' id='word_1_249' title='bbox 1683 2821 1791 2859; x_wconf 73' lang='lat' dir='ltr'>afiOS.</span> 
     </span>
     <span class='ocr_line' id='line_1_32' title="bbox 166 2875 1822 2932; baseline -0.01 -4"><span class='ocrx_word' id='word_1_250' title='bbox 166 2891 327 2928; x_wconf 82' lang='lat' dir='ltr'>natural</span> <span class='ocrx_word' id='word_1_251' title='bbox 347 2889 395 2926; x_wconf 85' lang='lat' dir='ltr'>de</span> <span class='ocrx_word' id='word_1_252' title='bbox 414 2887 662 2926; x_wconf 65' lang='lat' dir='ltr'>Santivaflez</span> <span class='ocrx_word' id='word_1_253' title='bbox 681 2885 889 2932; x_wconf 89' lang='lat' dir='ltr'>[obispado</span> <span class='ocrx_word' id='word_1_254' title='bbox 907 2885 957 2921; x_wconf 86' lang='lat' dir='ltr'>de</span> <span class='ocrx_word' id='word_1_255' title='bbox 976 2883 1161 2929; x_wconf 86' lang='lat' dir='ltr'>Astorga</span> <span class='ocrx_word' id='word_1_256' title='bbox 1180 2881 1287 2918; x_wconf 80' lang='lat' dir='ltr'>add.</span> <span class='ocrx_word' id='word_1_257' title='bbox 1307 2883 1388 2917; x_wconf 84' lang='lat' dir='ltr'>cat.</span> <span class='ocrx_word' id='word_1_258' title='bbox 1411 2878 1556 2924; x_wconf 81' lang='lat'>1565].</span> <span class='ocrx_word' id='word_1_259' title='bbox 1581 2877 1674 2915; x_wconf 87' lang='lat' dir='ltr'>Seis</span> <span class='ocrx_word' id='word_1_260' title='bbox 1699 2880 1794 2913; x_wconf 83' lang='lat' dir='ltr'>afios</span> <span class='ocrx_word' id='word_1_261' title='bbox 1820 2875 1822 2877; x_wconf 66' lang='grc'><strong><em>’</em></strong></span> 
     </span>
     <span class='ocr_line' id='line_1_33' title="bbox 166 2936 1794 2995; baseline -0.009 -8"><span class='ocrx_word' id='word_1_262' title='bbox 166 2952 216 2988; x_wconf 91' lang='lat' dir='ltr'>de</span> <span class='ocrx_word' id='word_1_263' title='bbox 235 2947 414 2995; x_wconf 52' lang='lat' dir='ltr'>compa,</span> <span class='ocrx_word' id='word_1_264' title='bbox 444 2961 467 2984; x_wconf 78' lang='lat' dir='ltr'>a</span> <span class='ocrx_word' id='word_1_265' title='bbox 485 2946 588 2993; x_wconf 90' lang='lat' dir='ltr'>oydo</span> <span class='ocrx_word' id='word_1_266' title='bbox 606 2945 700 2982; x_wconf 83' lang='lat' dir='ltr'>bien</span> <span class='ocrx_word' id='word_1_267' title='bbox 719 2946 779 2981; x_wconf 87' lang='lat' dir='ltr'>las</span> <span class='ocrx_word' id='word_1_268' title='bbox 797 2949 906 2981; x_wconf 82' lang='lat' dir='ltr'>artes</span> <span class='ocrx_word' id='word_1_269' title='bbox 925 2957 950 2990; x_wconf 89' lang='lat' dir='ltr'><strong>y</strong></span> <span class='ocrx_word' id='word_1_270' title='bbox 969 2955 1016 2980; x_wconf 90' lang='lat' dir='ltr'>su</span> <span class='ocrx_word' id='word_1_271' title='bbox 1035 2954 1152 2979; x_wconf 86' lang='lat' dir='ltr'>curso</span> <span class='ocrx_word' id='word_1_272' title='bbox 1171 2941 1221 2977; x_wconf 91' lang='lat' dir='ltr'>de</span> <span class='ocrx_word' id='word_1_273' title='bbox 1241 2940 1462 2986; x_wconf 74' lang='lat' dir='ltr'>theologsa;</span> <span class='ocrx_word' id='word_1_274' title='bbox 1484 2939 1594 2975; x_wconf 85' lang='lat' dir='ltr'>tiene</span> <span class='ocrx_word' id='word_1_275' title='bbox 1612 2937 1719 2974; x_wconf 88' lang='lat' dir='ltr'>buen</span> <span class='ocrx_word' id='word_1_276' title='bbox 1737 2936 1794 2971; x_wconf 86' lang='lat' dir='ltr'>la-</span> 
     </span>
     <span class='ocr_line' id='line_1_34' title="bbox 165 2995 1794 3056; baseline -0.009 -10"><span class='ocrx_word' id='word_1_277' title='bbox 165 3015 238 3056; x_wconf 82' lang='lat' dir='ltr'>tin;</span> <span class='ocrx_word' id='word_1_278' title='bbox 258 3007 432 3045; x_wconf 87' lang='lat' dir='ltr'>confiesa</span> <span class='ocrx_word' id='word_1_279' title='bbox 450 3020 474 3054; x_wconf 88' lang='lat' dir='ltr'><strong>y</strong></span> <span class='ocrx_word' id='word_1_280' title='bbox 493 3005 658 3053; x_wconf 82' lang='lat' dir='ltr'>predica</span> <span class='ocrx_word' id='word_1_281' title='bbox 675 3017 750 3041; x_wconf 86' lang='lat' dir='ltr'>con</span> <span class='ocrx_word' id='word_1_282' title='bbox 768 3006 923 3050; x_wconf 85' lang='lat' dir='ltr'>alguna</span> <span class='ocrx_word' id='word_1_283' title='bbox 940 3001 1177 3049; x_wconf 77' lang='lat' dir='ltr'>aceptacion</span> <span class='ocrx_word' id='word_1_284' title='bbox 1208 3014 1233 3047; x_wconf 87' lang='lat' dir='ltr'><strong>y</strong></span> <span class='ocrx_word' id='word_1_285' title='bbox 1265 2998 1557 3036; x_wconf 74' lang='lat' dir='ltr'>satisfaccion.›</span> <span class='ocrx_word' id='word_1_286' title='bbox 1590 2997 1635 3034; x_wconf 91' lang='lat' dir='ltr'>In</span> <span class='ocrx_word' id='word_1_287' title='bbox 1661 2995 1794 3033; x_wconf 88' lang='lat' dir='ltr'>codice</span> 
     </span>
     <span class='ocr_line' id='line_1_35' title="bbox 171 3048 1742 3113; baseline -0.011 -6"><span class='ocrx_word' id='word_1_288' title='bbox 171 3070 281 3107; x_wconf 83' lang='lat' dir='ltr'>Cast.</span> <span class='ocrx_word' id='word_1_289' title='bbox 303 3067 366 3113; x_wconf 81' lang='lat'>13,</span> <span class='ocrx_word' id='word_1_290' title='bbox 386 3066 456 3104; x_wconf 81' lang='lat' dir='ltr'>fol.</span> <span class='ocrx_word' id='word_1_291' title='bbox 475 3065 536 3110; x_wconf 78' lang='lat'>63,</span> <span class='ocrx_word' id='word_1_292' title='bbox 557 3064 681 3101; x_wconf 85' lang='lat' dir='ltr'>delet.</span> <span class='ocrx_word' id='word_1_293' title='bbox 701 3063 786 3101; x_wconf 85' lang='lat'>210.</span> <span class='ocrx_word' id='word_1_294' title='bbox 1740 3048 1742 3050; x_wconf 40' lang='lat'>¹</span> 
     </span>
    </p>

    <p class='ocr_par' dir='ltr' id='par_1_12' title="bbox 214 3112 1554 3173">
     <span class='ocr_line' id='line_1_36' title="bbox 214 3112 1554 3173; baseline -0.007 -9"><span class='ocrx_word' id='word_1_295' title='bbox 214 3129 227 3148; x_wconf 77' lang='lat'>²</span> <span class='ocrx_word' id='word_1_296' title='bbox 277 3126 340 3164; x_wconf 85' lang='lat' dir='ltr'>Ex</span> <span class='ocrx_word' id='word_1_297' title='bbox 357 3125 548 3173; x_wconf 88' lang='lat' dir='ltr'>originali</span> <span class='ocrx_word' id='word_1_298' title='bbox 566 3125 606 3161; x_wconf 89' lang='lat' dir='ltr'>in</span> <span class='ocrx_word' id='word_1_299' title='bbox 625 3124 761 3161; x_wconf 83' lang='lat' dir='ltr'>codice</span> <span class='ocrx_word' id='word_1_300' title='bbox 781 3123 908 3170; x_wconf 86' lang='lat' dir='ltr'>Hisp.</span> <span class='ocrx_word' id='word_1_301' title='bbox 933 3123 1000 3165; x_wconf 89' lang='lat'>97,</span> <span class='ocrx_word' id='word_1_302' title='bbox 1021 3123 1043 3159; x_wconf 80' lang='lat'><strong>2</strong></span> <span class='ocrx_word' id='word_1_303' title='bbox 1056 3121 1113 3166; x_wconf 63' lang='lat' dir='ltr'>ff„</span> <span class='ocrx_word' id='word_1_304' title='bbox 1135 3134 1200 3157; x_wconf 88' lang='lat' dir='ltr'>nn.</span> <span class='ocrx_word' id='word_1_305' title='bbox 1222 3112 1344 3166; x_wconf 83' lang='lat'>96-97;</span> <span class='ocrx_word' id='word_1_306' title='bbox 1366 3120 1477 3166; x_wconf 86' lang='lat' dir='ltr'>prius</span> <span class='ocrx_word' id='word_1_307' title='bbox 1495 3116 1554 3154; x_wconf 86' lang='lat'>22.</span> 
     </span>
    </p>
   </div>
   <div class='ocr_carea' id='block_1_11' title="bbox 1791 0 1908 3446">
    <p class='ocr_par' dir='ltr' id='par_1_13' title="bbox 1791 0 1908 3446">
     <span class='ocr_line' id='line_1_37' title="bbox 1791 0 1908 3446; baseline 0 0"><span class='ocrx_word' id='word_1_308' title='bbox 1791 0 1908 3446; x_wconf 95' lang='lat' dir='ltr'> </span> 
     </span>
    </p>
   </div>
  </div>
 </body>
</html>
