1908 3446
243 202 313 240 460
702 200 922 237 LITTERAE
953 198 1306 243 QUADfflMEs'rREs

198 318 297 344 suas
329 305 620 344 conscientias
651 303 869 354 permulti,
903 315 1012 351 quos
1044 305 1144 338 ante
1176 305 1345 348 tempus
1375 298 1461 335 hoc
1491 297 1644 334 Patres
1678 295 1812 334 nostri

199 390 342 428 neque
365 376 564 415 uiderant
589 387 734 425 neque
765 373 1034 412 audiuerant.
1069 371 1133 409 Ac
1163 375 1282 408 tanta
1313 367 1579 408 confidentia
1608 366 1661 404 ad
1682 365 1814 417 pedes

201 449 480 488 sacerdotum
511 453 793 486 accesserunt
820 451 1085 487 nostrorum,
1110 448 1156 480 ut
1185 455 1271 479 non
1303 438 1597 478 dubitauerint
1620 437 1815 476 occultis·
1856 441 1860 466 ='
1906 480 1908 490 1

202 522 309 559 sima
328 520 497 558 animae
519 531 624 557 suae
645 519 748 568 (quo
773 514 1033 555 sacramenti
1054 512 1237 564 gratiam
1260 514 1635 560 consequerentur
1656 508 1816 546 foelici-

204 594 303 642 ter),
329 592 458 630 etiarn
480 602 591 641 quae
606 589 736 641 forte
758 589 903 639 plures
926 587 981 625 ob
1004 597 1157 623 causas
1179 584 1273 633 alijs
1299 594 1517 633 nunquam
1539 581 1630 619 ausi
1652 581 1819 618 fuerant
1857 587 1860 595 '
1906 610 1908 613 .

204 663 467 715 significare,
492 661 678 712 aperire.
702 661 819 698 Inter
855 671 964 710 quos
987 657 1193 707 magister
1224 654 1397 706 quidam
1427 653 1669 691 liberalium
1699 650 1819 689 disci-

205 735 415 786 plinarum
435 734 574 772 fassus
598 734 661 771 est
682 732 850 770 cuidam
873 727 1093 768 sacerdoti
1115 740 1169 765 ex
1190 726 1365 773 nostris,
1391 737 1438 763 se
1458 725 1542 763 iarn
1563 737 1640 774 per
1662 723 1822 774 aliquot
1906 754 1908 762 ,

1856 596 1860 614 Ι

1858 660 1863 759 ἔ

205 819 355 853 annos,
389 806 450 843 uti
472 804 551 843 sub
579 810 760 854 utraque
793 803 940 853 specie
972 799 1328 845 communicaret,
1360 801 1461 835 octo
1488 807 1692 846 passuum
1713 793 1824 833 milia
1858 783 1863 809 ¹
1907 839 1908 844 1

207 878 381 916 solitum
401 876 535 915 fuisse
556 874 775 926 proficisci
799 879 830 919 a,
855 873 926 923 qui
947 883 1061 909 nunc
1083 870 1257 907 demum
1279 867 1418 920 gratia
1439 867 1535 914 Dei,
1560 865 1823 904 animaduer-

208 962 255 987 so
279 961 330 987 ac
350 947 548 986 abiurato
573 940 737 991 errore,
763 944 920 985 Christi
940 942 1069 994 JESV
1091 953 1274 992 gregem
1296 939 1505 990 sequitur.
1525 936 1826 975 Vniuersitatis
1863 939 1865 944 ’

210 1020 392 1059 studiosi
426 1032 514 1058 non
548 1018 675 1069 pauci
711 1015 1003 1055 conscientias
1040 1026 1138 1051 suas
1174 1011 1227 1049 ad
1266 1016 1516 1049 nostrorum
1552 1007 1826 1046 sacerdotum
1860 990 1863 1033 l

208 1091 343 1143 pedes
365 1090 572 1142 prostrati
593 1088 885 1127 sacratissimo
904 1084 1204 1136 poenitentiae
1227 1086 1499 1120 sacramento
1520 1083 1825 1126 exonerantes,
1860 1036 1874 1134 ξ

212 1163 449 1202 alacriores
470 1161 628 1213 (gratia
658 1161 724 1198 Xi.
757 1171 834 1210 per
870 1160 1189 1195 sacramentum
1218 1152 1440 1204 suscepta)
1461 1156 1507 1189 ut
1529 1152 1548 1176 b
1579 1151 1694 1188 uitae
1725 1149 1828 1187 chri·
1860 1166 1866 1207 1·

213 1235 379 1273 stianae
413 1231 762 1285 perfectionique
800 1230 937 1267 multo
974 1240 1100 1278 quam
1136 1231 1266 1263 antea
1300 1221 1551 1274 diligentius
1589 1220 1827 1271 inuigilent,
1861 1210 1866 1263 l,

214 1319 412 1352 euasere,
446 1317 497 1343 ac
528 1317 582 1342 ex
614 1302 886 1342 sanctissimo
910 1300 1126 1338 ecclesiae
1149 1298 1347 1336 instituto
1370 1295 1424 1333 ad
1446 1293 1618 1341 Dominj
1642 1304 1830 1330 mensam
1861 1265 1867 1344 Ῐ

212 1376 494 1423 accedentes,
519 1374 943 1422 sacratissimumque
966 1384 1123 1421 corpus
1146 1366 1409 1407 dominicum
1441 1364 1674 1403 christiana
1702 1362 1830 1413 pieta·
1862 1347 1867 1425 ι

214 1455 258 1487 te
280 1449 563 1499 accipientes,
602 1444 952 1484 confirmatiores
973 1442 1086 1491 (Deo
1111 1440 1220 1489 laus)
1249 1452 1345 1477 cum
1371 1436 1548 1487 reliquis
1570 1442 1587 1460 0
1614 1433 1830 1481 omnibus,

215 1522 287 1573 qui
308 1521 328 1546 d
348 1518 704 1571 frequentissime
725 1517 767 1555 in
789 1517 874 1554 hoc
895 1514 1071 1566 pietatis
1092 1525 1225 1550 uerae
1248 1523 1299 1548 ac
1319 1508 1544 1559 religionis
1580 1505 1834 1545 christianae

219 1592 431 1631 exercitio
469 1598 500 1633 e,
536 1603 645 1628 nam
686 1587 921 1637 utriusque
959 1597 1091 1624 sexus
1129 1595 1267 1632 neque
1306 1578 1527 1631 uulgaris
1567 1575 1874 1617 conditionis

220 1665 398 1702 tantum
411 1662 549 1714 fuere
570 1659 720 1711 socijs,
746 1658 899 1698 domus
922 1669 1021 1695 suas
1051 1655 1155 1693 laeti
1186 1652 1504 1703 repetiuerunt.
1536 1648 1619 1687 Hic
1654 1648 1707 1686 de
1742 1660 1835 1685 nos·
1865 1654 1869 1723 1·

218 1737 295 1774 tris
317 1733 591 1773 scholasticis
626 1731 730 1770 nihil
765 1731 935 1780 loquor,
960 1739 1143 1778 quorum
1174 1725 1325 1763 itidem
1348 1722 1478 1773 aliqui
1498 1720 1715 1759 haeresim
1746 1731 1838 1757 cum
1866 1714 1879 1761 l*

220 1812 342 1846 tanto
365 1805 525 1858 gaudio
548 1804 852 1847 deseruerunt,
880 1806 925 1837 ut
953 1811 1037 1850 ego
1059 1799 1153 1848 ipse
1185 1794 1441 1840 audiuerim,
1473 1805 1562 1830 non
1592 1792 1684 1829 sine
1714 1788 1839 1828 animi
1866 1770 1876 1854 [ι

222 1881 451 1930 uoluptate
472 1890 496 1916 a
517 1875 720 1928 quodam,
745 1887 791 1911 se
822 1871 902 1911 nisi
924 1870 1119 1909 uenisset
1140 1868 1193 1906 ad
1215 1868 1388 1905 scholas
1409 1870 1597 1911 nostras,
1621 1863 1662 1900 in
1695 1873 1837 1900 errore
1866 1860 1873 1919 ᾗ

223 1952 478 1990 moriturum
507 1948 657 1993 fuisse3
689 1958 754 1991 ac,
788 1950 833 1982 ut
864 1943 1012 1994 paucis
1043 1942 1176 1979 multa
1207 1934 1619 1989 compraehendam‚
1652 1938 1718 1972 tot
1747 1937 1840 1971 sunt
1867 1924 1880 1967 ’.

224 2021 429 2067 confessi,
455 2025 500 2058 ut
522 2019 626 2057 totis
646 2017 728 2055 illis
746 2015 899 2053 diebus
922 2014 994 2052 uix
1015 2013 1230 2050 tantillum
1251 2009 1462 2059 temporis
1479 2006 1672 2058 spacium
1694 2006 1840 2043 Patres
1872 1990 1876 1995 ”

225 2092 279 2132 ad
296 2091 539 2131 audiendos
556 2087 826 2127 domesticos
841 2085 1089 2131 habuerint3
1118 2083 1129 2107 f
1151 2080 1394 2121 confessuri
1409 2079 1554 2130 plures
1576 2084 1612 2124 g,
1636 2076 1671 2114 si
1686 2089 1763 2127 per
1776 2088 1840 2113 co-

227 2167 340 2216 piam
362 2162 642 2203 sacerdotum
673 2161 883 2198 licuisset.
910 2159 1057 2207 Quare
1079 2156 1150 2194 hic
1177 2165 1283 2191 uere
1314 2152 1463 2191 dicere
1493 2161 1724 2201 possumus
1744 2145 1843 2186 illud

228 2236 507 2276 dominicum:
549 2232 703 2270 Messis
744 2229 919 2280 quidem
955 2228 1102 2273 multa,
1142 2223 1327 2276 operarij
1369 2234 1476 2260 uero
1512 2220 1653 2272 pauci3
1694 2222 1842 2269 rogate
1876 2235 1877 2239 ¹

228 2309 358 2360 igitur
389 2305 621 2344 Dominum
658 2302 826 2347 messis,
863 2305 908 2338 ut
943 2300 1088 2337 mittat
1123 2295 1348 2348 operarios
1382 2293 1425 2332 in
1446 2304 1635 2331 messem
1671 2302 1789 2328 suam
1819 2291 1842 2326 ¹.

231 2378 362 2430 Quod
382 2377 436 2415 ad
467 2375 705 2414 conciones
727 2373 898 2418 attinet,
922 2370 1060 2408 uerbo
1093 2366 1337 2418 expediam.
1363 2365 1446 2402 Per
1476 2367 1615 2401 totam
1636 2364 1845 2399 aestatem

229 2461 435 2488 numerus
457 2446 704 2485 auditorum
726 2445 767 2482 in
798 2443 961 2493 templo
998 2445 1149 2478 nostro
1172 2437 1323 2489 augeri
1345 2436 1464 2474 uisus
1487 2439 1554 2472 est
1575 2431 1628 2471 ad
1662 2431 1846 2470 natalem

231 2533 369 2572 usque
392 2517 581 2567 Dominj,
605 2517 665 2555 ita
685 2521 732 2553 ut
752 2515 845 2565 ipso
864 2513 935 2551 die
951 2516 1119 2558 sancto,
1140 2513 1259 2548 tanta
1274 2505 1506 2546 multitudo
1524 2505 1670 2551 fuerit,
1694 2507 1848 2554 quanta

231 2592 273 2631 in
294 2591 421 2630 nullis
436 2591 648 2627 hactenus
666 2588 714 2624 R.
736 2584 874 2623 Patris
893 2581 1111 2621 Lamberti
1128 2584 1140 2603 ²
1156 2578 1441 2619 concionibus
1457 2575 1646 2614 adfuisse
1665 2574 1757 2612 uisa
1768 2575 1846 2612 est.

281 2726 300 2744 a
353 2716 487 2754 Prius
507 2712 676 2761 profisei.
730 2710 795 2736 —b
816 2714 859 2746 ut
877 2712 1017 2754 supra
1034 2717 1142 2743 vers.
1195 2712 1260 2730 ——0
1284 2703 1491 2747 Vtriusque
1516 2711 1637 2736 sexus
1667 2710 1741 2734 nec
1772 2697 1848 2734 vul-

234 2778 344 2826 garis
362 2782 517 2814 tantum
532 2770 781 2810 conditionis.
836 2768 903 2794 —d
934 2767 1112 2804 Videtur
1126 2763 1294 2802 emend.
1313 2773 1363 2800 ex
1377 2773 1488 2808 quos.
1543 2765 1606 2784 —e
1628 2763 1849 2794 versantur.

236 2837 294 2862 —f
326 2840 378 2874 et.
431 2841 501 2867 —g
521 2835 650 2869 erant.

287 2960 295 2979 ¹
349 2956 536 2998 MA‘rTH.,
557 2951 629 2996 IX,
648 2950 694 2987 37
711 2971 717 2974 -
734 2950 792 2985 38.

287 3017 300 3036 ²
349 3015 394 3052 P.
415 3011 660 3050 Lambertus
677 3007 805 3045 Auer.
