1908 3446
218 297 288 335 206
679 296 900 335 LITTERAE
926 297 1282 344 QUADRIMESTRES

174 400 266 450 ipso
290 399 511 450 suspendii
544 401 644 439 loco
682 400 816 439 uerba
849 401 955 439 fecit
989 400 1043 439 ad
1072 400 1297 451 populum,
1320 412 1409 437 are
1430 400 1653 450 praesenti
1675 412 1796 439 occa-

172 470 295 508 sione
319 476 504 521 sumpta3
527 471 682 521 quibus
703 484 832 522 quern
854 472 985 509 finem
1007 471 1197 509 habeant
1214 470 1421 517 facinora,
1443 482 1540 508 cum
1559 471 1795 509 exclamas-

173 546 240 579 set
263 541 449 592 saepius‚
474 542 602 580 ualde
625 543 762 581 mouit
784 542 1102 580 circumstantes
1124 541 1178 579 ad
1199 541 1370 592 frugem
1401 541 1645 589 meliorem3
1668 546 1796 592 atque

173 612 285 650 adeo
307 625 361 651 ex
383 612 434 651 iis
456 627 587 652 unum
608 613 662 651 ad
696 614 844 664 iugum
879 613 1103 664 religionis
1137 612 1367 650 ferendum
1401 625 1497 651 cum
1519 613 1796 652 franciscanis

171 683 237 731 iis,
261 684 334 734 qui
355 685 488 722 vitam
509 683 672 723 ducunt
694 685 989 735 asperrimam.
1014 683 1330 722 Confitentium
1358 689 1543 734 peccata
1565 685 1797 723 communi-

174 755 451 806 cantiumque
472 755 514 792 in
534 755 750 793 fractione
766 755 889 805 panis
911 753 1151 806 quotidiani
1169 760 1268 793 sunt
1285 755 1515 805 crebrique
1539 761 1795 795 conuentus.

175 826 274 874 Quo
296 825 360 872 fit,
399 830 444 863 ut
481 825 684 876 spiritalis
704 826 872 864 fructus
892 825 1192 876 proximorum
1223 825 1409 864 maxima
1430 826 1616 877 quadam
1639 839 1715 877 spe
1735 831 1797 865 te-

172 908 368 943 neamur,
402 897 647 946 praesentis
682 895 858 947 quidem
893 902 1024 946 atque
1058 896 1208 945 futurj.
1248 896 1378 946 Quod
1414 897 1449 934 si
1484 897 1634 935 sacelli
1653 897 1801 936 nostri

173 967 401 1018 angustiae
423 980 511 1005 non
533 968 772 1015 obstarent,
810 967 1067 1006 sacerdotes
1101 968 1238 1006 nostri
1276 980 1429 1006 omnes
1451 968 1522 1006 vix
1547 967 1798 1006 sufficerent
1870 1015 1871 1018 Ἴ

172 1039 460 1089 prouentibus
482 1039 803 1086 confitentium3
828 1052 923 1077 cum
954 1051 1010 1076 ne
1045 1051 1159 1077 nunc
1181 1038 1355 1090 quidem
1379 1040 1482 1078 satis
1505 1051 1604 1078 esse
1625 1038 1797 1078 videan-
1823 1062 1826 1065 -
1869 1034 1875 1077 ἶ

172 1114 256 1149 tur.
281 1110 597 1150 Confessiones
619 1110 851 1162 generales
881 1110 1056 1149 auditae
1079 1115 1177 1149 sunt
1199 1111 1378 1162 aliquot.
1404 1112 1480 1150 Pia
1500 1111 1740 1151 ministeria
1758 1113 1798 1151 in

173 1181 413 1220 morientes
437 1182 634 1220 exercita
654 1195 732 1232 pro
755 1194 893 1220 more.

226 1263 264 1300 3.
326 1253 588 1291 Liberalium
611 1252 853 1292 studiorum
876 1266 1028 1292 cursus
1049 1253 1133 1292 iarn
1154 1253 1237 1292 iam
1259 1253 1451 1303 finietur,
1483 1256 1619 1295 libros
1640 1256 1694 1296 de
1716 1259 1799 1297 ani-

173 1337 243 1362 ma
282 1325 432 1363 schola
460 1329 611 1363 nostra
645 1326 914 1376 auspicante.
954 1327 1083 1364 Pater
1117 1326 1278 1364 Sancta
1313 1328 1425 1366 Cruz
1458 1330 1797 1378 praelectionem

174 1408 295 1434 suam
315 1397 614 1447 theologicam
636 1396 932 1447 quotidianam
961 1397 1094 1435 habet
1126 1410 1222 1435 cum
1245 1410 1402 1449 magna
1425 1399 1612 1439 vtilitate
1634 1401 1798 1440 audito-

173 1480 282 1515 rum,
306 1468 378 1518 qui
399 1466 631 1506 domestici
653 1473 751 1506 sunt
774 1481 940 1507 omnes.
961 1468 1071 1507 Nam
1094 1468 1412 1520 disputationes
1434 1483 1540 1521 quas
1561 1471 1797 1512 identidem

173 1545 323 1590 agunt,
347 1539 432 1577 hoc
451 1540 579 1590 plane
600 1544 832 1578 testantur.
867 1539 1137 1578 Benedictus
1166 1544 1318 1578 noster
1342 1540 1349 1559 ¹
1372 1541 1567 1580 intentus
1590 1547 1656 1581 est
1675 1544 1798 1594 perfi-

174 1610 356 1649 ciendae
378 1609 541 1658 domui,
573 1623 700 1661 quam
735 1610 862 1648 nobis
891 1611 974 1648 iam
1011 1610 1083 1649 diu
1118 1610 1335 1649 aedificat.
1371 1612 1607 1651 Foeliciter
1627 1612 1797 1665 quidem

174 1683 312 1734 surgit
335 1696 457 1733 opus.
481 1683 650 1720 Instant
679 1682 865 1733 operarij
902 1682 1124 1722 ardentes.
1162 1684 1258 1721 Nec
1287 1685 1475 1734 sumptui
1509 1686 1699 1735 parcitur
1719 1698 1798 1725 nec

174 1755 328 1794 labori.
351 1753 484 1793 Breui
499 1755 719 1805 potiemur
755 1755 915 1792 salubri
944 1755 1029 1793 loci
1065 1756 1349 1793 amoenitate.
1375 1756 1531 1794 Valent
1552 1757 1690 1796 nostri
1713 1771 1797 1796 om-

174 1839 252 1864 nes
273 1827 346 1877 qui
368 1839 414 1864 se
436 1826 520 1864 tuis
542 1824 596 1863 ad
622 1827 763 1864 Deum
794 1825 997 1877 precibus
1026 1826 1255 1877 plurimum
1286 1829 1421 1868 velint
1453 1830 1795 1869 commendatos.

175 1898 240 1935 Tu
261 1910 436 1948 quoque
459 1898 573 1945 vale,
599 1899 727 1935 Pater
754 1896 796 1935 in
828 1899 960 1937 Chro.
995 1898 1264 1937 charissime.
1300 1901 1471 1952 Burgis,
1508 1911 1553 1950 15
1583 1901 1798 1940 Kalendas

172 1969 328 2018 junias.

254 2040 372 2078 Tuus
396 2053 449 2078 ex
472 2040 615 2078 animo
638 2041 742 2079 licet
764 2053 919 2079 seruus
940 2041 1103 2079 inutilis

1131 2133 1159 2182 †
1189 2131 1410 2169 ALFONsus
1442 2133 1630 2170 RAMIRUS
1665 2137 1691 2170 2.

255 2235 360 2275 Alia
383 2249 538 2274 manu.
569 2245 683 2285 1559.
695 2266 703 2274 .
713 2267 721 2274 .

221 2423 230 2442 ¹
285 2420 531 2458 Benedictus
549 2420 829 2467 Uguccionus,
848 2420 1079 2467 burgensis,
1099 2420 1308 2458 Florentia
1327 2423 1520 2459 oriundus
1546 2421 1612 2466 (cf.
1642 2422 1795 2460 POLAN-

173 2492 270 2523 CUM,
302 2481 470 2524 chron..
498 2480 548 2523 ΙΙ,
579 2480 673 2526 111),
705 2481 746 2517 in
773 2481 917 2528 oppido
943 2479 1154 2524 Bellimar,
1178 2493 1299 2527 prope
1320 2481 1492 2527 Burgos,
1513 2483 1687 2527 domum,
1708 2496 1794 2520 mox

172 2540 405 2587 collegium,
426 2540 572 2577 nostris
589 2539 842 2577 aedificabat.

221 2601 233 2620 ²
285 2599 348 2637 Cf.
369 2599 461 2637 Litt
493 2599 731 2647 Quadrid„
755 2599 805 2645 V,
826 2600 907 2644 457,
927 2600 1010 2638 676.
