1908 3446
523 147 849 186 322.—C01„0N1A
875 157 1055 184 INEUNTE
1084 146 1176 184 1560
1548 146 1612 183 431

45 252 320 306 eloquentiae
351 251 569 290 candidati
590 256 793 302 quatuor,
825 249 1097 301 grammatici
1130 254 1249 295 octo;
1283 254 1325 286 et
1358 248 1538 286 ministri
1568 261 1668 298 qua—

22 334 154 366 :tuor.
192 325 356 363 Omnes
391 328 495 361 vota
530 323 784 369 emiserunt,
824 321 1024 372 exceptis
1056 325 1258 372 quatuor.
1292 320 1395 358 Sani
1431 325 1543 365 sunt,
1582 332 1667 356 vno

14 405 19 433 '.
44 399 233 448 dempt0‚
257 408 387 446 quem
410 399 620 445 quartana
640 394 751 431 febri
773 393 967 444 grauiter
989 392 1261 430 laborantem
1285 391 1488 442 precibus
1512 390 1671 427 vestris

46 466 418 509 commendamus.
471 466 570 504 Hoc
613 477 725 503 anno
774 465 816 503 in
869 477 974 503 vere
1022 464 1093 502 vel
1142 467 1350 501 autumno
1400 463 1568 511 aliquos
1618 460 1670 498 ad

46 543 92 580 R.
126 542 170 578 P.
196 540 244 577 T.
270 539 404 576 DnuS.
424 536 680 575 Leonardus
705 544 711 561 ¹
736 536 989 582 destinabit,
1014 548 1124 586 quos
1157 535 1250 573 sine
1271 539 1501 584 parentum
1536 532 1672 571 offen-

47 613 166 651 sione
188 610 288 649 hinc
310 610 445 657 abire,
471 615 515 648 et
546 610 734 647 romanis
757 609 1021 647 lectionibus
1043 606 1360 646 accommodos
1382 606 1479 644 fore
1506 604 1672 656 putabi-

45 696 151 730 mus,
175 687 221 719 vt
243 686 419 719 sanctae
451 679 612 718 deinde
643 678 744 718 huic
775 679 1083 717 SOCIETATI
1105 679 1147 716 in
1177 678 1524 729 quibuscumque
1547 676 1672 714 voles

46 752 243 803 collegijs
278 752 548 798 deseruiant3
588 750 630 788 in
669 763 854 800 quorum
894 750 1018 788 locos
1058 750 1177 787 Deus
1219 747 1509 800 congregabit
1548 747 1671 793 alios,

46 837 150 877 quos
171 824 381 875 probatos
405 828 447 860 et
470 821 524 861 ad
546 827 719 860 vestras
741 822 958 860 lectiones
979 826 1264 872 praeparatos
1296 821 1476 857 Romam
1498 830 1673 869 quoque

47 895 357 947 ablegabimus.
385 893 521 944 Quid?
542 893 587 931 Si
618 892 701 941 [adl
727 894 813 931 1100
835 893 955 930 Deus
979 892 1114 942 elegit
1136 891 1383 937 Coloniam,
1415 894 1461 928 vt
1493 889 1587 938 alijs
1619 889 1674 926 ci-

46 966 249 1007 uitatibus
268 966 426 1004 fratres
449 965 641 1016 colligat,
666 964 811 1015 quoad
834 964 1100 1002 coloniensis
1122 962 1309 1014 populus
1332 960 1673 1001 SOCIETATIS

47 1038 257 1077 beneficia
291 1037 446 1075 melius
481 1036 718 1087 intelliget?
740 1037 839 1073 Non
870 1035 969 1073 dico
1006 1034 1123 1085 quod
1160 1033 1438 1072 colonienses
1474 1031 1576 1083 quid
1612 1032 1675 1069 eis

47 1108 322 1149 SOCIETAS
352 1112 563 1159 praestet,
587 1120 675 1146 non
703 1107 970 1158 intelligunt;
993 1106 1243 1157 intelligunt
1266 1104 1380 1143 enim
1403 1103 1553 1142 vtilem
1577 1115 1674 1141 esse

51 1181 314 1232 reipublicae
335 1184 585 1218 nostrorum
606 1179 819 1225 laborem,
843 1177 1059 1230 prodesse
1084 1178 1373 1215 vehementer
1403 1188 1555 1213 eorum
1577 1174 1675 1223 filijs

47 1260 235 1293 nostram
257 1252 593 1297 institutionem,
615 1256 659 1288 et
680 1263 816 1301 prope
834 1248 1129 1288 necessariam
1146 1249 1201 1287 M.
1222 1247 1403 1286 Henrici
1425 1246 1608 1295 Dionisij
1632 1245 1675 1283 in

46 1338 208 1365 summa
228 1324 339 1363 aede
363 1335 460 1362 esse
484 1335 650 1361 sacram
672 1321 950 1369 concionem3
973 1334 1106 1372 quare
1128 1321 1170 1359 in
1199 1320 1317 1359 omni
1348 1323 1464 1358 statu
1485 1318 1673 1369 permul-

10 1391 13 1398 ’
47 1404 115 1437 tos
139 1396 333 1448 reperire
355 1400 421 1433 est
452 1393 795 1432 SOCIETATIS
827 1393 991 1431 amicos
1015 1398 1059 1431 et
1081 1392 1293 1439 fautores,
1317 1392 1360 1429 in
1390 1391 1487 1428 aula
1509 1389 1675 1441 archiess

9 1483 18 1534 Ἰ
47 1469 225 1522 piscopi,
249 1469 291 1506 in
322 1467 568 1506 coloniensi
590 1470 760 1512 senatu,
785 1466 827 1503 in
859 1466 994 1511 01010,
1019 1465 1061 1502 111
1095 1459 1384 1502 uniuersitate
1415 1468 1459 1500 et
1494 1461 1674 1512 popu10,

50 1540 118 1592 qui
137 1541 190 1579 ab
220 1541 491 1578 aemulorum
522 1538 739 1577 morsibus
768 1549 856 1574 non
886 1549 985 1575 raro
1017 1550 1098 1574 nos
1121 1535 1379 1582 detendunt,
1416 1539 1459 1572 et
1490 1533 1677 1573 SOCIE-

49 1612 211 1650 TATIS
240 1612 422 1662 negotia
451 1623 539 1649 non
570 1609 766 1661 segniter
797 1613 1077 1659 promouent.
1102 1607 1332 1658 Templum
1366 1618 1519 1644 eorum
1542 1616 1679 1655 opera

50 1684 101 1721 ab
121 1682 453 1733 archiepiscopo
477 1694 606 1733 spero
630 1680 941 1727 obtinebimus,
967 1685 1013 1718 vt
1034 1692 1058 1717 a
1084 1684 1239 1716 senatu
1263 1678 1499 1728 collegium
1523 1681 1566 1714 et
1589 1675 1677 1714 SO-

50 1754 309 1792 CIETATIS
332 1753 486 1792 domus
508 1753 740 1804 impetrata
760 1752 855 1790 fuit.
879 1749 1083 1802 Collegio
1107 1750 1257 1800 quieto
1281 1749 1457 1795 vtimur,
1480 1753 1677 1786 nostrum

51 1837 174 1876 spero
204 1825 464 1871 remanebit3
487 1823 623 1862 aedes
644 1822 872 1862 adiunctas
894 1826 1064 1861 certum
1096 1827 1164 1859 est
1185 1820 1303 1871 quod
1338 1832 1469 1858 nemo
1492 1818 1677 1857 SOCIE-

42 1897 181 1945 VTATI
204 1897 375 1948 eripiet.
398 1897 445 1934 In
480 1896 545 1934 his
574 1896 735 1934 fratres
758 1895 961 1933 disiuncti
984 1907 1008 1932 a
1038 1892 1368 1932 conuictoribus
1390 1891 1600 1937 habitant,
1636 1895 1679 1928 et

52 1969 92 2007 in
127 1968 393 2017 obedientia,
432 1967 788 2014 mortificatione,
820 1966 1083 2013 humilitate,
1121 1965 1357 2004 virtutibus
1393 1963 1601 2010 coeteris,
1638 1961 1680 2000 in

13 2061 15 2070 v
53 2041 210 2092 regulis
231 2040 587 2087 SOCIETATIS,
613 2039 1006 2078 constitutionibus
1036 2038 1238 2089 gnauiter
1265 2049 1313 2075 se
1337 2039 1564 2074 exercent.
1599 2035 1680 2072 Re-

53 2113 172 2163 gulas
194 2112 248 2151 M.
272 2113 529 2151 Franciscus
547 2111 763 2150 Costerus
785 2110 991 2157 absoluit,
1012 2109 1350 2148 constitutiones
1367 2108 1578 2158 deinceps
1596 2107 1680 2144 lec-

53 2187 171 2222 turus
207 2189 287 2222 est.
321 2183 444 2222 Idem
465 2183 644 2222 fratrum
668 2195 815 2221 curam
837 2182 969 2233 gerit,
995 2186 1039 2219 et
1056 2181 1305 2219 adiutorem
1327 2180 1461 2218 habet
1479 2180 1534 2217 M.
1552 2179 1679 2216 Fran-

55 2255 213 2294 ciscum
234 2256 538 2294 Homerolum.
564 2255 709 2306 Atque
732 2255 947 2293 hactenus
965 2253 1021 2292 de
1042 2253 1263 2291 fratribus.
1566 2298 1571 2303 ,

105 2337 141 2365 2.
199 2327 492 2366 Conuictores
514 2326 750 2366 admodum
773 2326 896 2364 multi
917 2331 1016 2364 sunt
1055 2331 1099 2363 et
1128 2324 1339 2363 nobilium
1376 2324 1678 2373 clarorumque

55 2396 232 2437 aliorum
262 2388 582 2448 virorum‘filij.
620 2398 809 2436 Student
845 2397 1096 2448 diligenter,
1136 2402 1180 2434 et
1210 2408 1298 2433 non
1327 2399 1496 2433 tantum
1527 2392 1679 2439 literis,

57 2481 206 2508 verum
225 2470 355 2509 etiam
372 2470 608 2508 virtutibus
627 2482 804 2520 operam
827 2467 1097 2520 impendunt.
1118 2467 1291 2506 Octauo
1310 2466 1381 2505 die
1399 2466 1680 2511 confitentur,

56 2542 215 2593 templa
234 2542 427 2589 visitant,
460 2554 584 2580 sacra
602 2547 657 2582 ,01
688 2540 949 2580 concionem
980 2539 1175 2587 audiunt,
1210 2544 1255 2577 et
1284 2537 1409 2577 festis
1435 2536 1682 2576 dominicis-

13 2633 15 2644 ·
58 2625 139 2664 que
177 2613 332 2652 diebus
370 2613 762 2652 antemeridianum
803 2618 976 2663 tempus
1015 2612 1058 2650 in
1099 2611 1233 2650 sacris
1273 2610 1405 2648 rebus
1445 2609 1680 2648 collocant.

58 2684 216 2723 Verum
237 2684 292 2723 de
324 2685 544 2723 extraneis
566 2684 638 2735 qui
659 2685 876 2723 lectiones
891 2689 1061 2721 tantum
1083 2690 1101 2707 a
1131 2683 1324 2728 visitant,
1343 2680 1445 2732 quid
1467 2681 1684 2720 dicturus?

107 2827 125 2846 a
173 2832 254 2866 tam
270 2838 350 2865 ms.

107 2965 116 2984 ¹
167 2965 213 3004 P.
233 2966 472 3004 Leonardus
491 2965 653 3008 KesseL
674 2966 839 3012 collegii
858 2970 1003 3003 rector.
