1908 3446
192 298 262 335 554
652 302 875 342 LITTERAE
905 305 1259 351 QUADR1MEsrREs

141 404 444 443 incumberent
468 406 708 456 exercitijs3
727 407 914 446 necdum
934 410 1045 448 enim
1063 416 1153 449 tum
1172 413 1364 461 scholae,
1384 428 1495 466 quae
1512 416 1669 455 bonam
1688 417 1767 456 sibi

142 475 337 514 laborum
359 483 608 515 nostrorum
629 482 797 529 partem
819 480 1068 528 vendicant,
1094 489 1216 521 erant
1239 486 1571 535 exaedificatae,
1597 494 1640 525 et
1669 489 1767 528 loca

141 548 315 599 collegij
352 548 435 586 alia
469 548 608 586 minus
642 549 757 588 forte
795 557 916 588 erant
946 551 1046 590 huic
1076 552 1263 604 docendj
1287 555 1485 595 instituto
1508 559 1763 598 accomoda.

142 619 257 668 Quid
279 633 402 671 ergo,
437 620 767 671 expectandane
804 628 1049 662 structurae
1084 625 1219 664 totius
1254 628 1490 677 perfectio?
1525 630 1675 669 Videri
1707 631 1767 670 ita

139 692 315 742 quidem
349 698 538 744 poterat,
577 693 655 732 sed
689 694 829 733 nescit
859 694 982 733 tarda
1013 697 1232 736 molimina
1252 712 1358 738 uera
1380 701 1538 751 Christj
1563 703 1763 742 charitas.

141 765 292 803 Potius
315 778 421 816 ergo
444 766 556 804 intra
576 767 785 817 priuatos,
820 781 985 819 eosque
1018 769 1364 820 angustissimos,
1397 773 1588 822 parietes
1618 774 1766 813 iuuen-

138 840 277 874 tutem
313 837 627 888 quamprimum
661 838 975 877 admittendam
1012 846 1291 889 censuerunt,
1325 856 1467 893 quam,
1493 849 1538 882 ut
1562 844 1641 882 sibi
1663 845 1767 883 solis

139 913 361 955 uacantes‚
394 908 558 946 nullum
593 922 648 948 ex
684 911 907 948 consuetis
942 911 983 948 in
1018 911 1242 961 proximos
1276 914 1538 953 beneficium
1572 917 1766 967 pauculis

138 978 220 1016 illis
242 978 396 1017 diebus
419 979 685 1019 conferrent.
712 983 929 1032 Coeptum
953 994 1060 1033 ergo
1082 983 1124 1020 in
1146 984 1356 1023 cubiculis
1385 986 1568 1036 primum
1598 987 1764 1036 doceri,

138 1063 221 1090 nec
256 1051 535 1090 infoeliciter:
573 1065 670 1090 nam
704 1053 910 1092 maxima
941 1061 959 1079 a
986 1056 1146 1103 statim,
1183 1056 1225 1094 in
1260 1056 1505 1097 rudioribus
1535 1060 1666 1097 etiam
1685 1060 1767 1098 illis

137 1122 373 1174 principijs‚
407 1122 717 1174 discipulorum
748 1125 802 1163 ad
837 1138 916 1163 nos
953 1126 1162 1164 confluxit
1194 1133 1386 1176 caterua,
1424 1133 1469 1167 ut
1504 1142 1592 1168 non
1630 1132 1765 1169 multo

138 1200 237 1245 post
258 1195 374 1233 bona
396 1207 547 1234 eorum
568 1209 666 1247 pars
688 1196 743 1235 ad
765 1198 951 1245 scholas,
975 1199 1250 1247 quantumuis
1280 1200 1573 1251 imperfectas,
1609 1214 1765 1241 conce-

137 1267 242 1305 dere
279 1267 333 1305 sit
369 1271 536 1306 coacta.
574 1269 621 1306 In
652 1268 895 1307 obscuriori
916 1274 1062 1307 autem
1084 1270 1168 1308 ista
1189 1270 1376 1321 docendj
1401 1273 1569 1311 ratione
1591 1273 1644 1311 ad
1665 1287 1765 1325 qua—

137 1338 415 1390 dragesimae
438 1352 575 1389 usque
597 1344 769 1390 tempus
790 1341 1188 1390 perseuerauimus,
1211 1355 1309 1380 nam
1330 1347 1421 1381 tum
1442 1344 1625 1394 primum
1647 1345 1764 1383 colo-

135 1411 325 1461 phonem
361 1411 607 1449 scholarum
637 1410 839 1450 aedificio
870 1412 970 1450 addi
1005 1413 1203 1464 contigit.
1238 1415 1456 1466 Deinceps
1487 1428 1593 1454 uero
1625 1417 1764 1466 palam

135 1483 272 1521 nostri
309 1482 526 1521 adventus
562 1487 606 1521 et
639 1482 824 1533 institutj
867 1484 1080 1522 rationem
1120 1486 1398 1537 promulgare
1439 1488 1678 1538 coepimus,
1721 1493 1765 1527 et

135 1554 272 1604 primo
296 1554 471 1605 quidem
493 1554 536 1592 in
557 1553 822 1605 amplissimo
845 1555 1009 1606 templo
1032 1556 1449 1607 Augustinianorum
1476 1558 1656 1597 fratrum
1685 1573 1763 1610 pro

136 1625 344 1662 contione
362 1624 571 1675 explicari
592 1625 728 1663 totius
748 1625 1034 1677 professionis
1054 1632 1233 1666 nostrae
1255 1641 1465 1667 summam
1487 1643 1563 1680 per
1587 1631 1632 1669 P.
1657 1631 1764 1669 Mar-

135 1696 270 1734 tinum
294 1697 302 1716 ¹
327 1697 588 1735 eurauimus.
614 1696 783 1736 Deinde
807 1698 1064 1736 conuocatis
1084 1699 1329 1750 praecipuis
1351 1700 1477 1738 huius
1512 1701 1644 1749 urbis,
1675 1706 1763 1740 tam

135 1769 445 1816 saecularibus,
478 1780 606 1819 quam
637 1768 948 1807 ecclesiasticis
978 1770 1096 1818 uiris,
1131 1771 1270 1809 oratio
1302 1772 1434 1810 latina
1453 1785 1478 1810 a
1497 1772 1686 1823 quodam
1709 1787 1763 1812 ex

134 1841 294 1879 nostris
315 1841 462 1878 habita
485 1846 567 1888 est;
590 1840 841 1879 bimembris
863 1841 1038 1892 quidem
1059 1843 1146 1889 illa3
1178 1856 1276 1881 nam
1306 1843 1424 1894 prior
1458 1857 1557 1894 pars
1590 1844 1684 1883 fere
1722 1845 1763 1883 in

133 1912 346 1951 illustriss.
372 1913 584 1951 Bauariae
602 1912 724 1952 ducis
746 1915 758 1933 ²
779 1914 940 1952 sanctis
963 1915 1192 1953 conatibus
1209 1914 1511 1966 praedicandis
1530 1922 1573 1954 et
1589 1918 1762 1955 nostrae

134 1985 369 2023 Societatis
391 1985 590 2022 instituto
613 1984 878 2024 declarando
897 1993 1155 2037 consumpta
1172 1992 1254 2033 est;
1272 1987 1492 2037 posterior
1509 2000 1631 2035 uero,
1651 2000 1762 2039 quae

133 2055 187 2093 ad
221 2055 465 2094 studiorum
499 2055 672 2094 laudem
706 2056 886 2104 faciunt,
930 2063 997 2095 est
1034 2063 1316 2108 persequuta.
1354 2057 1551 2107 Orationj
1589 2071 1762 2097 succes-

135 2132 286 2166 serunt
307 2127 510 2174 carmina,
533 2132 625 2166 tum
646 2140 822 2179 graeca,
845 2133 936 2166 tum
959 2129 1090 2167 latina
1110 2142 1135 2167 a
1154 2129 1315 2168 nostris
1337 2130 1507 2180 prolata
1524 2129 1761 2180 discipulis;

134 2199 288 2250 quibus
310 2199 486 2237 demum
508 2199 732 2238 subiectus
755 2204 822 2237 est
844 2199 1059 2251 dialogus,
1083 2214 1171 2239 non
1192 2201 1332 2239 minus
1363 2201 1538 2251 quidem
1566 2201 1637 2240 ille
1660 2202 1761 2241 doc-

134 2278 202 2308 tus
238 2276 281 2308 et
315 2270 500 2321 lepidus,
537 2284 665 2321 quam
700 2271 795 2322 pius
827 2276 870 2309 et
900 2270 1016 2309 utilis
1038 2271 1325 2310 auditoribus.
1351 2272 1504 2311 Mirum
1526 2279 1672 2311 autem
1696 2279 1761 2311 est

134 2347 296 2380 tantam
318 2342 676 2381 adolescentulos
698 2343 806 2381 istos
828 2342 869 2380 in
900 2342 1126 2381 recitando
1158 2343 1342 2394 gratiam
1373 2344 1594 2383 habuisse.
1628 2346 1760 2384 Certe

134 2414 353 2452 neminem
389 2414 502 2452 inter
537 2412 762 2452 auditores
797 2414 931 2453 fuisse
965 2415 1126 2462 ferunt,
1164 2415 1232 2464 cuj
1269 2427 1355 2453 non
1392 2416 1508 2454 omni
1544 2428 1598 2454 ex
1636 2421 1760 2466 parte

132 2485 264 2523 fuerit
294 2485 376 2523 hac
406 2486 580 2523 actione
620 2485 904 2524 satisfactum.
939 2485 1208 2524 Benedictus
1243 2488 1365 2534 Dns.‚
1402 2486 1475 2537 qui
1508 2487 1601 2525 istis
1635 2488 1760 2526 scho-

133 2557 295 2595 lasticis
331 2557 721 2595 exercitationibus
757 2557 915 2595 ostium
946 2570 1150 2608 magnum
1179 2557 1305 2595 nobis
1326 2558 1510 2608 aperuit,
1535 2559 1759 2609 magisque

132 2628 175 2666 in
195 2627 289 2666 dies
310 2627 448 2679 aperit
471 2627 525 2666 ad
547 2628 611 2677 suj
634 2628 821 2666 nominis
842 2628 1026 2679 gloriam
1048 2629 1090 2666 in
1112 2629 1346 2667 multorum
1369 2629 1554 2667 salutem
1586 2643 1759 2680 promo-

132 2697 334 2738 uendam.
372 2699 437 2736 Ex
474 2711 526 2737 eo
550 2698 764 2750 siquidem
786 2699 857 2738 die
878 2712 963 2750 quo
986 2699 1179 2738 solennis
1200 2700 1282 2738 ista
1301 2700 1440 2738 nostri
1460 2700 1576 2738 facta
1597 2705 1664 2739 est
1684 2714 1758 2751 pu-

132 2769 310 2809 blicatio
332 2768 533 2819 institutj‚
557 2771 711 2809 mirum
741 2775 901 2821 quanta
936 2776 980 2808 et
1008 2770 1318 2821 discipulorum
1351 2770 1394 2809 in
1428 2771 1589 2810 scholis
1624 2777 1670 2810 et
1703 2771 1758 2810 de

178 2911 198 2932 a
246 2912 345 2950 satis
362 2923 526 2959 magna.

181 3052 190 3072 ¹
242 3050 288 3087 P.
310 3049 513 3088 Martinus
532 3049 838 3089 Stevordianus.

179 3110 193 3130 ²
246 3110 447 3148 Albertus
465 3109 520 3148 V.
