1908 3446
551 227 938 265 407.—V1NoossowA
964 229 1006 265 31
1039 228 1228 264 AUGusrl
1259 225 1348 263 1560
1643 224 1712 260 757

132 332 232 382 quin
256 336 299 369 et
320 331 539 381 pijssimus
563 337 683 369 certe
715 345 765 370 ac
797 330 1132 379 eruditissimus)
1162 340 1470 377 nonnunquam
1506 333 1647 377 rogat,
1682 326 1757 363 sed

129 403 238 441 alios
274 403 404 441 etiam
434 403 505 452 qui
527 403 592 439 his
615 403 667 440 de
692 403 822 440 rebus
846 402 1033 440 eundem
1057 401 1304 445 consulunt,
1329 399 1381 436 ad
1403 411 1483 435 nos
1505 398 1650 435 mittit.
1675 397 1757 435 Cu-

131 480 248 512 ratur
269 474 415 524 itaque
439 474 583 511 multis
605 474 759 518 modis,
785 478 829 511 ut
852 472 968 523 quod
1000 472 1224 511 execratio
1257 470 1480 508 haeretica
1510 469 1662 506 horum
1697 483 1757 506 33-

131 551 453 583 61311161110111111
485 544 612 594 impie
646 545 686 581 in
716 545 826 582 hanc
857 545 1079 582 ciuitatem
1108 543 1275 581 inuexit
1307 543 1532 586 malorum,
1556 540 1599 578 id
1623 540 1757 589 ipsum

130 617 198 667 pie
221 623 239 641 ὃ
260 628 336 667 per
359 615 600 666 legitimum
623 628 674 653 ac
694 616 970 666 frequentem
995 628 1145 652 eorum
1170 626 1291 651 usum
1322 613 1506 663 pellatur
1536 609 1757 660 imprimis.

129 700 180 726 36
211 687 349 726 01111113
378 685 537 724 deinde
570 687 769 737 impietas
799 686 952 737 pietati
984 698 1088 723 uere
1112 683 1371 723 christianae
1395 683 1468 721 det
1490 695 1668 733 prorsus
1690 682 1757 717 uel

130 759 265 797 inuita
286 759 445 796 locum.

183 841 220 877 3.
282 830 405 868 Haec
426 829 573 879 itaque
597 829 700 866 satis
730 829 771 865 in
804 840 969 878 genere
1003 828 1055 865 de
1089 831 1461 866 sacramentorum
1493 824 1760 862 administra-

130 902 249 939 tione
268 901 382 939 dicta
400 900 498 938 sint.
519 900 607 937 Iam
626 912 733 937 uero
753 898 807 936 de
826 899 1112 936 concionibus
1129 910 1267 948 pauca
1283 897 1486 934 referam.
1507 896 1674 933 Omitto
1692 894 1760 931 1116

129 972 247 1024 quod
277 973 470 1023 (praeter
508 984 597 1017 eas,
631 982 741 1021 quae
765 971 805 1007 in
827 975 979 1008 nostro
1003 970 1167 1020 templo
1191 983 1214 1007 a
1235 969 1286 1007 D.
1313 968 1546 1006 Lamberto
1572 968 1578 985 ¹

1603 979 1759 1015 magno

130 1057 226 1082 cum
247 1045 392 1082 fructu
411 1049 455 1081 et
478 1043 724 1081 auditorum
748 1042 994 1092 frequentia
1016 1042 1137 1087 fiunt,
1158 1040 1212 1078 de
1229 1040 1385 1091 quibus
1404 1053 1533 1090 saepe
1553 1039 1761 1088 scriptum

130 1117 184 1155 ad
207 1117 253 1154 R.
279 1116 329 1154 T.
355 1117 401 1153 P.
433 1116 516 1153 iam
549 1121 678 1153 antea
709 1114 793 1163 est)
823 1112 1175 1162 frequentissime
1208 1117 1293 1149 tam
1325 1113 1365 1149 in
1389 1123 1556 1149 summo
1580 1110 1759 1159 templo,

129 1202 255 1240 quam
286 1188 327 1225 in
362 1188 457 1236 alijs
489 1186 703 1237 primarijs
734 1185 841 1223 locis
872 1198 896 1222 a
923 1184 1085 1221 nostris
1116 1185 1226 1221 hanc
1259 1185 1314 1221 ob
1346 1196 1519 1221 causam
1542 1181 1762 1232 requisitis

129 1260 346 1298 habentur
369 1258 622 1296 conciones.
648 1257 798 1307 Nuper
822 1269 918 1294 cum
940 1268 1018 1306 pro
1042 1261 1256 1306 suggesto
1279 1267 1494 1306 pauperes
1517 1252 1692 1299 Christi,
1719 1257 1762 1290 61

129 1331 156 1380 ij
176 1331 246 1381 qui
268 1330 310 1368 in
334 1341 512 1367 6316616
531 1327 783 1366 detinentur
801 1327 974 1378 (quibus
994 1339 1073 1376 pro
1092 1338 1213 1364 more
1237 1326 1473 1365 Societatis
1496 1337 1625 1376 opem
1646 1324 1760 1362 ferre

131 1402 392 1451 studemus),
416 1401 578 1451 populo
597 1400 650 1438 ab
669 1399 828 1437 eodem
846 1399 897 1436 D.
918 1398 1152 1436 Lamberto
1172 1397 1584 1436 commendarentur
1602 1397 1643 1434 in
1662 1409 1762 1433 6011-

131 1475 273 1520 610116,
306 1471 375 1520 alij
409 1469 583 1522 quidem
614 1470 838 1521 pecunias,
873 1469 941 1518 alij
975 1468 1134 1515 cibum,
1172 1468 1241 1517 alij
1279 1480 1349 1506 res
1382 1480 1574 1519 quasque
1610 1479 1762 1505 neces-

130 1545 278 1591 sarias,
319 1548 526 1594 quantum
563 1542 773 1591 cuiusque
808 1541 1040 1579 facultates
1074 1539 1365 1590 patiebantur,
1403 1540 1445 1577 in
1484 1540 1599 1576 hunc
1637 1552 1762 1577 usum

129 1615 243 1655 haud
273 1613 456 1665 impigre
484 1613 780 1651 contulerunt.
807 1613 980 1662 Quanto
1004 1625 1110 1651 uero
1135 1624 1232 1650 curn
1254 1611 1399 1649 fructu
1421 1611 1633 1648 exercitia
1653 1611 1764 1648 11366

128 1687 305 1739 pietatis
326 1698 377 1724 36
401 1685 544 1723 officia
564 1690 715 1723 nostra
737 1685 1008 1735 excipiantur
1030 1685 1082 1723 ab
1107 1683 1322 1729 omnibus,
1360 1682 1532 1720 abunde
1564 1682 1668 1720 satis
1690 1681 1763 1719 de-

129 1762 278 1805 clarat,
315 1763 406 1795 tum
441 1768 648 1795 accessus
684 1758 919 1795 multorum
954 1756 1008 1794 ad
1042 1761 1293 1793 nostrorum
1326 1755 1566 1792 conciones
1596 1754 1637 1791 in
1668 1751 1763 1791 dies

129 1831 265 1869 maior
287 1842 338 1868 36
367 1828 518 1875 1113101,
552 1833 643 1866 111111
675 1840 805 1878 saepe
837 1840 861 1865 3
893 1828 1092 1866 Patribus
1126 1827 1287 1864 nostris
1318 1825 1529 1877 requisita
1565 1825 1760 1871 consilia,

129 1908 220 1941 tum
243 1901 373 1940 etiam
394 1899 668 1950 frequentior
691 1912 928 1938 concursus
950 1900 1003 1937 ad
1026 1898 1259 1937 ecclesiam
1280 1903 1490 1945 nostram,
1511 1902 1555 1935 et
1575 1898 1761 1936 maxime

129 1988 231 2012 usus
253 1980 627 2013 sacramentorum
657 1970 893 2023 legitimus,
929 1976 972 2008 et
1002 1971 1277 2022 frequentius
1308 1983 1437 2022 quam
1473 1970 1659 2009 antehac
1689 1982 1763 2006 un-

130 2059 272 2097 quam,
294 2050 337 2083 et
353 2045 589 2096 apluribus
611 2043 835 2089 ambabus,
859 2047 906 2079 ut
935 2042 1068 2089 aiunt,
1093 2042 1205 2081 ulnis
1228 2055 1325 2080 cum
1348 2041 1508 2093 gaudio
1532 2045 1760 2091 exceptus.

131 2118 387 2156 Excitantur
410 2128 530 2163 sane,
554 2128 606 2153 36
627 2114 681 2153 ad
710 2114 930 2165 antiquam
960 2114 1075 2153 illam
1105 2115 1316 2165 pietatem
1348 2113 1642 2166 germanicam
1673 2111 1762 2150 ubi-

130 2203 214 2241 que
245 2194 459 2227 terrarum
492 2187 648 2226 merito
685 2186 902 2225 laudatam
937 2192 1203 2226 reuocantur
1234 2187 1371 2233 multi,
1404 2186 1521 2237 quod
1552 2186 1762 2236 templum

129 2266 327 2300 nostrum
362 2260 473 2298 adeo
510 2256 717 2297 mundum
746 2270 798 2296 ac
827 2258 972 2296 multis
994 2258 1135 2297 modis
1157 2263 1358 2296 ornatum
1380 2257 1546 2296 uident.
1570 2257 1680 2295 Cum
1703 2261 1763 2294 ta-

130 2331 414 2370 bernaculum
436 2329 697 2368 sanctissimi
719 2329 928 2379 Corporis
951 2328 1111 2368 Christi
1131 2329 1175 2367 in
1194 2329 1310 2368 festo
1333 2330 1377 2368 S.
1396 2328 1574 2379 Joannis
1597 2328 1764 2378 Baptis-

132 2409 202 2442 tae
224 2403 266 2441 in
288 2401 412 2440 altari
432 2405 583 2440 nostro
606 2400 1039 2451 magnificentissime
1062 2405 1259 2438 erectum
1281 2400 1353 2438 uix
1374 2408 1453 2448 250
1473 2404 1547 2437 aut
1577 2409 1655 2446 300
1688 2399 1763 2437 flo-

132 2474 247 2512 renis
283 2478 417 2520 esset,
449 2472 507 2523 pij
539 2472 740 2510 homines
771 2471 1018 2522 gratissimo
1050 2471 1093 2509 id
1123 2470 1298 2522 quidem
1330 2471 1472 2509 animo
1503 2482 1592 2508 non
1631 2469 1762 2508 modo

133 2544 351 2591 uiderunt,
376 2543 778 2582 sed‘liberalissime
801 2542 930 2581 etiam
948 2547 1156 2591 quantum
1175 2554 1361 2580 necesse
1383 2541 1465 2579 fuit
1480 2541 1762 2592 pecuniarum

131 2616 173 2655 in
202 2617 318 2654 hunc
347 2628 472 2653 usum
503 2615 799 2653 contulerunt.
836 2613 928 2652 Imo
960 2626 1063 2651 sane
1096 2614 1284 2664 permoti
1315 2613 1617 2665 quamplurimi
1650 2612 1764 2651 fama

133 2688 236 2726 dicti
265 2686 551 2733 tabernaculi,
585 2684 763 2723 uidendi
794 2696 926 2723 causa
953 2684 1040 2723 huc
1069 2696 1168 2723 sese
1200 2684 1503 2731 conferebant,
1533 2696 1583 2722 ac
1612 2695 1764 2722 omnes

134 2760 431 2809 cuiuscunque
454 2756 719 2796 conditionis
740 2757 812 2795 uel
833 2756 1058 2807 religionis
1079 2762 1243 2804 essent,
1282 2769 1368 2795 uno
1400 2755 1542 2795 animo
1575 2754 1764 2795 studium

180 2898 201 2918 a
249 2898 315 2945 pie
333 2901 472 2944 supra
490 2905 600 2933 vers.

184 3040 194 3060 ¹
250 3038 293 3077 P.
314 3037 560 3077 Lambertus
574 3038 706 3077 Auer.
