1908 3446
195 184 263 221 454
663 184 884 221 Ll'rTERAE
911 183 1266 229 QUADRIMESTRES

147 287 344 326 contulit.
385 287 599 326 Catholici
634 300 740 326 uero
777 287 976 325 homines
1012 291 1056 324 et
1089 285 1257 335 priscae
1294 285 1517 335 religionis
1557 289 1775 322 amatores

148 364 278 409 atque
303 364 645 397 conseruatores
681 359 786 396 mire
823 358 1032 409 gaudent;
1068 357 1292 394 inuentum
1327 356 1525 394 nimirum
1562 368 1659 394 esse
1694 355 1777 393 hoc

150 435 348 481 ternpore
372 431 516 468 locum
538 430 579 467 in
603 429 851 475 Germania,
878 442 931 466 ex
954 441 1039 478 quo
1062 440 1149 465 non
1171 427 1355 466 adulteri
1378 427 1455 465 sed
1475 427 1569 465 ueri
1600 439 1650 464 ac
1685 439 1777 475 syn-

158 502 247 540 ceri
268 500 407 540 libelli
427 508 445 526 a
466 501 656 552 prodire,
681 501 722 538 in
745 500 1166 549 christianorumque
1188 498 1385 536 manibus
1406 498 1571 536 uersari
1598 497 1777 547 possint.

155 572 299 623 Atque
336 572 446 610 haec
481 585 551 610 res
586 584 682 609 cum
717 572 863 622 plures
880 570 1002 611 alios,
1026 575 1116 606 tum
1139 569 1324 606 maxime
1347 569 1593 619 agriensem
1616 568 1780 618 episco-
1892 580 1906 605 εῖτ

150 656 250 694 pum
285 642 350 691 (ut
385 643 437 681 de
474 643 667 693 plurimis
703 641 797 690 alijs
833 641 1003 679 interim
1039 640 1227 689 taceam)
1262 639 1494 690 permouit‚
1529 651 1625 676 cum
1648 639 1781 677 semel

151 720 280 764 atque
317 714 474 751 iterum
506 713 741 763 collegium
764 713 849 749 hoc
871 711 1106 757 inuisisset,
1131 711 1192 748 uti
1212 710 1529 761 typographiae
1553 723 1598 748 se
1621 722 1782 748 memo·
1839 758 1841 760 Ι
1900 725 1902 746 ;

152 798 242 823 rem
264 784 598 834 quibuscunque
622 784 663 821 in
685 783 816 821 rebus
837 787 1002 832 posset,
1026 781 1324 832 polliceretur.

204 867 241 904 3.
299 857 392 907 Jam
415 868 521 893 uero
544 868 598 893 ne
623 859 807 892 conatus
830 854 870 891 in
891 853 1203 904 promouendis
1226 851 1400 903 collegij
1425 852 1556 890 rebus
1591 856 1783 902 praeter-

153 927 392 972 mittantur,
417 932 625 977 quantum
654 926 707 963 sit
732 925 1018 970 elaboratum,
1042 937 1095 962 ne
1119 923 1351 974 quidquam
1372 936 1459 961 non
1481 923 1611 961 modo
1635 935 1784 961 eorum

155 1011 263 1049 quae
287 997 435 1035 usibus
457 997 656 1035 humanis
678 996 1023 1046 pernecessaria,
1049 995 1126 1033 sed
1148 1007 1258 1045 quae
1288 994 1590 1032 conseruando
1612 1007 1784 1044 quoque
1838 996 1841 1014 ¹

154 1069 391 1107 Societatis
432 1069 600 1119 spiritui
640 1072 971 1118 peropportuna
1006 1071 1119 1113 sunt,
1161 1066 1289 1113 desit,
1331 1066 1527 1104 breuiter
1562 1065 1784 1116 attingam.

154 1140 520 1186 Constitutiones,
536 1151 737 1190 quarum
754 1138 1092 1177 simulachrum
1106 1138 1334 1187 quoddam
1346 1135 1480 1188 prius
1494 1136 1783 1184 habebamus,
1811 1144 1817 1150 '

155 1223 353 1262 quasque
371 1212 493 1250 uelut
506 1213 587 1261 per
605 1210 925 1249 transiennam
945 1208 1325 1260 intelligebamus,
1346 1210 1393 1247 R.
1414 1209 1483 1246 Pr.
1505 1209 1666 1246 Rector
1685 1208 1692 1226 ¹
1711 1221 1787 1258 per

155 1283 316 1321 mensis
333 1283 446 1333 (plus
463 1282 622 1331 minus)
646 1282 839 1332 spacium
861 1280 1061 1319 absolute
1085 1280 1308 1330 explicuit,
1328 1284 1449 1317 tanta
1466 1292 1563 1317 cum
1584 1279 1786 1327 utilitate,

155 1359 316 1404 quanta
352 1354 515 1404 sperari
550 1366 629 1403 pro
666 1353 835 1391 ratione
873 1352 1065 1403 regionis
1096 1351 1282 1389 maxima
1301 1351 1458 1401 potuit.
1484 1351 1656 1389 Etenim
1679 1352 1787 1390 adeo

156 1425 313 1463 fratres
336 1425 377 1462 in
400 1424 572 1464 CHRO.
598 1425 737 1462 nostri
760 1437 909 1462 earum
930 1423 1117 1461 maxime
1148 1423 1358 1460 virtutum
1390 1422 1640 1472 desyderio,
1678 1435 1788 1473 quae

156 1497 358 1548 propriae
391 1496 631 1534 Societatis
667 1502 781 1542 sunt,
825 1495 993 1541 ardent,
1036 1499 1082 1532 ut
1117 1494 1170 1532 ad
1210 1507 1376 1532 morem
1408 1494 1573 1532 romani
1614 1492 1787 1544 collegij

156 1569 354 1619 proxime
379 1569 597 1607 accedant
624 1569 659 1615 b,
686 1567 898 1618 siquidem
918 1566 1180 1617 paupertati,
1205 1578 1318 1616 quae
1339 1565 1489 1604 virtus
1510 1567 1573 1605 est
1596 1566 1648 1604 ob
1671 1578 1790 1604 amo-

159 1652 255 1680 rem
277 1639 376 1686 Dei,
402 1640 683 1678 obedientiae
707 1640 772 1688 (ut
793 1640 966 1677 interim
989 1638 1042 1677 de
1066 1638 1270 1676 castitate
1292 1642 1477 1684 taceam,
1516 1650 1568 1676 ea
1603 1638 1717 1676 enim
1751 1637 1791 1675 in

158 1724 204 1750 re
240 1711 483 1762 angelicam
518 1711 753 1761 puritatem
784 1710 955 1757 imitari,
981 1711 1075 1747 Deo
1097 1709 1205 1755 laus,
1228 1709 1441 1759 nituntur)
1464 1722 1519 1747 ex
1540 1709 1682 1747 animo
1707 1713 1791 1746 stu-

159 1782 282 1829 dent,
319 1782 616 1832 poenitentias
650 1781 838 1819 libenter
879 1781 1084 1827 subeunt3
1125 1785 1169 1819 et
1208 1780 1415 1830 quidquid
1451 1793 1506 1818 ex
1545 1780 1791 1830 regularum

162 1866 293 1891 sensu
317 1864 416 1891 esse
436 1851 702 1903 intelligunt,
724 1852 853 1890 enixe
872 1850 1126 1902 expediunt,
1147 1863 1197 1889 ac
1219 1856 1371 1889 sancte
1391 1849 1504 1889 inter
1526 1863 1574 1888 se
1603 1863 1754 1889 omnes
1775 1856 1792 1875 c

157 1938 235 1976 pro
257 1924 543 1976 perfectionis
566 1924 770 1971 culmine,
795 1924 828 1962 si
852 1936 1039 1974 unquam
1061 1926 1204 1970 antea,
1230 1927 1352 1961 certe
1373 1934 1489 1960 nunc
1525 1922 1712 1960 maxime
1743 1934 1794 1960 ac

159 2001 337 2035 strenue
358 2000 569 2047 pugnantg
594 2000 638 2033 et
661 2007 817 2046 magna
837 1994 1011 2033 interim
1043 1994 1257 2032 charitate
1289 2005 1388 2032 sese
1419 1998 1570 2031 mutuo
1607 1993 1792 2044 amplec-

158 2072 321 2112 tuntur,
347 2071 392 2105 et
412 2067 476 2117 (ut
499 2066 701 2117 Apostoli
724 2065 870 2104 uerbis
893 2065 1007 2115 utar)
1028 2064 1217 2103 inuicem
1241 2063 1398 2113 officijs
1424 2064 1689 2114 preueniunt
1710 2063 1737 2102 ².

215 2151 254 2188 4.
314 2138 424 2177 Cum
447 2143 577 2176 antea
595 2143 793 2176 curatum
812 2137 1045 2188 diligenter
1067 2137 1238 2184 fuisset,
1257 2148 1313 2174 ne
1335 2136 1445 2174 ullus
1467 2135 1671 2186 antiquae
1692 2134 1795 2173 fidei

162 2223 214 2248 ac
248 2209 474 2261 religionis
510 2212 792 2260 contemptor
827 2209 869 2247 in
908 2212 1246 2260 praeceptorem
1283 2207 1471 2246 filiorum
1507 2207 1644 2245 ser.¹1¹i
1679 2206 1795 2258 regis

161 2280 441 2320 Maximiliani
471 2279 813 2327 adscisceretur3
843 2280 930 2330 jam
961 2279 1004 2318 id
1034 2291 1210 2331 quoque
1241 2279 1384 2330 agitur
1414 2283 1461 2316 ut
1491 2276 1553 2315 uir
1581 2277 1793 2326 doctrina,
1847 2308 1851 2314 .
1899 2303 1905 2318 ,-

160 2353 278 2391 vitae
295 2351 585 2391 sanctimonia
604 2351 861 2403 pietateque
885 2351 1118 2389 christiana
1140 2350 1347 2402 egregius
1363 2350 1517 2400 aliquis
1533 2349 1794 2397 inueniatur,
1845 2379 1851 2397 ἶ
1900 2383 1908 2387 ,

160 2423 233 2475 qui
255 2435 407 2462 eorum
430 2424 483 2462 sit
505 2424 677 2462 futurus
698 2428 979 2475 praeceptor3
1003 2434 1057 2460 ex
1079 2434 1264 2473 quorum
1285 2421 1358 2472 pia
1378 2426 1618 2472 sanctaque
1640 2420 1795 2460 educa-

159 2496 281 2535 tione
316 2495 432 2534 salus
466 2493 788 2546 propemodum
823 2493 1051 2533 maximae
1079 2491 1233 2544 partis
1254 2492 1536 2539 totiuslorbis
1557 2493 1576 2518 d
1597 2492 1794 2544 pendere

162 2566 351 2605 uidetur.
377 2566 545 2605 Omitto
567 2565 799 2605 breuitatis
822 2577 953 2604 causa
973 2564 1139 2615 reliqua
1159 2576 1272 2616 quae
1295 2563 1410 2603 circa
1425 2564 1512 2603 hoc
1527 2565 1672 2616 magni
1695 2576 1793 2602 meo

209 2721 229 2741 a
278 2721 384 2758 libri.
438 2722 503 2748 ——b
531 2721 729 2758 accedere
748 2720 951 2757 nituntur.
1019 2727 1084 2746 ——0
1104 2718 1241 2757 Prius
1267 2718 1444 2757 videtur
1472 2719 1615 2768 script.
1648 2719 1793 2758 cuncti.

167 2781 235 2807 -d
256 2781 401 2818 harum
420 2780 648 2827 regionum.

213 2932 222 2953 ¹
276 2931 322 2968 P.
337 2929 516 2978 Joannes
535 2929 585 2966 de
601 2927 799 2966 Victoria.

211 2988 228 3012 ⁸
276 2988 342 3030 Cf.
363 2988 487 3035 Rom,
509 2987 600 3036 XII,
626 2987 679 3027 10.
