1908 3446
637 175 936 214 226.-Oc.m1A
968 175 991 211 6
1018 174 1117 222 JAN.
1158 174 1247 211 1559
1659 173 1706 211 25

882 377 993 428 Zffl

539 520 942 583 JOANNES
1001 519 1338 567 GARCIA

642 666 796 692 OCANIA
821 654 845 692 6
869 663 1065 701 jANUARll
1101 652 1191 689 1559
1218 654 1241 689 ¹.

131 780 163 818 l.
190 778 316 818 Socii
342 777 514 818 civibus
541 776 657 816 cari.
693 775 964 816 Contionmn
997 777 1036 814 et
1077 776 1476 814 sacramem‘ornm
1499 771 1714 822 fructnss

209 843 248 883 2.
274 843 556 883 Fzmdatoris
577 841 763 894 collegii
782 855 898 894 erga
919 841 1066 880 socios
1088 839 1386 879 animus—3.
1410 840 1592 878 Horum
1613 839 1652 876 et
1674 836 1760 875 dis-

211 910 469 961 cipulorum
495 922 726 948 numerus.
758 908 1041 960 Progressus
1070 906 1116 945 in
1143 905 1310 945 litteris
1331 907 1371 945 et
1393 904 1519 944 bonis
1541 902 1757 943 moribus.

213 975 475 1028 Religiosae
491 973 789 1027 perfectionis
808 973 1025 1012 studium.

191 1114 224 1141 1.
284 1104 311 1153 †
343 1102 473 1139 Pater
495 1099 730 1138 admodum
752 1097 1015 1137 Reverende
1038 1098 1080 1135 in
1103 1097 1277 1136 Christo
1303 1095 1442 1143 [Dicit
1475 1108 1519 1133 se
1553 1094 1672 1132 nolle
1699 1106 1765 1132 re-

130 1176 275 1226 petere
300 1172 436 1224 prius
455 1171 660 1222 scriptah
685 1171 784 1209 Hoc
813 1171 855 1208 in
885 1169 1031 1220 primis
1053 1169 1180 1215 scito,
1220 1170 1348 1206 Pater
1369 1167 1604 1205 admodum
1640 1177 1764 1203 reue-

133 1245 284 1291 rende,
309 1244 570 1295 religionem
592 1247 785 1280 nostram
804 1247 846 1279 et
869 1241 1141 1279 Societatem
1161 1238 1203 1277 in
1224 1240 1311 1277 hoc
1332 1238 1565 1289 municipio
1581 1238 1766 1286 (summa

132 1318 224 1355 laus
247 1321 291 1354 et
324 1315 465 1353 honor
488 1315 583 1352 Deo
609 1313 771 1364 optimo
808 1312 1016 1360 maximo)
1051 1311 1186 1349 multo
1223 1311 1393 1348 honore
1428 1309 1558 1356 affici,
1584 1314 1627 1345 et
1650 1307 1767 1345 miris

134 1388 333 1428 laudibus
354 1388 407 1425 ab
431 1386 630 1425 omnibus
653 1384 819 1423 extolli:
844 1384 897 1422 ab
921 1383 1136 1430 omnibus,
1165 1383 1354 1432 inquam,
1378 1395 1465 1419 non
1495 1385 1661 1419 tantum
1692 1392 1767 1430 po-

134 1459 367 1511 pularibus,
393 1457 471 1497 sed
493 1457 623 1495 etiam
645 1469 669 1494 a
690 1455 908 1506 religiosis
931 1459 975 1492 et
995 1453 1284 1505 presbyteris3
1307 1451 1453 1492 cuncti
1469 1450 1658 1502 denique
1680 1463 1766 1488 vno

136 1544 213 1570 ore
232 1531 424 1569 fatentur
447 1530 600 1567 Patres
621 1531 798 1566 nostros
820 1526 874 1564 ad
909 1527 1021 1564 hanc
1041 1526 1354 1576 rempublicam
1375 1531 1394 1550 ⁸
1414 1523 1671 1575 peruenisse
1693 1522 1768 1560 im-

132 1603 279 1654 pulsos
302 1600 448 1639 diuino
479 1599 670 1645 numine,
695 1604 740 1636 ut
770 1603 838 1636 tot
868 1597 1087 1647 tantisque
1109 1596 1379 1635 scaeleribus
1402 1600 1446 1633 et
1475 1594 1650 1645 flagitiis
1681 1605 1769 1631 me-

135 1674 358 1712 derentur.
385 1672 482 1721 Qua
513 1669 718 1721 opinione
740 1668 874 1716 ducti,
911 1668 1198 1707 libentissime
1232 1667 1449 1706 intersunt
1485 1656 1770 1705 concionibus

137 1758 248 1797 quae
270 1758 295 1783 a
314 1743 475 1783 nostris
498 1742 698 1780 Patribus
719 1742 935 1779 habentur
957 1741 1190 1790 (habentur
1212 1745 1359 1778 autem
1393 1738 1638 1789 plurimae),
1664 1742 1708 1774 et
1729 1736 1771 1774 in

137 1817 301 1868 templo
332 1820 485 1854 nostro
509 1819 553 1852 et
587 1813 629 1852 in
651 1813 744 1852 aliis
766 1813 948 1851 aedibus
970 1813 1119 1850 sacris.
1145 1811 1376 1850 Accedunt
1399 1810 1530 1849 etiam
1551 1809 1675 1847 multi
1695 1809 1772 1846 ho-

138 1889 276 1928 mines
296 1901 348 1926 ac
368 1887 575 1925 mulieres
596 1886 639 1924 in
667 1885 877 1936 templum
899 1889 1096 1923 nostrum
1117 1889 1317 1934 apertum
1339 1895 1417 1921 sua
1439 1881 1617 1920 crimina
1637 1880 1772 1918 Patri-

139 1961 219 1998 bus
239 1958 418 2005 nostris;
440 1957 559 2009 quod
579 1961 852 2008 quantopere
883 1954 1022 2006 prosit
1041 1955 1125 1993 toti
1155 1953 1405 2004 municipio,
1430 1965 1582 1991 omnes
1605 1951 1773 2002 experi-

139 2036 287 2071 mento
311 2034 604 2082 cognoscunt3
629 2034 673 2067 et
692 2029 897 2080 ingentes
919 2028 1080 2079 gratias
1101 2031 1237 2078 agunt
1258 2027 1370 2073 Deo,
1395 2039 1492 2065 curn
1512 2024 1694 2063 videant
1714 2023 1774 2061 in-

139 2115 320 2141 numera
338 2106 537 2153 peccata,
556 2104 631 2139 tan
651 2099 840 2151 publica,
865 2112 993 2149 quam
1014 2099 1198 2150 privata,
1218 2098 1370 2136 auulsa
1391 2109 1490 2136 esse
1513 2101 1557 2134 et
1580 2095 1772 2141 exclusa,

140 2175 295 2226 quibus
317 2173 440 2212 multi
461 2171 646 2211 inuoluti
669 2176 712 2209 et
731 2170 962 2209 obcaecati
982 2170 1168 2220 turpiter
1184 2168 1416 2215 herebant3
1434 2179 1618 2218 quorum
1637 2165 1775 2204 crimi-

140 2260 242 2285 num
276 2238 545 2284 mention'em
577 2242 797 2294 sigillatim
831 2242 991 2280 nullam
1023 2241 1154 2288 facio,
1187 2252 1243 2278 ne
1274 2239 1521 2291 longiorem
1542 2239 1638 2289 plus
1656 2238 1775 2287 justo

143 2318 328 2357 scribam
350 2315 582 2367 epistolam
602 2315 638 2353 b.

194 2399 232 2427 2.
292 2385 628 2426 Protonotarius
663 2384 735 2435 qui
769 2389 948 2422 nostrae
978 2382 1193 2422 Societati
1229 2381 1465 2432 collegium
1500 2379 1652 2418 tribuit
1680 2379 1708 2426 ²,
1734 2384 1778 2417 et

144 2457 342 2497 Patribus
364 2456 509 2497 omnia
528 2454 782 2494 necessaria
801 2454 926 2493 hilari
946 2453 1091 2492 animo
1116 2457 1160 2491 et
1181 2452 1314 2491 alacri
1334 2452 1459 2490 vultu
1479 2450 1644 2497 tribuit,
1668 2450 1777 2488 viuit

143 2542 194 2568 ac
213 2530 347 2568 valet.
371 2529 426 2567 Et
454 2526 644 2566 maximo
676 2537 827 2565 amore
854 2524 1135 2576 prosequitur
1166 2523 1439 2562 Societatem
1462 2529 1494 2569 03
1528 2527 1571 2559 et
1593 2533 1777 2572 sepenu-

144 2614 266 2640 mero
283 2599 517 2652 pollicetur
535 2610 582 2637 se
601 2597 805 2650 cu[n]etis
822 2597 864 2636 in
881 2596 1014 2635 rebus
1031 2595 1233 2634 Patribus
1248 2593 1410 2633 nostris
1429 2605 1558 2644 opem
1575 2593 1777 2638 laturum,

191 2768 211 2788 ²
260 2767 397 2806 Prius
415 2767 569 2805 vrbem.
625 2768 689 2792 —b
710 2765 920 2813 spistolam
938 2774 1021 2802 ms.
1077 2772 1142 2790 —0
1200 2763 1291 2809 Seq.
1314 2761 1493 2809 quotidie
1513 2761 1596 2798 del.

199 2944 211 2964 ¹
261 2942 324 2980 Ex
342 2941 598 2988 autographo
617 2941 656 2977 in
676 2940 762 2977 cod.
783 2939 914 2986 Hisp.
936 2938 1004 2983 96,
1023 2936 1047 2975 2
1064 2936 1122 2983 ff„
1142 2949 1210 2974 nn.
1231 2936 1314 2982 265,
1335 2935 1416 2981 2663
1438 2935 1549 2982 prius
1570 2933 1646 2970 121.

197 3004 207 3023 ¹
264 3001 497 3039 Ludovicus
514 3000 564 3037 de
584 2998 831 3046 Calatayud.
