1908 3446
393 187 592 227 310.-Ex
619 186 736 227 Fono
763 187 872 227 L1v11
898 189 944 226 20
970 187 1335 226 Novssiissms'1559
1566 190 1636 227 385

59 296 194 347 ipsum
229 293 401 344 cupiant
436 298 479 330 et
509 292 794 341 contendant,
829 293 960 331 etiam
991 306 1118 344 quos,
1142 298 1188 331 ut
1219 294 1334 331 omni
1370 299 1469 331 sunt
1500 294 1679 344 impedi-

60 372 202 404 mento
225 364 362 410 liberi,
379 364 439 402 ita
459 364 760 402 admittendos
783 365 869 402 cito
892 364 988 402 fore
1011 377 1253 414 speramus,

110 438 145 475 8.
203 436 299 473 Fuit
322 448 430 473 unus
450 434 492 472 in
514 435 566 484 ijs
588 448 697 486 quos
725 435 854 485 paulo
878 440 978 473 ante
1011 435 1113 481 dixi,
1138 436 1210 485 qui
1231 435 1312 472 nisi
1343 448 1526 473 uxorem
1550 437 1681 473 habe-

63 514 141 554 ret,
167 519 212 545 se
235 513 482 545 curaturum
505 507 694 553 dicebat,
719 512 765 544 ut
798 506 851 544 ad
882 507 1153 545 Societatem
1185 507 1491 546 ascriberetur.
1523 508 1684 545 Annuit

60 580 148 618 eius
170 579 238 628 pio
262 577 484 616 desiderio
508 579 643 625 Deus,
663 582 794 628 atque
818 578 910 615 eius
933 590 1070 615 uxore
1093 590 1170 628 per
1192 583 1378 616 mortem
1402 577 1455 616 ad
1487 591 1533 616 se
1556 591 1685 616 reuo-

59 656 164 697 cata,
188 649 366 687 liberam
390 649 428 687 ei
449 648 706 700 perficiendi
730 649 837 696 eius,
862 648 979 699 quod
1010 654 1054 686 ut
1077 648 1307 699 aliquando
1332 654 1484 700 optare
1506 650 1682 700 inspira-

58 727 134 769 rat,
158 721 408 759 facultatem
431 720 567 758 dedit.
592 721 631 757 Is
653 720 784 771 igitur
808 720 861 757 de
885 720 1088 758 mandato
1113 721 1161 757 T.
1197 721 1244 759 R.
1279 722 1326 759 P.
1351 722 1463 759 istuc
1489 722 1507 739 ³
1529 722 1684 759 missus

59 797 137 831 est.
162 791 389 831 Credimus
413 804 511 829 eum
534 805 610 841 pro
635 805 713 829 usu
743 792 762 815 b
785 804 913 841 quem
935 791 1083 838 habet,
1108 791 1149 829 in
1168 792 1405 830 earundem
1422 793 1684 831 tractatione

6 855 7 858 Ἰ
57 864 200 903 utilem
222 864 263 901 in
284 863 412 901 uinea
431 862 603 901 Domini
619 863 714 900 iore
734 870 759 900 ¹.
781 864 878 901 Hoc
896 863 989 900 eius
1006 863 1221 913 ingressu,
1240 868 1331 901 tum
1348 864 1421 908 illi,
1442 870 1532 902 tum
1552 864 1682 902 etiam

58 934 240 985 collegio
264 947 288 972 a
310 935 495 972 Domino
520 934 766 972 consultum
785 938 828 971 et
850 934 1071 983 prouisum
1091 941 1172 972 est.
1192 935 1302 973 Nam
1319 941 1494 985 praeter
1512 936 1684 974 uineam

59 1011 100 1044 et
120 1006 280 1056 aliquot
303 1010 448 1043 terrae
470 1006 623 1056 iugera
643 1006 745 1044 huic
767 1005 957 1055 collegio
976 1004 1204 1055 applicata,
1224 1006 1545 1057 supellectilem
1564 1020 1683 1045 suam

58 1077 354 1124 domesticam,
387 1077 667 1124 frumentum,
707 1078 867 1125 oleum,
902 1077 1048 1115 uinum
1080 1078 1271 1116 tradidit.
1311 1078 1504 1127 Quarum
1540 1091 1684 1117 rerum

59 1149 243 1188 omniurn
278 1148 364 1186 hoc
397 1148 574 1199 quidem
609 1161 725 1188 anno
763 1149 1023 1187 difficultate
1054 1149 1374 1187 laborabamus.
1400 1150 1521 1187 Alius
1554 1150 1684 1188 etiam

57 1226 225 1272 praeter
247 1232 375 1271 quarn
396 1219 514 1271 quod
535 1221 694 1259 bonam
716 1221 999 1271 pecuniarum
1032 1234 1258 1269 summam,
1291 1234 1418 1272 quam
1436 1226 1587 1259 mutuo
1611 1222 1684 1260 de-

60 1292 180 1331 derat
202 1293 408 1344 coHegio,
433 1293 614 1340 remisit,
638 1293 754 1331 aliud
788 1293 891 1331 nihil
914 1293 954 1331 in
977 1295 1092 1333 uotis
1114 1294 1261 1340 habet,
1295 1306 1422 1343 quam
1455 1300 1501 1331 ut
1527 1307 1681 1344 nepos,

59 1376 183 1415 quem
203 1378 280 1415 pro
303 1365 391 1403 filio
422 1365 570 1411 habet,
596 1365 866 1404 Societatem
901 1366 1187 1416 ingrediatur,
1212 1371 1257 1402 ut
1290 1365 1434 1403 omnia
1464 1378 1540 1403 sua
1570 1367 1684 1404 bona

57 1436 238 1487 collegio
262 1438 410 1488 legare
432 1438 586 1487 possit3
604 1449 715 1487 quae
732 1437 909 1488 quidem
927 1437 980 1475 ad
997 1450 1207 1475 summam
1226 1437 1442 1475 accedunt
1460 1437 1591 1475 duum
1610 1439 1684 1476 mi-

57 1508 154 1545 lium
170 1520 401 1546 aureorum
424 1514 708 1547 scutatorum.
733 1508 781 1546 Id
803 1521 910 1547 uero
933 1522 1070 1560 puero
1101 1510 1174 1556 illi,
1200 1509 1381 1560 egregia
1408 1522 1513 1547 sane
1535 1510 1683 1548 indole

56 1579 265 1629 praedito,
291 1584 334 1618 et
355 1592 379 1617 a
401 1581 626 1619 Societate
648 1593 735 1618 non
757 1580 918 1628 alieno,
944 1581 1097 1619 sedulo
1122 1581 1292 1619 suadet.

105 1660 142 1699 9.
200 1650 247 1687 In
267 1651 451 1701 gratiam
475 1651 605 1689 etiam
627 1651 890 1690 reducendis
913 1653 1147 1700 nonnullis,
1181 1654 1252 1704 qui
1274 1653 1553 1702 dissiderent,
1586 1667 1682 1692 nos-

56 1727 214 1760 trorum
237 1735 370 1773 opera
404 1736 507 1761 usus
540 1729 605 1761 est
637 1724 866 1771 Dominus;
891 1729 934 1762 et
957 1725 1037 1762 hac
1059 1725 1127 1762 uia
1149 1725 1323 1775 quidem
1358 1725 1471 1763 inter
1504 1732 1683 1764 caetera

57 1794 246 1832 sublatae
267 1800 365 1832 sunt
388 1795 632 1833 simultates
654 1793 868 1846 quaedam
890 1796 1034 1846 magni
1058 1797 1286 1843 momenti;
1309 1809 1420 1847 quae
1445 1796 1497 1835 ad
1521 1810 1682 1848 graues

54 1865 291 1905 inimicitias
312 1880 411 1906 cum
433 1868 668 1906 multorum
690 1867 956 1906 detrimento
980 1875 1182 1919 spectare
1200 1869 1474 1907 uidebantur.
1493 1870 1679 1909 Visitata

57 1943 150 1975 sunt
171 1939 315 1986 etiam,
339 1952 417 1989 pro
440 1939 677 1977 Societatis
699 1952 838 1987 more,
859 1941 1125 1978 monasteria
1142 1953 1361 1979 sacrarum
1384 1941 1615 1992 virginum,
1638 1948 1681 1980 et

58 2009 340 2057 xenodochia,
364 2016 495 2061 atque
526 2011 701 2049 habitae
737 2010 902 2062 aliquot
938 2012 1176 2050 conciones
1198 2015 1238 2050 in
1273 2012 1387 2058 foro,
1417 2025 1585 2050 summo
1609 2026 1681 2051 au-

56 2079 257 2119 dientium
279 2094 490 2120 consursu
513 2087 643 2133 atque
676 2083 807 2121 etiam
842 2084 1065 2134 applausu.
1092 2084 1220 2121 Domi
1256 2096 1379 2131 uero,
1405 2084 1506 2122 dum
1538 2085 1680 2123 nullus

57 2157 119 2190 est
139 2153 209 2204 qui
229 2154 270 2191 in
291 2155 455 2205 templo
478 2158 629 2192 nostro
666 2153 969 2202 concionetur,
993 2156 1238 2194 institutum
1263 2162 1329 2193 est
1346 2161 1393 2193 ut
1416 2156 1573 2194 diebus
1594 2157 1679 2194 fes-

55 2223 107 2262 tis
135 2224 186 2262 ab
207 2238 291 2264 uno
322 2225 503 2264 fratrum
523 2225 759 2277 parabolae
792 2228 1081 2277 euangelicae
1115 2227 1405 2277 explicentur,
1431 2233 1475 2266 et
1507 2233 1678 2266 sancto-

100 2402 118 2422 a
165 2403 315 2442 Praec.
337 2416 376 2442 v.
397 2410 534 2452 supra
549 2416 657 2443 vers.
710 2412 776 2437 —b
797 2419 948 2444 rerum.

100 2586 109 2606 ¹
159 2586 332 2623 Videtur
350 2585 413 2623 hic
431 2585 555 2622 fuisse
574 2585 784 2633 Philippus
805 2586 923 2631 Bitio,
945 2589 1059 2633 cuius
1078 2589 1278 2625 adventus
1300 2588 1339 2625 in
1359 2589 1521 2626 domum
1551 2602 1679 2625 roma-

12 2641 13 2651 *
55 2657 144 2682 nam
161 2645 250 2683 Soc.
267 2645 365 2693 Jesu
384 2651 602 2683 annotatur
620 2647 659 2682 in
678 2647 762 2684 cod.
786 2647 913 2684 Rom.
932 2647 1014 2685 169
1031 2647 1208 2695 (Regist.
1230 2649 1353 2685 novit.
1379 2648 1608 2694 1556-1668)
1629 2649 1679 2685 ad

57 2704 156 2742 diem
188 2706 202 2741 l
235 2703 476 2742 Novembris
509 2706 612 2743 1559.
645 2706 691 2743 In
720 2707 806 2743 cod.
838 2707 965 2744 Rom.
999 2706 1102 2750 781³,
1129 2721 1167 2744 n.
1199 2708 1253 2752 17,
1282 2709 1442 2754 scripsit
1462 2707 1677 2745 Polaticus:

60 2763 164 2802 «Alli
192 2765 215 2802 8
239 2765 277 2801 di
303 2763 470 2802 Genaro
503 2765 593 2803 1560
622 2765 656 2803 si
687 2767 833 2804 mando
864 2766 920 2803 M.
952 2766 1111 2814 Philipo
1138 2768 1187 2804 de
1218 2767 1331 2804 Forli
1361 2768 1401 2804 al
1429 2768 1604 2814 collegio
1631 2769 1679 2805 de

12 2847 15 2868 2
56 2821 199 2861 Foru.»
218 2825 262 2862 In
281 2828 400 2865 catal.
421 2827 586 2873 collegii
605 2826 762 2864 foroliv.
784 2826 881 2863 anni
903 2827 992 2864 1560
1010 2827 1064 2872 (in
1082 2827 1169 2864 eod.
1198 2827 1282 2864 cod.
1304 2841 1348 2864 n.
1379 2827 1447 2864 224
1461 2829 1512 2873 ν.)
1540 2841 1678 2865 recen-

13 2886 15 2920 ξ
56 2887 162 2921 setur
178 2884 282 2923 inter
301 2887 554 2936 coadjutores
573 2887 820 2934 temporales
839 2886 900 2922 his
919 2886 1068 2923 verbis:
1092 2885 1171 2924 «M.
1193 2886 1381 2934 Philippo
1406 2886 1527 2924 Bitio.
1550 2887 1603 2924 V.
1625 2887 1675 2924 R.

57 2941 132 2980 l'ha
156 2946 396 2989 conosciuto.
426 2960 447 2984 e
479 2960 550 2994 per
576 2947 710 2994 gratia
728 2947 794 2983 del
814 2945 855 2984 S.
879 2949 900 2982 ὲ
919 2947 1025 2984 assai
1045 2948 1142 2984 vtile
1161 2961 1184 2984 a
1203 2953 1347 2993 questo
1367 2947 1541 2993 collegio
1560 2960 1633 2994 per
1652 2947 1678 2984 li

57 3003 211 3041 seruicii
229 3007 480 3054 temporali.»

192 3088 354 3115 Lim-mm·
373 3090 732 3123 Qunonmusrnns.—T.
754 3090 806 3117 Vl.
1503 3093 1538 3119 25
