1908 3446
549 286 957 325 367.-1N<;0Lsmmo
987 287 1001 323 1
1033 282 1141 334 MAJ1
1171 286 1260 324 1560
1610 284 1675 321 611

853 515 964 566 367

519 653 569 698 P.
608 652 957 699 NICOLAUS
992 650 1320 698 LANOYUS

607 783 886 811 INGOLSTADIO
916 774 930 809 1
962 783 1054 819 MAJI
1084 771 1175 809 1560
1202 773 1225 809 ¹.

110 890 140 925 ῑ.
167 887 352 926 Florent
370 888 551 927 scholae
575 888 836 939 inferiores.
873 887 1115 927 Convictus
1136 887 1327 938 fructus
1359 890 1398 926 et
1429 888 1546 926 bona
1582 887 1732 926 existi-

182 952 340 992 matio.
373 953 647 1005 Tlieologiae
669 954 904 993 auditores
924 951 1466 1003 minusfreq·u-entes.——2.
1494 952 1613 991 Novi
1643 953 1729 991 col-

185 1018 371 1070 collegii
389 1020 569 1059 sodales
590 1019 639 1057 in
669 1020 873 1058 moribus
892 1018 1257 1070 proficiunt—3.
1295 1017 1535 1057 Contiones
1571 1020 1665 1056 tam
1689 1017 1736 1055 in

186 1084 309 1131 urbe,
335 1097 471 1135 quam
493 1085 738 1124 extrem—4.
765 1085 1177 1124 Sacramentorum
1200 1083 1486 1123 ministratio
1509 1084 1562 1123 ob
1585 1085 1739 1134 templi

186 1151 432 1202 angustias
446 1155 721 1201 nonparmn
739 1151 968 1202 impedita.
983 1150 1221 1190 Auxilium
1238 1150 1430 1202 afflictis
1445 1150 1734 1200 praestitum.

170 1287 203 1314 Ι.
263 1277 290 1325 †
317 1273 406 1325 Jhs.
431 1271 584 1311 Gratia
606 1278 650 1310 et
671 1285 753 1322 pax
772 1274 875 1323 Jesu
898 1270 1014 1311 Chri.
1041 1276 1125 1310 etc.
1153 1272 1195 1308 R.
1208 1270 1248 1296 de
1271 1271 1312 1308 in
1329 1270 1463 1308 Chro.
1490 1271 1557 1308 Pr.
1584 1271 1738 1309 Postu-

107 1348 222 1385 lante
245 1360 278 1384 s.
304 1343 570 1389 obedientia,
594 1343 743 1394 paucis
766 1343 968 1389 referam,
992 1355 1103 1392 quae
1126 1341 1180 1379 de
1212 1354 1422 1380 successu
1444 1354 1589 1380 rerum
1610 1343 1737 1380 huius=

108 1417 284 1469 collegij
321 1416 474 1462 nostri,
512 1420 719 1465 quantum
757 1413 810 1451 ad
846 1414 928 1451 iam
959 1414 1157 1464 proxime
1195 1414 1390 1464 elapsum
1421 1413 1739 1464 quadrimestre

109 1495 294 1541 spectat,
319 1487 372 1526 ad
395 1488 443 1525 R.
469 1488 516 1524 P.
540 1486 590 1523 T.
616 1485 671 1523 de
689 1498 812 1523 more
831 1489 929 1523 sunt
947 1484 1274 1535 perscribenda.
1295 1484 1604 1523 Succulentior
1621 1484 1741 1522 indu-

107 1561 193 1608 bie,
220 1561 275 1599 ob
297 1559 523 1598 materiam
540 1557 750 1595 videlicet
767 1558 1035 1602 vberiorem,
1054 1556 1197 1593 futura
1216 1559 1336 1593 esset
1358 1556 1467 1593 haec
1485 1555 1686 1605 epistola,
1706 1556 1741 1593 si

108 1634 192 1672 hoc
224 1631 459 1682 collegium
489 1641 593 1681 prae
624 1629 817 1667 coeteris
848 1629 940 1665 fere
972 1633 1149 1665 nostrae
1181 1628 1419 1666 Societatis
1441 1627 1642 1678 collegijs
1665 1641 1741 1666 sua

108 1717 195 1742 non
215 1704 400 1742 haberet
430 1699 710 1740 incommoda
740 1701 788 1737 R.
826 1701 868 1737 P.
903 1700 953 1736 T.
987 1712 1073 1736 non
1104 1699 1268 1749 ignota,
1301 1711 1413 1749 quae
1443 1710 1520 1749 per
1552 1698 1740 1736 diuinam

109 1775 307 1827 gratiam,
341 1774 376 1812 si
405 1786 493 1811 non
525 1771 682 1818 omnia,
709 1777 830 1809 certe
853 1771 1088 1821 praecipua
1108 1770 1315 1820 paulatim
1337 1770 1554 1808 sublatum
1576 1770 1625 1807 iri
1647 1782 1741 1820 spe-

110 1860 267 1886 ramus.
294 1844 425 1896 Quod
446 1844 577 1895 igitur
599 1843 653 1881 ad
675 1843 847 1881 scholas
870 1842 1026 1880 attinet
1056 1842 1183 1880 huius
1214 1841 1407 1892 collegij,
1437 1843 1574 1879 multo
1596 1841 1743 1892 plures

109 1922 391 1956 numerantur
412 1915 454 1954 in
473 1915 684 1954 classibus
701 1913 980 1952 inferioribus
997 1913 1135 1964 pueri,
1155 1926 1283 1964 quam
1305 1913 1466 1963 hyeme
1487 1913 1740 1964 praeterita,

112 1991 233 2029 cuius
265 1988 375 2027 ratio
405 2000 493 2026 non
524 1988 665 2024 solum
697 1991 779 2031 est,
813 1984 930 2036 quod
963 1998 1015 2022 eo
1048 1990 1248 2035 tempore
1270 1983 1467 2035 plerique
1491 1984 1547 2022 ob
1567 1984 1743 2035 frigoris

110 2061 308 2099 iniuriam
332 2060 503 2098 soleant
534 2058 651 2096 domi
682 2057 878 2103 retineri,
911 2069 1064 2094 verum
1097 2056 1228 2094 etiam
1258 2055 1377 2106 quod
1412 2067 1499 2093 non
1530 2056 1657 2105 pauci
1689 2068 1742 2093 ex

113 2133 208 2182 alijs
244 2130 406 2170 scholis
442 2129 495 2169 ad
529 2136 702 2169 nostras
737 2128 944 2166 deficiant
979 2128 1092 2165 fama
1128 2128 1294 2165 illarum
1332 2126 1481 2173 exciti,
1519 2139 1646 2178 quam
1686 2128 1745 2165 ita

112 2205 383 2243 aemulorum
402 2208 533 2252 atque
557 2201 907 2239 obtrectatorum
929 2199 1103 2250 linguae
1125 2203 1351 2249 nequeunt
1370 2199 1622 2245 obscurare,
1643 2198 1743 2249 quin

114 2289 191 2327 per
213 2276 462 2314 vniuersam
494 2274 723 2312 Bauariam
755 2273 888 2322 vulgo
921 2271 977 2309 sit
1006 2283 1262 2321 persuasum
1294 2284 1456 2322 pueros
1487 2270 1745 2309 adolescen-

114 2352 257 2394 tesue,
283 2352 373 2384 tum
394 2346 436 2384 in
457 2343 609 2403 literis,
633 2350 724 2382 tum
746 2344 787 2381 in
808 2343 993 2394 pietate,
1018 2343 1132 2393 apud
1151 2342 1336 2391 jesuitas
1358 2343 1424 2392 (vt
1446 2357 1526 2381 nos
1549 2343 1745 2394 germani

116 2419 293 2468 vocant)
317 2405 480 2469 optime
502 2416 684 2465 instituj.
709 2416 824 2453 Hinc
845 2415 976 2453 etiam
998 2414 1060 2461 fit,
1086 2419 1132 2451 ut
1152 2427 1358 2452 numerus
1381 2414 1745 2453 scholasticorum

116 2489 316 2528 classium
339 2488 614 2539 superiorum
635 2486 894 2526 accessione
918 2486 1223 2524 conuictorum
1247 2485 1300 2523 sit
1323 2499 1438 2524 nunc
1458 2499 1587 2536 quam
1618 2491 1748 2523 antea

115 2574 202 2599 non
222 2572 372 2611 parum
395 2559 580 2606 auctior3
603 2571 847 2610 quanquam
870 2570 954 2595 nec
973 2557 1055 2594 hos
1077 2557 1241 2607 absque
1265 2557 1440 2595 delectu
1472 2557 1745 2608 suscipimuS,

117 2631 406 2670 excludentes
429 2644 507 2670 eos
528 2630 738 2669 videlicet
759 2643 869 2681 quos
892 2629 1195 2667 existimamus
1225 2629 1410 2667 ferendo
1442 2628 1544 2680 iugo
1567 2634 1747 2667 nostrae

117 2702 370 2752 disciplinae
392 2702 532 2740 minus
553 2707 695 2751 aptos,
721 2700 962 2739 cuiusmodi
986 2700 1079 2738 fere
1103 2705 1201 2737 sunt
1223 2700 1295 2750 qui
1326 2707 1425 2738 sunt
1447 2706 1594 2738 aetate
1617 2701 1746 2750 paulo

117 2774 401 2825 prouectiore
423 2775 537 2812 acin
563 2773 660 2822 alijs
690 2773 853 2811 scholis
883 2771 1088 2810 licentius
1119 2772 1299 2818 versati3
1331 2773 1384 2809 ab
1416 2772 1469 2821 ijs
1500 2784 1608 2810 vero
1640 2771 1749 2808 reei-

117 2845 286 2897 piendis
316 2859 403 2884 non
433 2846 735 2891 abhorremus,
772 2857 957 2895 quorum
993 2847 1113 2881 aetas
1149 2847 1280 2894 atque
1315 2843 1485 2881 indoles
1522 2843 1747 2880 meliorem

119 2918 291 2969 frugem
323 2917 526 2956 videntur
546 2917 821 2967 promittere,
846 2915 1019 2952 tametsi
1042 2914 1228 2952 fortasse
1251 2915 1422 2953 illorum
1444 2915 1655 2965 quispiam
1679 2912 1747 2955 sit,

171 3080 179 3098 ¹
232 3078 294 3115 Ex
311 3082 471 3125 autogr.
492 3078 534 3115 in
552 3078 636 3115 eod.
661 3079 801 3131 Germ.
824 3076 917 3118 139.
938 3075 960 3112 2
980 3075 1036 3120 ff..
1057 3088 1125 3113 nn.
1145 3074 1203 3120 26,
1222 3074 1280 3121 273
1303 3075 1414 3123 prius
1436 3075 1499 3111 161
1521 3074 1633 3119 (191).
