1908 3446
142 283 210 318 938
604 278 820 312 IATTERAE
847 274 1201 318 QUAomMESTREs

97 386 211 423 datia
234 385 442 422 bevamos
464 397 488 432 y
520 394 691 418 seamos
709 377 1002 428 refrigerados
1020 388 1091 411 sus
1108 374 1222 422 hijos
1238 371 1453 422 yndignos
1476 382 1529 407 en
1551 369 1624 406 X.⁰
1647 368 1710 404 De

102 455 293 494 l'alentia
314 465 364 503 29
385 454 437 491 de
461 452 627 491 Otubre
651 454 731 488 afro
762 449 873 496 1560.

176 527 213 564 Y
238 526 291 564 de
314 527 365 563 V.
392 526 464 562 Pa.
489 524 578 572 hijo
601 521 779 570 mjnimo
804 533 825 557 e
849 518 1040 568 yndigno
1065 529 1119 554 en
1139 515 1229 561 X.0,

983 626 1011 674 †
1042 624 1439 661 HERNANDALVAREZ
1469 621 1497 669 ἦ·
1529 619 1554 657 ’·.

178 720 343 772 Sigilli
361 717 620 769 vestigium.

847 911 963 962 445

823 1072 882 1118 N.
927 1071 986 1117 N.

511 1215 692 1242 comum
720 1214 852 1240 MENSE
879 1212 1056 1239 οεΤοΒκι
1085 1202 1129 1245 (Ρ)
1159 1201 1250 1238 1560
1276 1200 1301 1237 ².

98 1329 131 1367 1.
166 1327 379 1366 Valetudo
400 1324 632 1364 sociorum
655 1324 786 1369 bona,
812 1322 973 1362 acerba
996 1334 1102 1361 vero
1133 1322 1182 1360 P.
1210 1320 1539 1360 Goudamssfz
1576 1322 1720 1360 Incre-

178 1394 373 1432 mentum
395 1390 726 1441 discipulorum
745 1372 797 1427 'in
818 1387 1000 1435 virtute,
1023 1399 1213 1427 numero
1235 1389 1275 1427 et
1296 1387 1476 1426 litteris.
1498 1386 1723 1426 Sacerdos

178 1457 364 1508 quidam
385 1455 599 1497 exercitia
619 1454 889 1506 spiritualia
911 1466 1012 1493 cum
1026 1453 1193 1505 fructu
1210 1452 1513 1505 peragit.—3.
1541 1453 1723 1505 Confes-

175 1523 355 1563 sionum
370 1523 576 1575 fructus.
602 1522 654 1560 In
676 1520 865 1572 impium
886 1519 1209 1559 catechismum
1232 1532 1426 1559 censura
1453 1519 1604 1559 editur
1624 1532 1722 1558 nos-

177 1592 358 1629 trorum
379 1592 533 1639 opera.
559 1588 649 1626 Pro
668 1586 892 1626 Societate
910 1585 1111 1637 defensio
1126 1586 1183 1637 fit
1194 1588 1275 1636 per
1297 1587 1522 1636 quendam
1542 1599 1562 1624 e
1584 1586 1723 1624 luthe-

182 1655 385 1695 ranismo
417 1666 696 1694 conversum.
729 1653 780 1692 In
801 1651 1075 1693 clericorum
1096 1651 1373 1691 concubinas
1394 1650 1727 1702 archiepiscopi

179 1720 437 1761 consilium.

158 1857 190 1884 1.
250 1849 278 1895 †
309 1847 395 1883 Pax
420 1844 596 1883 Christi.
623 1846 727 1883 Post
748 1849 994 1895 postremas
1015 1842 1070 1881 ad
1093 1844 1140 1881 R.
1165 1843 1214 1880 T.
1240 1842 1362 1881 datas
1383 1842 1725 1894 quadrimestres

101 1919 249 1956 literas
270 1919 322 1956 R.
351 1919 397 1956 P.
430 1915 534 1955 nihil
555 1917 650 1954 fere
672 1916 944 1954 immutatum
968 1919 1049 1961 est,
1073 1914 1191 1965 quod
1220 1913 1275 1952 ad
1305 1913 1549 1952 domestica
1580 1919 1624 1952 et
1652 1928 1725 1953 ex-

100 1994 224 2027 terna
244 1990 401 2027 attinet
421 1988 616 2039 negotia.
642 1986 861 2037 Quicquid
882 1991 1029 2024 tamen
1050 1986 1093 2023 id
1123 1985 1192 2032 sit,
1215 1985 1355 2023 nostri
1377 1984 1501 2034 offitij
1532 1998 1630 2023 esse
1652 1997 1725 2036 pu-

101 2066 241 2098 tamus
262 2058 363 2098 nihil
386 2059 630 2110 quicquam,
654 2058 771 2108 quod
793 2057 846 2095 ad
869 2058 950 2096 Dei
971 2057 1154 2108 gloriam
1172 2060 1357 2108 spectat,
1384 2057 1557 2095 omnino
1581 2057 1726 2095 celare

103 2133 149 2169 R.
175 2133 220 2169 P.
246 2132 294 2170 T.
319 2131 530 2181 Imprimis
552 2130 682 2181 igitur
712 2131 808 2180 (per
830 2129 912 2167 Dei
941 2129 1143 2179 gratiam)
1165 2128 1323 2166 fratres
1345 2140 1497 2166 omnes
1519 2141 1729 2179 prospera

102 2204 299 2241 fruuntur
321 2201 589 2241 valetudine.
615 2202 770 2239 Petrus
794 2201 924 2238 etiam
947 2200 1184 2248 Michaelis,
1215 2200 1436 2239 confrater
1466 2205 1618 2238 noster
1638 2200 1728 2251 (qui

100 2274 183 2312 iam
204 2274 421 2324 integrum
443 2286 599 2311 annum
621 2278 830 2323 quartana
850 2271 960 2310 febri
983 2272 1288 2322 emarcuerat),
1313 2272 1586 2322 benignitate
1609 2272 1728 2312 Chri-

103 2346 155 2383 sti
176 2346 403 2396 pristinum
424 2345 623 2396 vigorem
646 2357 931 2395 recuperasse
954 2344 1144 2382 videtur.
1170 2345 1301 2382 Pater
1322 2356 1430 2382 vero
1453 2344 1696 2383 Goudanus
1719 2353 1732 2372 ³

102 2417 255 2455 morbo
277 2429 391 2467 pene
413 2415 720 2455 immedicabili
742 2416 885 2454 adhuc
906 2415 1153 2463 distinetur,
1177 2417 1249 2467 qui
1270 2416 1501 2466 aliquando
1530 2416 1731 2455 acerbius

103 2493 348 2539 torquetur,
373 2486 603 2538 aliquando
627 2486 767 2525 leuius
794 2487 980 2525 afficitur
1000 2487 1122 2525 iuxta
1143 2487 1355 2538 temporis
1385 2499 1438 2526 ac
1458 2486 1545 2526 loci
1565 2487 1729 2526 vicissi-

150 2669 156 2687 ¹
211 2667 388 2713 Collegii
409 2673 555 2704 rector.
578 2665 643 2704 Cf.
670 2666 766 2703 Lite.
789 2667 1040 2714 Quadrim„
1065 2667 1115 2707 V.
1137 2667 1218 2711 441,
1238 2671 1377 2705 annot.
1399 2667 1431 2705 3.

150 2733 163 2753 ²
213 2732 274 2769 Ex
292 2732 527 2779 apographo
541 2743 691 2768 coaevo
707 2731 747 2768 in
762 2732 849 2769 cod.
870 2732 1009 2770 Germ.
1027 2732 1120 2772 139.
1141 2734 1154 2768 1
1173 2722 1257 2772 foll.
1273 2744 1313 2768 n.
1329 2731 1390 2778 743
1408 2733 1519 2778 prius
1537 2732 1602 2769 124
1616 2732 1728 2777 (109).

104 2792 420 2839 Subscriptione,
441 2796 482 2828 et
512 2790 706 2836 temporis
736 2791 943 2828 notatione
973 2796 1085 2828 caret
1116 2792 1302 2840 epistola.
1335 2791 1397 2828 Ex
1429 2793 1476 2829 iis
1502 2805 1600 2829 vero
1625 2805 1730 2839 quae

103 2852 151 2889 de
171 2851 384 2889 traditione
401 2851 566 2897 collegii
587 2851 835 2887 treverensis
854 2856 896 2888 et
913 2851 962 2888 de
989 2851 1238 2898 protectione
1270 2850 1314 2889 P.
1349 2851 1615 2888 Provincialis
1645 2851 1730 2888 Mo-

104 2911 287 2957 guntiam
315 2923 456 2948 versus
481 2911 590 2954 dicit,
618 2914 750 2957 potest
769 2910 907 2957 colligi
927 2911 1041 2948 illam
1060 2911 1226 2948 ineunte
1246 2909 1412 2949 Octobri
1434 2911 1524 2949 1560
1539 2911 1729 2959 scriptam

105 2970 208 3007 ess'e.
229 2969 289 3007 Cf.
310 2969 500 3014 HANSEN,
521 2971 546 3006 1.
563 2982 614 3014 c..
634 2969 716 3014 371,
738 2969 820 3007 372.
1471 2967 1473 2972 ’

151 3029 164 3049 ⁸
214 3028 259 3066 P.
281 3027 474 3066 Nicolaus
498 3028 722 3067 Goudanus
746 3025 913 3066 ineunte
940 3028 1132 3076 Augusto
1159 3029 1342 3068 Lovanio
1369 3029 1583 3081 Coloniam
1608 3043 1730 3068 vene-

117 3093 193 3132 rat.
214 3093 258 3125 ut
275 3088 551 3126 valetudinem
569 3092 836 3126 restauraret.
856 3087 1047 3134 HANSEN,
1067 3090 1148 3128 358.
