1908 3446
211 155 281 191 872
674 161 764 196 Liri
779 171 889 196 nima
925 162 1281 205 QUAmuMESTREs

166 257 379 297 charitate
403 262 749 311 complectentes
773 263 1020 312 regularum
1043 264 1221 302 student
1244 266 1556 305 obseruationi.
1578 268 1786 306 Dominus

167 329 222 366 ob
244 342 364 369 suam
387 332 588 370 eximiam
610 346 661 371 ac
677 334 939 383 singularem
959 334 1289 385 benignitatem,
1313 337 1368 374 ad
1388 344 1646 388 perpetuum
1663 339 1705 376 in
1721 339 1786 377 his

167 401 366 439 omnibus
396 416 677 454 progressum
709 404 970 451 faciendum,
1001 406 1210 444 maiorem
1240 407 1412 446 diuinae
1436 408 1567 459 ipsius
1589 410 1785 447 maiesta-

166 470 219 508 tis
254 472 452 521 gloriam,
490 476 615 512 nobis
652 475 853 525 opitulari
888 475 1104 526 dignetur.
1140 478 1249 516 Cum
1286 480 1367 516 hac
1401 484 1570 518 aestate
1609 481 1786 520 firmiori

164 541 398 581 fuissemus
421 545 688 592 valetudine,
709 559 835 595 quam
853 546 947 595 alijs
965 548 1101 595 annis3
1120 561 1143 585 a
1160 548 1246 586 fine
1269 554 1415 587 tamen
1436 552 1596 589 mensis
1617 552 1785 602 Augus-

165 612 196 649 ti
219 625 312 652 eam
334 617 529 654 nonnulli
564 618 816 664 amiserunt,
850 618 1061 668 breuique
1084 620 1148 668 (ut
1176 621 1417 671 speramus)
1447 624 1784 673 recuperabunt.

165 684 328 722 Omnes
352 699 458 724 uero
481 688 699 738 pacientia
720 701 771 726 ac
793 690 1127 729 mansuetudine
1151 704 1205 729 ex
1228 692 1502 742 aegritudine
1531 693 1718 732 fructum
1743 701 1786 732 et

163 755 243 792 sibi
281 762 324 794 et
364 758 545 796 aliorum
582 759 876 798 aedificationi
912 767 1124 799 conantur
1165 775 1420 813 excerpere.
1463 765 1784 804 Grammaticae

164 825 309 864 studia
331 827 503 866 circiter
525 842 661 867 nonas
678 831 775 881 julij
798 832 817 849 a
838 832 902 880 (ut
923 832 964 869 in
986 833 1071 870 hoc
1102 833 1290 884 collegio
1314 834 1408 872 fieri
1439 836 1701 887 consueuit),
1725 837 1785 875 in-

163 897 364 936 termissa
384 899 403 923 b
425 899 478 937 ad
500 900 695 950 quintum
716 901 812 940 idus
833 902 1105 953 Septembris
1126 905 1446 944 reuocauimus.

215 978 251 1006 2.
312 970 441 1007 Pater
465 972 624 1008 Rector
649 972 672 1018 ¹,
697 977 828 1023 atque
852 986 875 1011 e
896 973 1056 1011 nostris
1079 975 1384 1014 sacerdotibus
1405 977 1528 1024 alius,
1554 980 1783 1017 conciona-

161 1039 192 1076 ti
214 1046 313 1078 sunt
333 1041 457 1080 festis
487 1043 641 1080 diebus
671 1052 801 1094 atque
825 1044 1053 1084 dominicis
1075 1047 1229 1096 quibus
1260 1047 1303 1084 id
1334 1048 1566 1087 commode
1594 1050 1690 1088 fieri
1710 1064 1784 1101 po-

161 1111 253 1154 tuit,
283 1124 379 1150 cum
416 1115 648 1152 multorum
680 1121 768 1153 tum
801 1118 1133 1167 approbatione,
1157 1124 1247 1157 tum
1278 1120 1494 1170 profectu.
1529 1121 1684 1172 Magna
1719 1128 1785 1161 est

160 1194 333 1232 semper
356 1196 507 1222 eorum
531 1186 780 1233 multitudo,
804 1188 876 1238 qui
906 1189 1158 1227 veneranda
1188 1191 1487 1241 poenitentiae
1522 1196 1564 1229 et
1595 1206 1785 1231 commu-

160 1253 301 1291 nionis
323 1263 595 1294 sacramenta
616 1257 896 1308 frequentant
931 1260 972 1298 in
1002 1262 1163 1299 nostris
1185 1262 1381 1300 aedibus,
1406 1263 1493 1301 Sed
1524 1264 1566 1302 in
1588 1277 1641 1302 eo
1663 1279 1784 1316 prae-

160 1325 310 1363 sertim
342 1326 549 1374 iubilaeo,
587 1329 657 1379 qui
688 1342 825 1380 nuper
865 1331 946 1369 hac
980 1332 1022 1370 in
1066 1333 1173 1371 vrbe
1220 1334 1299 1371 fuit
1338 1334 1541 1382 indictus,
1583 1337 1784 1386 plurimo-

159 1408 251 1434 rum
283 1398 585 1437 confessiones
620 1402 757 1439 nostri
789 1403 1046 1441 sacerdotes
1081 1404 1327 1452 audierunt,
1365 1419 1415 1444 ac
1446 1408 1677 1458 generales
1712 1409 1784 1446 ali-

158 1481 263 1518 quas
287 1481 453 1517 eorum,
477 1472 547 1522 qui
569 1485 787 1523 nunquam
810 1465 927 1512 domi
948 1480 1125 1513 nostrae
1154 1477 1345 1515 confessi
1375 1478 1563 1526 fuerant,
1586 1478 1657 1529 qui
1686 1492 1783 1530 pro-

158 1541 302 1589 pensis
330 1542 482 1580 animis
513 1543 566 1581 ad
596 1544 707 1582 haec
742 1543 887 1583 diuina
930 1552 1203 1585 sacramenta
1232 1548 1551 1599 frequentanda
1580 1549 1782 1589 uidentur

156 1612 434 1651 remansisse.
459 1614 778 1665 Nonnunquam
802 1628 856 1654 ex
879 1618 1060 1656 remotis
1083 1619 1252 1669 oppidis
1274 1621 1404 1671 aliqui
1426 1620 1479 1658 ad
1500 1634 1580 1659 nos
1603 1623 1782 1660 ueniunt

156 1687 204 1718 ut
224 1683 350 1721 alicui
374 1696 427 1721 ex
451 1685 754 1724 sacerdotibus
772 1687 1050 1727 confessione
1072 1689 1261 1728 animum
1283 1691 1493 1741 aperiant,
1515 1698 1559 1730 et
1581 1705 1677 1730 cum
1699 1693 1781 1731 illis

157 1751 212 1789 de
234 1754 365 1791 rebus
387 1754 440 1792 ad
458 1754 649 1794 diuinum
673 1757 947 1808 obsequium,
972 1772 1234 1811 suarumque
1257 1761 1492 1800 animarum
1515 1763 1781 1802 emolumen-

155 1827 245 1861 tum
267 1825 602 1874 pertinentibus,
628 1830 967 1878 communicent3
990 1844 1173 1882 quorum
1197 1832 1312 1870 votis
1343 1845 1394 1871 ac
1415 1833 1647 1884 desiderijs
1678 1836 1782 1873 satis

154 1906 177 1930 a
198 1896 359 1934 nostris
382 1902 448 1934 est
470 1897 647 1937 factum.
672 1899 931 1951 Composita
950 1915 1126 1953 quoque
1152 1908 1250 1941 sunt
1271 1903 1384 1941 inter
1405 1906 1638 1944 nonnullos
1674 1907 1781 1957 opti-

155 1970 293 2004 mates
316 1966 491 2006 dissidia
512 1981 563 2006 ac
584 1971 867 2010 reconciliata
888 1972 1041 2023 gratia,
1065 1986 1153 2011 non
1173 1974 1215 2012 in
1236 1975 1317 2012 hac
1338 1976 1444 2014 vrbe
1467 1976 1615 2025 modo,
1640 1978 1718 2016 sed
1739 1978 1780 2016 in

154 2036 249 2085 alijs
286 2038 417 2076 etiam
453 2041 711 2091 municipijs.
749 2043 988 2082 Visitantur
1022 2045 1143 2096 aegri
1176 2059 1409 2097 pauperes,
1446 2053 1534 2085 tam
1569 2049 1595 2097 ij
1632 2049 1704 2099 qui
1739 2051 1780 2088 in

153 2120 391 2158 pauperum
412 2118 642 2150 uersantur
664 2114 870 2164 hospitio,
895 2129 1022 2166 quam
1039 2116 1111 2166 qui
1131 2117 1321 2168 priuatas
1344 2118 1499 2157 domos
1520 2119 1777 2169 inhabitant3

151 2179 383 2218 audiuntur
405 2181 559 2220 horum
577 2184 880 2224 confessiones
901 2190 1032 2238 atque
1054 2188 1237 2226 aliorum
1259 2189 1544 2240 complurium
1573 2201 1778 2242 aegroto-

152 2262 259 2288 rum.
284 2250 352 2289 Ad
373 2252 459 2291 hoc
481 2254 594 2292 enim
627 2260 672 2293 et
693 2255 747 2294 ad
782 2257 1079 2297 cohortandos
1112 2272 1189 2298 eos
1220 2260 1374 2310 quibus
1406 2266 1629 2301 extremus
1660 2264 1777 2302 vitae

152 2318 246 2358 dies
267 2321 477 2370 imminet,
502 2322 574 2362 diu
595 2331 816 2377 noctuque
840 2329 1094 2379 saepissime
1117 2330 1397 2379 aduocamur,
1421 2332 1539 2383 quod
1560 2332 1713 2373 mirum
1735 2335 1777 2373 in

151 2391 327 2431 modum
348 2395 509 2445 populo
532 2397 756 2446 probatur.
782 2400 972 2450 Singulis
993 2400 1221 2440 dominicis
1237 2402 1449 2453 festisque
1472 2404 1626 2443 diebus
1645 2406 1775 2444 chris-

151 2462 311 2501 tianam
342 2463 585 2505 doctrinam
615 2469 738 2518 pueri
772 2468 814 2507 in
843 2476 996 2509 nostro
1031 2473 1196 2523 templo
1229 2472 1487 2522 edocentur,
1520 2476 1599 2514 sed
1630 2482 1675 2514 et
1704 2479 1773 2528 alij

148 2534 407 2585 grandiores
427 2541 589 2586 aetate,
613 2539 686 2589 qui
711 2541 807 2590 plus
831 2554 883 2580 ea
910 2555 1234 2594 nonnunquam,
1257 2557 1386 2596 quam
1415 2547 1539 2597 pueri
1568 2547 1648 2598 ipsi
1669 2548 1774 2587 indi-

150 2610 271 2656 gent.

195 2778 215 2798 ²·
258 2777 380 2828 Julijs
398 2789 477 2818 ms.
532 2783 597 2808 —b
623 2780 850 2820 intermista
870 2795 950 2823 mS.

198 2959 207 2979 ¹
258 2957 305 2997 P.
326 2958 527 2997 Martinus
546 2959 778 2999 Gutierrez.

1894 167 1898 244 *m*
1892 91 1898 123 ,-
1890 30 1899 57 ‘x
