1908 3446
545 199 936 241 257.—-V1ND0130NA
966 204 979 240 l
1010 199 1115 252 MAjr
1145 204 1234 241 1550
1596 206 1661 245 175

86 306 161 353 tio,
186 310 231 344 ut
254 303 419 343 etiamsi
443 304 679 342 confitendi
700 304 814 355 apud
835 318 915 343 nos
936 312 1134 356 potestas
1157 307 1219 344 eis
1242 320 1327 345 non
1355 307 1499 355 detur,
1523 310 1621 359 quia
1652 310 1705 347 sit

86 377 236 427 ingens
258 375 437 413 aliorum
462 375 763 413 confitentium
795 389 1016 423 numerus,
1050 383 1196 414 tamen
1228 390 1393 415 sacram
1425 379 1561 416 uelint
1596 379 1708 429 apud

85 461 163 486 nos
185 448 361 484 tantum
383 447 579 496 synaxim
603 458 791 484 sumere.
813 447 929 496 Quid
950 448 1092 497 plura?
1114 449 1299 486 Tantum
1316 450 1387 486 hic
1407 450 1706 499 poenitentiae

85 521 399 556 sacramentum
422 518 572 564 ualuit,
598 523 644 555 ut
664 516 833 567 plurimi
854 524 897 556 et
918 519 971 555 ab
994 532 1145 557 errore
1167 520 1232 557 his
1250 520 1404 557 diebus
1426 522 1639 567 reuocati,
1666 528 1709 558 et

84 589 135 628 ad
158 590 497 639 frequentiorem
519 602 670 627 sacrae
693 591 1010 628 communionis
1027 604 1151 628 usum
1174 592 1422 630 inflammati
1447 593 1545 629 sint.

134 672 170 708 4.
230 660 346 697 Inter
368 659 663 698 confessarios
685 666 832 698 autem
854 666 1031 699 nostros
1054 674 1164 699 unus
1187 668 1296 709 erat,
1320 663 1391 713 qui
1416 675 1469 700 ex
1499 662 1708 700 industria

82 731 293 769 nonnullis
315 732 587 769 seueriorem
610 744 657 769 se
676 732 929 779 exhibebat,
954 738 1001 770 ut
1024 745 1077 770 ex
1099 734 1429 783 poenitentibus
1452 734 1628 785 quidem
1650 735 1706 772 al-

83 808 149 840 ter
169 802 292 839 alteri
314 801 497 840 diceret:
521 807 596 840 aut
618 803 751 840 uitam
774 808 916 841 mutes
940 809 1131 854 oportet,
1156 810 1230 842 aut
1250 817 1337 842 non
1367 811 1434 842 est
1462 805 1580 856 quod
1607 805 1707 843 huic

84 873 333 912 confiteare.
372 872 429 910 At
463 873 741 911 nihilominus
774 874 978 924 permulti
1015 875 1130 912 hunc
1171 875 1250 912 sibi
1293 876 1503 926 optabant
1538 877 1708 914 confes-

83 945 252 991 sarium,
278 949 322 981 et
343 956 499 994 magna
520 944 695 994 quidem
719 958 816 983 cum
838 947 956 984 uitae
987 958 1091 983 suae
1125 945 1450 985 emendatione.
1483 947 1605 986 Idem
1636 948 1707 986 ille

81 1029 174 1055 cum
196 1014 411 1066 quendam
434 1015 487 1053 ad
510 1016 838 1055 confessionem
859 1019 1127 1064 hortaretur,
1152 1018 1222 1067 qui
1244 1030 1292 1055 se
1333 1018 1532 1069 impediri
1561 1020 1707 1057 aiebat

78 1086 267 1138 grauiter
288 1086 330 1123 in
353 1099 519 1123 summa
539 1087 725 1137 quadam
749 1095 767 1112 a
789 1089 1004 1138 pecuniae
1027 1089 1046 1113 b
1069 1089 1215 1126 statim
1238 1089 1526 1137 corradenda,
1557 1090 1706 1142 sicssilli

78 1157 316 1208 respondit:
338 1157 551 1207 polliceor
574 1170 659 1209 ego
682 1159 793 1196 intra
814 1159 1004 1197 triduum
1026 1160 1137 1198 hanc
1159 1160 1235 1198 tibi
1267 1173 1477 1199 summam
1511 1161 1704 1209 tradere,

79 1234 124 1267 ut
144 1228 214 1267 uel
235 1234 385 1266 mutuo
410 1241 505 1266 eam
528 1241 553 1266 a
573 1241 658 1276 me,
684 1230 754 1267 uel
786 1231 819 1268 si
851 1231 1004 1277 mauis,
1039 1232 1338 1269 eleemosinae
1368 1232 1468 1270 1000
1499 1233 1702 1283 accipias.

77 1299 322 1338 Admiratus
355 1305 421 1337 est
451 1300 524 1338 ille
546 1301 688 1338 Patris
710 1301 968 1340 charitatem
990 1315 1120 1352 supra
1141 1302 1338 1350 modum,
1362 1316 1446 1342 nee
1467 1310 1533 1342 sat
1554 1305 1705 1342 habuit

75 1370 165 1421 ipse
188 1370 384 1408 confiteri
406 1376 565 1421 postea
584 1371 855 1422 frequenter,
881 1373 959 1410 sed
983 1379 1027 1411 et
1058 1387 1168 1424 quos
1199 1374 1343 1424 potuit
1373 1374 1481 1413 alios
1516 1375 1571 1413 ad
1602 1388 1703 1414 con-

76 1442 310 1480 fessionem
342 1455 509 1480 summo
540 1448 701 1481 conatu
722 1443 887 1482 studuit
908 1457 1188 1495 permonere,
1215 1451 1259 1483 et
1280 1457 1393 1495 quae
1416 1446 1603 1485 diximus
1626 1448 1702 1485 Pa-

8 1525 16 1538 ι’
73 1512 148 1550 tris
168 1513 303 1551 uerba
323 1512 467 1551 multis
488 1513 719 1552 indicanda
741 1515 926 1553 censuit.
953 1516 1037 1565 Qui
1068 1515 1169 1554 dum
1201 1516 1372 1555 cuidam
1404 1530 1491 1556 non
1526 1518 1700 1556 infimae

75 1584 334 1623 conditionis
355 1585 449 1624 uiro
473 1586 629 1624 eadem
651 1586 854 1635 referret,
880 1588 1107 1638 respondit
1128 1589 1215 1626 iile:
1242 1590 1357 1639 Quid
1379 1591 1548 1638 mirum,
1574 1591 1606 1627 si
1629 1603 1704 1641 pe-

75 1656 198 1694 cunia
217 1661 262 1694 te
282 1657 433 1694 iuuare
455 1657 577 1705 uelit,
601 1658 672 1708 qui
696 1663 742 1695 ut
764 1659 890 1696 saluti
914 1664 1015 1697 tuae
1047 1672 1308 1711 quacunque
1340 1663 1510 1700 ratione
1547 1674 1701 1700 consu-

73 1727 143 1775 lat,
168 1728 362 1779 sanguini
383 1729 558 1778 proprio
590 1727 857 1779 parcendum
888 1743 976 1768 non
1005 1736 1195 1781 putaret.
1229 1733 1343 1771 Hinc
1372 1746 1503 1784 porro
1537 1733 1699 1773 factum

74 1803 152 1846 est,
184 1804 231 1836 ut
260 1798 373 1849 apud
402 1799 653 1850 plerosque,
686 1802 946 1851 praesertim
977 1803 1159 1850 aulicos,
1193 1804 1308 1841 bene
1337 1804 1515 1842 audiant
1544 1806 1699 1852 nostri,

71 1882 178 1919 quos
201 1875 245 1908 et
265 1883 431 1908 summa
451 1871 509 1909 illi
532 1872 821 1910 ueneratione
844 1879 1188 1924 prosequuntur.

123 1950 158 1989 5.
217 1942 333 1979 Inter
355 1947 533 1980 caetera
552 1943 729 1993 pietatis
753 1943 898 1982 officia
918 1957 1006 1982 non
1037 1951 1310 1996 postremum
1345 1954 1413 1985 est
1447 1948 1552 1986 illud
1582 1949 1700 2000 quod

69 2013 326 2062 pauperibus
360 2013 402 2050 in
435 2012 726 2064 xenodochijs
746 2016 1047 2054 laborantibus
1071 2029 1095 2054 a
1115 2018 1277 2055 nostris
1298 2019 1489 2070 impendi
1513 2031 1701 2058 consue-

69 2083 143 2121 uit.
166 2083 213 2121 In
234 2096 286 2122 eo
309 2090 457 2122 autem
478 2086 609 2124 solito
628 2085 881 2136 diligentius
905 2099 1004 2126 sese
1027 2089 1164 2126 nostri
1186 2102 1274 2127 non
1297 2090 1390 2128 sine
1418 2091 1565 2129 fructu
1596 2092 1703 2129 mul-

67 2157 208 2192 torum
230 2162 540 2194 exercuerunt.
564 2158 676 2195 Nam
699 2170 796 2195 cum
832 2159 903 2197 hic
934 2159 1262 2198 xenodochium
1286 2162 1447 2199 ciuium
1471 2168 1592 2200 esset
1612 2176 1702 2201 am-

18 2213 20 2233 ³
68 2225 299 2275 plissimum
329 2226 505 2277 quidem
536 2228 657 2276 illud,
690 2228 769 2266 sed
799 2229 894 2279 plus
916 2230 1020 2267 satis
1042 2216 1283 2279 sordidum,
1309 2233 1356 2270 P.
1382 2234 1544 2271 rectori
1569 2245 1699 2271 curae

67 2295 145 2334 fuit
165 2297 279 2336 circa
298 2298 507 2346 infirmos,
532 2305 579 2337 ut
599 2299 798 2350 quotidie
832 2299 918 2338 duo
952 2313 1007 2339 ex
1036 2302 1197 2340 nostris
1230 2304 1558 2343 xenodochium
1594 2306 1699 2344 illud

67 2367 258 2406 uiserent
278 2381 330 2408 ac
348 2370 447 2408 loca
468 2371 556 2408 illic
579 2372 741 2419 omnia,
766 2370 912 2422 quoad
933 2372 1026 2410 fieri
1048 2379 1216 2424 posset,
1237 2375 1540 2424 emundarent,
1560 2377 1700 2415 lectu-

64 2438 214 2490 losque
241 2426 560 2492 componerent
583 2448 625 2480 et
647 2444 856 2494 paulatim
880 2445 1024 2483 omnia
1044 2445 1086 2482 in
1108 2446 1337 2485 meliorem
1366 2447 1564 2487 ordinem
1586 2449 1701 2487 redi-

73 2516 241 2559 gerent.
285 2511 416 2561 Quod
455 2519 501 2551 ut
536 2514 675 2552 minus
715 2515 951 2554 molestum
986 2529 1038 2554 ac
1077 2516 1254 2555 difficile
1295 2517 1536 2567 uideretur,
1578 2521 1695 2570 prius

72 2587 216 2620 rector
245 2583 338 2633 ipse
369 2597 456 2622 non
485 2585 622 2623 semel
654 2599 751 2625 cum
783 2588 829 2625 P.
867 2588 1064 2626 ministro
1102 2601 1155 2626 eo
1193 2602 1239 2626 sc
1276 2591 1475 2638 contulit,
1513 2604 1565 2630 ac
1599 2593 1694 2642 alijs

22 2705 25 2712 ·
52 2651 230 2692 ,aditum
251 2654 305 2692 ad
325 2656 412 2693 hoc
431 2657 570 2706 prium
594 2670 702 2708 opus
725 2659 928 2710 exemplo
953 2672 1031 2698 suo
1054 2660 1175 2698 fecit.
1199 2660 1265 2698 Ita
1284 2661 1449 2700 factum
1471 2668 1554 2711 est,
1578 2669 1625 2702 vt
1654 2665 1696 2702 in

23 2715 24 2723 ¹
71 2734 122 2761 ea
149 2737 195 2762 re
223 2725 441 2765 foeliciter
471 2740 577 2766 sane
608 2741 661 2767 ac
690 2730 854 2768 utiliter
883 2731 1098 2770 hactenus
1131 2733 1185 2770 sit
1209 2732 1468 2773 laboratum.
1492 2734 1604 2774 Nam
1624 2737 1695 2787 qui

77 2794 220 2834 bidem
250 2803 385 2848 agunt
412 2798 612 2848 famulos,
644 2800 670 2850 ij
707 2806 725 2826 ‘²
761 2803 964 2853 exemplo
995 2810 1249 2842 nostrorum
1281 2805 1511 2845 nitidiores
1543 2812 1588 2845 et
1609 2808 1693 2845 ala-

101 3011 120 3032 a
155 3012 327 3059 quadam
340 3019 478 3060 supra
492 3026 602 3053 vers.
642 3018 707 3042 —b
729 3017 918 3056 Emend.
936 3018 1250 3067 exsspecuniaria.
1293 3029 1358 3047 -0
1379 3022 1406 3070 ij
1425 3026 1563 3068 supra
1579 3033 1690 3062 verS.
