1908 3446
217 194 287 230 692
708 189 926 227 LITTERAE
953 188 1308 233 QUADRmasrREs

174 309 289 334 mum
323 297 364 334 in
400 297 560 334 curiam
598 294 731 341 uenit,
765 293 876 332 adeo
914 293 1097 330 comiter
1130 297 1173 329 et
1203 291 1447 328 humaniter
1478 301 1502 326 a
1532 286 1794 336 lotharingio

175 367 393 405 cardinale
416 371 628 416 exceptus
653 371 733 411 est,
767 370 973 414 presente
997 363 1114 401 dicto
1146 366 1431 412 procuratore
1464 359 1587 409 regio
1612 364 1655 395 et
1685 356 1794 404 alijs,

176 440 294 488 qnod
316 446 334 463 a
356 443 518 476 tantam
541 436 878 474 familiaritatem
902 436 1005 472 satis
1026 434 1107 485 ipsi
1129 433 1272 471 mirari
1301 445 1387 469 non
1416 435 1612 481 possent.
1637 429 1797 466 Acces-

177 510 230 547 sit
250 515 483 560 praeterea
505 507 783 546 comendatio
807 506 923 555 regis
943 518 1018 542 ore
1040 506 1232 555 proprio,
1271 503 1449 553 reginae
1486 500 1648 546 matris,
1689 500 1798 536 eius-

178 581 277 618 dem
301 580 529 618 cardinalis
553 585 596 616 et
616 578 857 628 principum
879 578 1076 622 aliorum3
1098 588 1181 613 nec
1202 587 1289 612 non
1311 586 1457 611 rumor
1489 578 1532 610 et
1554 573 1667 609 fama
1688 572 1800 608 inter

179 652 394 701 principes
418 664 565 701 sparsa
586 650 639 687 de
661 650 805 686 fructu
829 648 1065 687 Societatis
1097 647 1139 684 in
1171 647 1391 690 aluernos,
1415 644 1702 694 apamienses,
1725 642 1801 678 ita-

181 725 261 769 los,
285 724 506 773 hispanos,
531 721 721 759 flandros
744 726 787 758 et
810 726 1013 758 caeteros
1031 719 1290 756 christianae
1314 716 1578 767 reipublicae
1601 714 1802 765 populos3

181 795 336 846 quibus
360 793 560 831 omnibus
582 794 637 830 ita
657 792 846 842 permoti
876 791 1014 833 fuere,
1039 796 1086 828 ut
1108 790 1192 827 Pri.
1226 789 1383 827 Pontio
1409 793 1451 825 et
1474 786 1704 824 uniuersae
1727 785 1803 822 So-

183 867 333 904 cietati
355 867 467 903 ultro
492 878 538 902 se
561 865 724 902 amicos
748 870 791 902 et
815 864 1009 902 fautores
1028 863 1280 900 obtulerint.
1301 860 1396 898 Nec
1417 859 1594 897 dubium
1618 862 1683 895 est
1706 856 1806 906 quin

184 937 254 974 isti
284 937 433 987 regiae
468 936 680 973 uoluntati
715 935 853 972 amice
885 933 1160 972 subscribant
1195 943 1385 982 semper,
1421 930 1536 968 unde
1569 934 1613 967 et
1644 927 1806 966 caeteri

184 1008 319 1045 uelint
341 1007 479 1044 nolint
501 1006 662 1044 diutius
684 1005 894 1056 refragari
916 1004 1117 1042 desinant
1137 1015 1369 1041 necessum
1392 1002 1460 1039 sit.

237 1089 273 1116 2.
336 1078 490 1128 Neque
522 1079 587 1116 his
619 1078 760 1116 solum
791 1077 1060 1127 argumentis
1081 1076 1183 1125 (etsi
1206 1086 1361 1125 magna
1382 1073 1484 1121 sint)
1506 1071 1650 1109 diuina
1671 1070 1810 1121 gratia

184 1163 265 1187 nos
288 1150 426 1188 uoluit
449 1150 703 1187 calamitoso
726 1150 811 1187 hoc
841 1154 1041 1198 tempore
1074 1148 1114 1185 in
1150 1152 1313 1184 tantam
1346 1145 1517 1195 erigere
1542 1141 1810 1193 expectatio-

184 1235 301 1269 nem,
326 1221 405 1259 sed
426 1222 543 1272 quod
572 1221 740 1272 ingenti
761 1220 939 1271 dignum
962 1225 1029 1257 est
1060 1218 1362 1263 admiratione,
1397 1216 1546 1254 effecit
1569 1220 1614 1252 ut
1636 1213 1811 1264 pientis-

187 1292 281 1331 simi
302 1293 344 1330 hi
365 1292 599 1343 principes,
624 1292 759 1330 ueluti
783 1306 805 1330 e
830 1304 983 1329 somno
1007 1290 1195 1341 quodam
1227 1288 1491 1339 experrecti,
1523 1287 1606 1325 iarn
1637 1286 1719 1323 iam
1743 1297 1812 1322 cu-

186 1364 303 1415 piant
322 1365 508 1402 maxime
531 1363 768 1402 Societatis
786 1375 921 1413 opera
938 1368 983 1399 et
999 1361 1240 1399 ministerio
1264 1359 1325 1397 uti
1345 1360 1378 1397 b.
1399 1360 1512 1396 Hinc
1529 1357 1814 1408 amplissimus

187 1441 414 1486 protector
436 1440 587 1473 noster
610 1434 841 1473 cardinalis
862 1434 1003 1483 (cuius
1024 1432 1338 1470 humanitatem
1362 1442 1467 1480 erga
1486 1441 1567 1467 nos
1597 1439 1813 1477 nunquam

190 1508 293 1544 satis
315 1510 555 1556 spectatam
577 1506 797 1556 putamus)
818 1505 1002 1555 amplam
1025 1504 1200 1541 domum
1217 1503 1259 1540 in
1282 1502 1461 1540 ciuitate
1492 1499 1694 1545 metensi,
1728 1498 1816 1535 mil—

190 1580 228 1617 le
251 1586 267 1603 0
289 1579 433 1616 aureis
465 1584 538 1615 aut
567 1577 776 1628 pluribus,
811 1578 845 1615 si
875 1575 1048 1625 quando
1081 1573 1291 1612 auctione
1320 1573 1339 1597 d
1362 1573 1417 1610 sit
1448 1584 1571 1622 opus,
1604 1569 1814 1614 dotatam,

190 1663 268 1700 pro
293 1650 482 1700 collegio
505 1647 720 1687 Societati
740 1653 918 1686 nostrae
938 1644 1184 1685 extruendo
1206 1644 1390 1696 parauit3
1414 1643 1626 1692 simulque
1648 1640 1818 1690 scripsit

192 1721 246 1759 ad
268 1722 316 1759 R.
340 1722 387 1759 P.
413 1721 549 1758 Tuam
566 1721 776 1771 rogitans,
797 1726 857 1767 ut,
877 1724 1061 1770 accepta
1079 1717 1347 1763 conditione,
1368 1714 1602 1753 duodecim
1620 1712 1701 1751 sibi
1719 1724 1819 1749 con·
1868 1732 1871 1733 ν

194 1793 338 1840 cedat,
370 1793 441 1843 qui
473 1793 869 1842 frequentissimam
891 1792 1061 1842 populis
1083 1791 1236 1828 urbem
1257 1790 1299 1827 in
1329 1788 1495 1838 pietate
1523 1785 1756 1823 christiana
1778 1789 1821 1820 et

196 1864 370 1915 optimis
391 1862 628 1914 disciplinis
650 1864 891 1902 instituant.
918 1864 1061 1914 Egent
1084 1863 1197 1900 enim
1218 1861 1448 1911 plurimum
1478 1858 1537 1896 illi
1566 1856 1716 1907 populi
1745 1856 1820 1893 So-

198 1936 371 1974 cietatis
403 1948 486 1986 ope
519 1940 563 1972 et
594 1935 753 1973 auxilio
785 1940 965 1986 propter
995 1933 1197 1972 uiciniam
1228 1931 1507 1972 Germaniae.
1530 1930 1585 1967 Et
1611 1939 1769 1966 reuera
1790 1927 1823 1964 si

196 2007 581 2059 (quemadmodum
603 2007 846 2057 speramus)
868 2007 977 2044 tanti
998 2007 1077 2044 uiri
1099 2005 1320 2044 desiderio
1343 2003 1541 2054 indulget
1563 2003 1611 2039 R.
1642 2002 1686 2038 P.
1715 2000 1822 2046 Tua,

197 2080 231 2117 si
253 2079 369 2117 uotis
389 2079 502 2116 illius
524 2091 574 2116 ac
597 2078 786 2128 optimae
809 2077 863 2116 de
896 2077 1120 2116 Societate
1153 2075 1343 2126 opinioni
1374 2078 1618 2123 conceptae
1648 2082 1826 2121 respon-

198 2150 289 2198 det3
322 2157 490 2189 certum
514 2157 581 2189 est
604 2164 703 2189 eum
735 2156 779 2188 et
800 2161 1047 2188 remensem
1080 2148 1303 2186 ciuitatem
1328 2152 1371 2184 et
1400 2147 1547 2197 plures
1568 2144 1674 2181 alias
1696 2142 1827 2180 urbes

199 2222 466 2272 magnificaS‚
490 2223 544 2261 de
566 2223 723 2273 quibus
745 2223 881 2260 uerba
901 2221 1007 2259 fecit
1038 2221 1122 2258 Pri.
1155 2219 1328 2265 Pontio,
1354 2216 1591 2256 Societatis
1620 2213 1827 2252 eruditio-

202 2306 259 2331 ne
301 2298 343 2332 et
382 2307 562 2332 munere
604 2295 1011 2332 cohonestaturum.
1054 2292 1132 2330 Est
1172 2292 1286 2329 enim
1326 2290 1390 2327 uir
1430 2286 1826 2332 christianissimus,

202 2371 484 2416 praepotens,
511 2371 555 2403 et
576 2370 621 2403 ut
642 2366 835 2416 apprime
857 2364 1032 2411 doctus,
1057 2363 1119 2401 sic
1140 2363 1208 2401 cui
1238 2361 1414 2399 honesti
1437 2365 1481 2397 et
1504 2357 1663 2397 eruditi
1692 2357 1829 2395 homi-

201 2450 281 2475 nes
303 2438 489 2476 maxime
510 2439 725 2487 placeant.
751 2436 916 2475 Eadem
940 2448 1074 2486 opera
1095 2420 1362 2472 liberrimum
1383 2432 1553 2483 patebit
1573 2430 1656 2468 iter
1679 2429 1830 2478 Socie-

203 2509 282 2546 tati
301 2508 356 2546 ad
379 2516 582 2547 caeteros
605 2509 772 2547 Galliae
807 2507 1008 2558 populos,
1033 2506 1189 2557 quibus
1222 2503 1541 2554 optatissimum
1564 2502 1647 2540 erit
1670 2506 1714 2539 et
1736 2512 1832 2551 per-

203 2580 501 2619 necessarium
525 2579 618 2618 eius
639 2579 860 2618 auxilium.
887 2579 1026 2616 Huius
1046 2576 1251 2627 principis
1273 2575 1541 2613 authoritate
1565 2578 1609 2611 et
1627 2572 1829 2622 exemplo
1886 2552 1901 2566 ¹

205 2650 419 2690 adductus
441 2652 489 2689 R.
523 2651 836 2689 aurelianensis
866 2649 1065 2701 pontifex
1090 2651 1097 2670 ¹
1130 2647 1246 2686 ferre
1269 2646 1493 2697 suppetias
1521 2644 1726 2695 pereunti
1746 2643 1832 2681 Au·

256 2796 275 2815 a
324 2800 379 2833 vt.
432 2795 498 2820 —b
531 2794 571 2831 in
601 2806 722 2840 quam
754 2793 938 2839 plurimis
968 2791 1134 2829 Galliae
1177 2795 1218 2827 et
1247 2789 1384 2827 Scotie
1415 2789 1525 2826 locis.
1579 2795 1644 2813 —0
1675 2787 1834 2824 annuis.
1885 2806 1891 2838 ξ

216 2857 277 2883 -d
296 2858 532 2902 augmento.

259 3002 268 3022 ¹
315 2999 494 3048 Joannes
513 2999 562 3035 de
581 2996 826 3035 Morvillier.
