1908 3446
212 310 284 347 516
679 308 900 348 LITTERAE
927 309 1017 355 Qua
1026 319 1281 347 DRIMESTRES

165 411 424 463 principales
454 425 537 462 que
570 424 616 450 56
646 411 856 462 pudieran
883 413 1013 449 hazer
1034 411 1159 449 harto
1183 411 1296 450 dafio
1319 425 1347 461 y
1368 415 1514 462 gastar
1535 423 1643 461 gran
1665 415 1790 461 parte

167 483 220 521 de
246 497 316 521 Sus
337 483 570 522 haziendas
594 494 647 520 en
668 483 859 532 pleytos.

219 565 262 602 3.
326 554 517 592 Nuestro
542 552 755 591 fundador
779 553 787 571 ¹
812 555 906 591 65ῖὲ
938 553 1093 602 mejor,
1126 566 1153 602 y
1183 552 1356 603 quando
1392 553 1544 591 estaba
1575 552 1789 598 enfermo,

165 637 221 663 no
254 625 445 663 deseaba
475 626 513 662 la
544 623 666 662 salud
696 623 790 662 sino
821 637 924 675 para
951 636 999 661 se
1022 625 1214 674 emplear
1237 637 1291 662 en
1313 624 1502 663 seruieio
1526 623 1581 661 de
1602 624 1643 662 la
1665 625 1791 662 Com-

166 699 305 747 paffla,
332 710 357 745 y
378 697 470 733 ansi
491 697 545 733 ha
568 696 838 746 comenoado
861 709 884 734 a
906 697 1045 734 labrar
1069 696 1267 734 sacristia
1287 710 1313 746 y
1337 695 1564 734 corredor.

218 778 256 815 4.
317 767 365 803 El
405 766 474 804 dia
513 766 568 804 de
607 767 646 804 la
685 768 974 817 circuncisiOn
1014 767 1204 805 tubimos
1241 767 1426 816 jubileo,
1465 766 1505 804 el
1541 766 1640 815 qual
1675 767 1790 816 gano

167 839 323 875 mucha
343 843 493 888 gente,
517 837 784 887 predicando
809 840 847 876 el
870 840 950 876 Ρ.θ
982 840 1097 876 Η.ῒοῒ
1118 839 1247 876 Hubo
1271 838 1455 889 algunos
1477 837 1669 875 deuotos
1692 849 1793 874 eon-

166 909 363 957 uidados,
387 922 412 947 a
431 911 498 947 105
519 910 669 960 quales
691 923 778 948 vno
801 910 855 948 de
887 911 952 948 105
982 910 1216 948 hermanos
1247 910 1440 948 lectores
1470 909 1568 947 hizo
1599 921 1686 947 vno
1709 920 1795 946 vna

167 981 346 1018 oracion
368 980 438 1018 del
459 981 643 1018 nombre
665 980 720 1018 de
737 982 826 1031 Jhs.
853 970 907 1019 (16
930 982 1087 1019 mucha
1110 980 1336 1031 erudioion
1356 994 1383 1030 y
1405 979 1682 1026 admiration3
1706 992 1732 1029 y
1754 979 1794 1016 61

165 1052 361 1089 teniente
385 1051 575 1101 despues
597 1051 653 1090 de
675 1064 779 1090 auer
802 1052 992 1099 comido,
1016 1052 1185 1090 instaba
1206 1052 1363 1090 mueho
1391 1063 1472 1102 por
1501 1051 1683 1088 seruirle
1710 1061 1735 1087 a
1755 1049 1796 1088 la

167 1122 365 1173 segunda
400 1135 534 1169 mesa,
569 1122 712 1161 dando
744 1128 960 1161 muestras
991 1123 1045 1161 de
1079 1123 1118 1161 el
1149 1121 1528 1161 contentamiento
1560 1133 1644 1172 que
1665 1121 1796 1158 hauia

165 1193 329 1232 tenido.
352 1194 399 1231 V.
422 1194 469 1231 P.
493 1206 573 1231 nos
595 1193 752 1232 mande
775 1194 1071 1232 encomendar
1093 1195 1131 1232 al
1153 1195 1197 1233 S.
1231 1207 1315 1246 que
1339 1195 1378 1232 61
1408 1207 1489 1232 nos
1520 1193 1574 1231 de
1605 1205 1630 1230 a
1659 1192 1795 1230 sentir

165 1278 192 1315 y
214 1264 395 1314 cumplir
417 1278 466 1302 su
488 1265 761 1303 sanctissima
781 1265 1005 1304 voluntad.
1028 1266 1094 1304 De
1124 1265 1298 1304 Medina
1328 1265 1383 1303 de
1416 1265 1455 1303 61
1487 1266 1651 1315 Campo
1682 1276 1709 1313 y
1739 1262 1794 1301 de

169 1336 370 1373 Hebrero
393 1336 417 1373 6
439 1335 493 1373 de
532 1336 633 1384 1560
654 1341 806 1375 anfios.

246 1408 331 1445 Por
353 1408 633 1446 commission
655 1406 709 1446 de
732 1409 770 1446 61
794 1410 984 1447 Maestro
1003 1410 1111 1460 Juan
1134 1409 1285 1457 Paulo,
1304 1414 1425 1447 retor
1446 1416 1480 1447 a.

248 1480 299 1517 D.
324 1480 376 1517 V.
403 1480 448 1517 P.
469 1479 559 1528 hijo
582 1479 777 1530 indigno,

1165 1605 1383 1657 †GASPAR
1413 1552 1625 1650 ἓεΤΕΤΕῒ
1656 1608 1684 1642 ².

934 1800 1046 1851 344

480 1935 1040 1982 FRANCISCUS
1091 1935 1200 1982 DE
1253 1935 1490 1981 LARA

599 2072 738 2099 MONTE
764 2071 890 2098 REGIO
915 2062 937 2098 7
962 2071 1194 2098 FEBRUARH
1222 2060 1313 2098 1560
1342 2061 1368 2098 ⁸.

169 2177 202 2216 1.
237 2176 481 2216 Sociorum
511 2176 736 2214 valetudo.
770 2173 1210 2225 Occztpationes.-2.
1244 2173 1477 2212 Numerus
1505 2169 1797 2211 scholastico-

249 2255 354 2281 rum
377 2243 552 2280 auctus.
578 2240 752 2279 Eorum
774 2239 1036 2279 mores.—3.
1061 2237 1426 2278 Domesticorum
1452 2237 1626 2283 studim
1651 2234 1797 2288 publi-

249 2321 351 2347 cum
370 2305 704 2358 specimen.—4.
730 2305 975 2345 Sociorum
996 2304 1226 2345 contiones
1243 2306 1430 2357 gratae.

227 2435 261 2462 1.
320 2426 348 2474 †
378 2424 463 2462 Ihs.
496 2422 746 2461 Admodum
777 2424 825 2461 R.
861 2423 906 2460 P.
940 2422 982 2460 in
1011 2423 1086 2460 X.⁰
1117 2423 1207 2461 Pax
1227 2421 1297 2461 X.i
1325 2421 1410 2470 [Ex
1445 2418 1725 2460 oboedientia
1759 2419 1799 2457 et

170 2494 364 2534 caritate
384 2493 575 2543 scribit.]
601 2494 726 2532 Solet
754 2505 927 2544 semper
954 2498 1204 2531 nostrorum
1236 2505 1336 2531 esse
1364 2492 1570 2531 continua
1589 2491 1798 2541 firmaque

169 2565 380 2604 valitudo.
405 2566 452 2603 In
473 2565 636 2616 regulis
659 2564 943 2602 obseruandis
966 2577 1043 2615 pro
1066 2577 1143 2602 sua
1161 2564 1364 2615 portione
1387 2561 1796 2614 quisque-enititur.

169 2635 296 2674 Adeo
321 2648 472 2673 omnes
500 2636 579 2673 sibi
610 2635 812 2673 iniunctis
842 2635 998 2684 officijs
1029 2640 1312 2686 occupantur,
1334 2640 1383 2672 vt
1415 2635 1558 2673 nullus
1587 2631 1799 2684 segnieiei

170 2707 224 2745 sit
246 2708 368 2745 loeus
400 2707 604 2757 reliquus.
627 2706 836 2744 Vndecim
873 2706 985 2743 <mim
1016 2719 1115 2745 eum
1136 2706 1284 2754 simus,
1317 2718 1396 2744 Sex
1425 2705 1598 2756 publice
1629 2705 1795 2755 legunt,

217 2867 237 2887 a
263 2867 402 2904 Prius
421 2871 566 2903 rector.

220 2994 229 3013 ¹
284 2992 427 3029 Petrus
446 2991 678 3037 Quadrado.

219 3052 232 3072 ‘⁴'
283 3051 390 3088 Vide
409 3064 446 3098 p.
467 3050 549 3092 357,
570 3055 706 3086 annot.
732 3050 762 3086 1.

219 3111 233 3132 ⁸
283 3110 344 3147 Ex
362 3110 552 3157 originali
570 3110 610 3146 in
631 3109 765 3147 codice
784 3109 913 3156 Hisp.
936 3108 1003 3152 97,
1023 3108 1046 3145 2
1063 3108 1121 3153 ff„
1142 3121 1210 3146 nn.
1229 3108 1290 3154 45,
1308 3107 1368 3155 46;
1389 3107 1499 3156 prius
1516 3107 1602 3145 231.
