1908 3446
537 188 859 229 fibi—Commi
888 190 910 225 6
939 189 1046 235 MAJ1
1076 187 1164 224 1559
1555 183 1618 219 197

45 307 191 333 eorum
213 294 447 333 iudicatum
471 300 552 340 est,
578 296 609 332 si
633 295 719 333 loci
741 304 995 331 communes
1027 290 1144 327 dubii
1167 288 1364 339 priuatim
1398 286 1663 335 explicaren-

29 372 124 413 tur,
147 379 232 416 quo
255 366 417 403 rectius
441 377 620 416 eaquae
642 366 726 403 hoc
746 370 947 414 tempore
966 365 1254 400 controuersa
1271 363 1384 405 sunt,
1404 357 1662 403 intelligant,

22 440 87 489 'let
119 437 443 474 herethicorum
475 436 669 482 cauillos,
695 437 735 473 in
766 448 950 486 quorum
982 432 1127 470 medio
1161 442 1398 475 versamur,
1424 427 1549 465 facile
1583 427 1663 464 llis-

29 492 225 554 ³soluant,
249 506 462 557 dolosque
482 507 759 557 patefaciant.
780 505 1024 556 Disputatio
1043 515 1218 554 quoque
1235 514 1318 538 vna
1334 498 1561 537 dominicis
1584 498 1663 534 sin—

41 579 149 630 gulis
171 579 259 625 fiet,
283 591 366 628 qua
388 578 514 616 dubia
535 579 678 616 omnia
699 590 810 629 quae
832 576 873 615 in
895 581 1079 626 vtraque
1102 574 1294 612 lectione
1323 576 1544 617 ocurrent,
1569 582 1664 620 pro-

41 662 203 700 ponere
220 648 383 687 licebit.

90 731 129 769 9.
188 720 299 771 Mag.
326 720 539 758 Henricus
563 720 783 758 Dionisius
804 720 846 757 in
867 717 938 757 die
960 718 1196 769 palmarum
1219 715 1466 767 passionem
1484 712 1664 751 domini-

41 805 131 831 cam
158 794 196 829 1O
216 791 389 841 quidem
413 798 430 816 a
451 792 678 842 gymnasio
702 791 850 838 latine,
874 789 1035 828 deinde
1056 801 1164 827 vero
1192 788 1234 825 in
1264 787 1378 824 festo
1402 797 1665 835 parasceues

39 863 80 901 in
100 863 260 912 templo
284 863 535 912 germanice
558 864 845 901 concionatus
868 867 949 909 est,
973 873 1060 899 non
1083 861 1175 897 sine
1198 858 1444 897 auditorum
1468 856 1664 895 consola-

40 933 156 972 tione
178 940 221 971 et
243 933 556 981 satisfactione,
582 935 643 972 sic
667 934 781 971 enim
814 934 861 971 R.
896 933 982 971 Pri.
1007 933 1146 970 visum
1180 930 1272 975 luit,
1306 933 1353 967 vt
1383 929 1425 966 in
1447 926 1664 965 studioso-

40 1018 129 1043 rum
150 1005 329 1056 gratiam
352 1006 582 1054 quotannis
604 1006 645 1043 in
668 1004 886 1042 dominica
906 1005 926 1029 b
941 1004 1179 1054 palmarum
1202 1001 1358 1040 concio
1390 1000 1486 1038 talis
1516 1000 1569 1037 ab
1592 998 1664 1036 ali-

38 1089 120 1128 quo
141 1081 475 1127 praeceptorum
498 1076 615 1115 domi
637 1077 677 1114 in
701 1077 853 1114 maiori
873 1075 1091 1115 auditorio
1114 1075 1367 1119 haberetur,
1392 1084 1477 1123 quo
1500 1069 1554 1109 ad
1576 1070 1663 1121 pie-

28 1139 169 1208 }tatem
191 1153 235 1186 et
269 1147 428 1187 Christi
463 1161 657 1186 amorem
693 1148 775 1186 illis
810 1147 964 1185 diebus
999 1148 1093 1198 plus
1133 1146 1263 1184 solito
1295 1143 1661 1189 accenderentur,

38 1219 177 1270 quoad
210 1219 419 1270 templum
452 1219 673 1270 proprium
712 1219 839 1257 nobis
880 1217 1161 1256 concedatur.
1206 1218 1300 1254 Hac
1329 1214 1665 1266 quadragesima

39 1290 232 1341 discipuli
264 1291 403 1329 nostri
437 1291 552 1329 serio
589 1304 686 1330 cum
717 1290 899 1329 aliorum
930 1289 1257 1341 gymnasiorum
1288 1286 1660 1333 adolescentibus,

37 1375 112 1414 pro
134 1368 313 1413 recepta
334 1362 668 1410 consuetudine,
694 1362 983 1413 disputarunt3
1015 1366 1147 1412 atque
1178 1361 1238 1398 ita
1266 1359 1405 1410 probe
1437 1371 1484 1397 se
1513 1370 1664 1409 gesse-

38 1438 147 1481 runt,
172 1439 217 1472 ut
237 1447 367 1472 nemo
390 1447 478 1472 non
500 1434 581 1472 illis
604 1433 833 1473 victoriam
851 1435 922 1471 vel
945 1432 1091 1471 inuitis
1108 1431 1393 1470 adiudicaret.

30 1526 33 1547 4
92 1516 150 1544 10.
208 1505 334 1544 Nunc
354 1518 463 1544 vero
487 1506 617 1544 etiam
640 1505 695 1543 de
718 1506 912 1544 externis
934 1505 1128 1543 nonnihil
1151 1502 1429 1542 scribendum
1462 1507 1543 1549 est,
1576 1513 1661 1551 quo

37 1575 246 1627 intelligat
267 1578 315 1615 R.
340 1578 390 1615 V.
415 1576 575 1615 multos
598 1589 652 1615 ex
674 1576 756 1614 illis
777 1577 903 1614 nobis
925 1576 1126 1614 addictos
1154 1576 1318 1614 habere
1339 1581 1370 1612 ⁰.
1404 1575 1457 1611 Et
1478 1572 1662 1624 primum

37 1647 206 1699 quidem
228 1646 350 1686 multi
369 1648 430 1686 ita
450 1648 711 1695 afficiuntur,
735 1653 783 1686 vt
803 1648 916 1686 filios
939 1661 1041 1686 suos
1062 1660 1150 1685 non
1167 1645 1299 1684 modo
1317 1646 1444 1684 nobis
1463 1644 1662 1682 erudien-

38 1718 114 1758 dos
133 1719 319 1767 tradant,
343 1732 497 1758 verum
518 1720 561 1757 in
584 1718 833 1758 conuictum
853 1731 931 1757 eos
963 1732 1044 1757 nos
1065 1718 1230 1756 habere
1254 1716 1443 1768 cupiant3
1467 1720 1510 1754 et
1532 1715 1662 1766 aliqui

37 1802 130 1830 eum
165 1790 218 1829 ad
252 1791 683 1842 dusseldorpiensem
718 1791 913 1829 scholam
936 1791 971 1838 ἃς
994 1789 1142 1828 audita
1175 1789 1289 1827 fama
1320 1787 1497 1839 collegii
1517 1787 1658 1834 huius,

39 1862 104 1900 hic
123 1862 423 1900 substiterunt.
451 1861 652 1900 Accessit
668 1862 754 1900 hoc
771 1874 923 1900 mense
941 1861 1076 1912 Aprili
1095 1861 1268 1899 comitis
1286 1859 1511 1898 cuiusdam
1532 1859 1659 1905 filius,

38 1931 291 1972 adolescens
311 1932 598 1984 probissimae
620 1933 778 1971 indolis
801 1939 844 1971 et
872 1932 1087 1971 maximae
1119 1930 1457 1983 expectationis,
1481 1930 1554 1980 qui
1573 1942 1661 1968 non

31 2005 193 2066 sexigua
214 2005 359 2053 etiam,
383 2010 485 2043 ante
507 2018 635 2055 quam
656 2006 741 2043 huc
762 2003 816 2043 ad
836 2018 917 2043 nos
939 2005 1190 2052 accederet,
1214 2002 1444 2054 probitatis
1472 2014 1576 2041 suae
1598 2014 1661 2040 ar-

40 2081 240 2126 gumenta
268 2074 540 2123 monstrauit,
571 2088 669 2114 cum
700 2076 929 2114 Embricae
965 2074 1260 2113 creberrimae
1291 2074 1581 2113 confessionis
1618 2080 1662 2111 et

40 2146 349 2185 communionis
369 2151 643 2185 sacramenta
663 2147 980 2196 frequentaret.
1014 2147 1066 2183 Et
1097 2147 1167 2184 hic
1197 2159 1294 2184 cum
1321 2148 1408 2196 pro
1435 2145 1661 2183 nobilitate

40 2215 277 2257 voluissent
293 2218 454 2257 Patres
471 2225 488 2244 θ
509 2218 754 2257 honestiori
771 2219 783 2242 f
806 2219 905 2257 loco
924 2217 1098 2265 sedere,
1116 2217 1187 2256 1116
1204 2223 1251 2255 vt
1268 2218 1431 2256 Christi
1447 2216 1660 2256 humilita-

40 2293 122 2327 tem
144 2294 419 2340 sequeretur,
444 2290 485 2328 in
509 2302 647 2340 eaque
678 2302 726 2328 se
757 2289 1008 2341 diligentius
1041 2294 1289 2337 exerceret,
1322 2289 1476 2336 noluit,
1509 2288 1588 2327 sed
1618 2290 1660 2327 in

40 2361 332 2399 communibus
363 2361 580 2400 subselliis
611 2374 708 2400 cum
739 2361 832 2400 aliis
862 2367 1010 2400 manet
1042 2364 1066 2400 ¹.
1096 2361 1337 2400 Senatores
1359 2373 1533 2412 quoque
1554 2374 1660 2399 non-

40 2432 150 2480 nulli,
174 2437 218 2470 et
238 2432 430 2472 alterius
451 2419 727 2472 conditionis
746 2441 769 2466 g
783 2433 879 2481 viri,
898 2434 1086 2472 animum
1104 2447 1229 2471 suum
1248 2445 1353 2484 erga
1367 2446 1449 2471 nos
1465 2433 1660 2471 beneuo-

40 2503 119 2542 lum
141 2504 243 2542 satis
273 2504 511 2553 declarant,
549 2504 650 2543 dum
685 2505 949 2556 pauperibus
980 2504 1187 2543 studiosis
1221 2504 1382 2543 nostris
1417 2504 1487 2543 alii
1508 2510 1659 2543 vestes

40 2573 284 2626 largiuntur,
308 2576 378 2614 alii
398 2576 577 2628 prandia
596 2576 762 2628 aliquot
790 2589 868 2627 per
899 2577 1090 2628 singulas
1120 2576 1400 2627 septimanas,
1433 2577 1504 2615 alii
1534 2577 1659 2615 aliter

80 2735 100 2756 a
147 2737 199 2774 in.
251 2738 316 2763 ——b
338 2737 522 2775 Emend.
545 2748 595 2775 ex
612 2738 867 2775 dominicam.
933 2746 997 2764 ——0
1018 2750 1120 2774 esse.
1177 2738 1241 2763 —d
1263 2737 1429 2775 irent.-
1482 2746 1500 2764 e
1521 2738 1659 2776 habita

36 2781 187 2832 tatione
205 2795 424 2834 nobilitatis
443 2797 598 2834 vellent
617 2797 692 2835 nri.
746 2798 805 2823 —f
830 2809 938 2834 eum.
991 2806 1060 2832 —g
1079 2799 1164 2835 alii.

81 2937 92 2958 ¹
142 2937 217 2975 Hie
247 2938 484 2976 adolescens
518 2940 594 2977 fuit
630 2939 948 2987 christophorus
977 2941 1027 2978 de
1063 2942 1215 2984 Moers,
1251 2942 1406 2979 comitis
1437 2942 1486 2978 de
1521 2941 1659 2978 Moers

37 2982 151 3034 lilius.
173 2996 236 3035 Cf.
257 2997 448 3045 HANSEN,
469 3001 495 3036 1.
515 3012 550 3037 c.
569 2999 651 3038 327.
