1908 3446
482 219 872 256 296.-V1N00130NA
907 219 919 253 l
955 218 1217 255 SEPTEMssffls
1246 218 1334 254 155¹»)
1607 218 1670 252 3:31

100 322 210 360 tibus
234 320 488 358 dederimus
511 320 622 366 fore,
647 324 692 357 ut
713 319 961 369 aliquando,
996 320 1091 356 Deo
1124 318 1250 364 duce,
1277 330 1428 355 eorum
1452 316 1524 366 filij
1549 316 1723 354 tandem

99 391 361 443 recipiantur
383 404 407 430 a
437 391 577 429 nobis.

155 474 212 502 12.
277 463 511 511 Quantum
531 470 550 488 a
571 462 625 501 ad
648 462 882 513 collegium
913 474 1090 508 nouum,
1116 460 1170 499 de
1192 473 1277 511 quo
1310 460 1470 498 factam
1493 460 1575 497 iam
1597 464 1727 497 antea

100 535 364 575 mentionem
386 535 404 559 '³
426 534 551 581 noui,
577 532 752 580 attinet,
777 532 931 584 viginti
954 544 1051 570 cum
1074 532 1115 570 in
1138 544 1190 570 eo
1215 531 1389 570 circiter
1411 531 1510 577 sint,
1536 530 1725 580 optimae

99 606 190 658 spei
210 619 261 645 ac
282 605 439 644 indolis
469 605 794 652 adolescentes,
822 604 972 642 effecit
994 609 1140 641 tamen
1176 601 1322 641 diuina
1342 602 1515 641 bonitas
1537 614 1612 652 per
1644 601 1726 638 liis-

99 690 247 729 panos,
271 677 343 728 qui
365 676 624 715 sanctissimi
641 676 768 713 huius
790 674 974 713 instituti
994 675 1205 713 authores
1236 679 1280 711 et
1310 679 1590 724 promotores
1612 672 1727 710 alen-

100 749 250 788 dorum
272 747 570 787 studiosorum
591 759 830 798 pauperum
852 746 977 797 primi
998 746 1122 784 fuere
1152 745 1363 792 Viennae,
1389 757 1439 783 ac
1460 757 1537 795 per
1559 756 1728 795 germa-

99 834 176 861 nos
199 821 343 866 etiam,
368 832 423 857 ne
445 819 675 870 quicquam
699 818 761 856 eis
783 818 898 856 desit
920 830 1072 856 eorum
1094 830 1205 868 quae
1227 816 1482 868 quotidiana
1509 815 1727 854 studioso-

102 907 191 933 rum
215 891 457 930 necessitas
479 890 684 942 reposcit.
718 890 841 928 Ratio
864 888 1041 941 quidem
1063 889 1250 928 uestitus
1285 888 1530 939 modusque
1554 887 1730 926 uiuendi

103 970 167 1004 est
185 964 385 1002 omnibus
403 963 663 1010 communis;
680 966 872 1000 attamen
890 961 1052 1000 faciunt
1067 960 1408 999 excellentiores
1425 960 1521 1010 alijs
1537 958 1732 998 nonnulli

103 1050 251 1076 eorum
272 1047 548 1087 progressus,
569 1046 667 1072 cum
688 1033 730 1071 in
753 1031 922 1082 studijs,
948 1038 1038 1071 tum
1059 1032 1332 1083 potissimum
1353 1032 1396 1070 in
1417 1031 1597 1083 pietate.
1622 1031 1731 1070 Sunt

102 1121 154 1147 ex
177 1108 258 1147 illis
291 1107 422 1157 aliqui
445 1106 602 1158 quibus
624 1104 861 1144 Societatis
891 1117 941 1143 ac
976 1104 1162 1142 instituti
1196 1104 1333 1142 nostri
1368 1103 1478 1142 ratio
1501 1103 1730 1154 plurimum

102 1180 324 1232 probetur,
349 1177 403 1217 ad
425 1189 611 1228 eamque
642 1177 834 1227 aspirare
856 1176 940 1214 iam
964 1188 988 1214 a
1008 1175 1218 1227 principio
1243 1176 1486 1227 coeperint,
1511 1187 1637 1226 quam
1665 1187 1730 1212 se-

101 1251 269 1303 quimur
290 1249 577 1301 perfectionis
598 1261 808 1287 normam.
834 1248 951 1285 Inter
973 1247 1080 1286 alios
1103 1260 1337 1298 germanos
1359 1247 1431 1298 qui
1451 1247 1537 1286 hoc
1557 1245 1732 1298 pietatis

103 1336 240 1376 genus
261 1336 312 1362 ac
344 1322 534 1361 studium
564 1334 642 1372 pro
674 1322 785 1360 uirili
815 1325 939 1373 parte
969 1326 1248 1370 promouent,
1288 1326 1355 1359 est
1386 1320 1621 1359 canonicus
1643 1319 1732 1371 qui-

103 1396 213 1443 dam,
238 1401 282 1434 et
313 1393 571 1446 antiquitate
603 1393 721 1441 fidei,
756 1398 799 1432 et
830 1394 948 1432 uitae
980 1393 1237 1431 castimonia
1266 1393 1379 1444 apud
1411 1405 1563 1431 omnes
1593 1393 1734 1431 bonos

104 1467 365 1519 praeclarus,
391 1467 446 1504 M.
470 1466 731 1504 Laurentius
765 1465 958 1511 nomine3
981 1464 1016 1502 is
1037 1470 1212 1515 praeter
1235 1477 1445 1502 summam
1466 1465 1733 1502 florenorum

106 1540 393 1579 ducentorum
418 1551 545 1590 quam
566 1537 609 1576 in
640 1550 764 1576 usum
787 1536 963 1588 collegij
987 1537 1111 1574 istius
1145 1548 1284 1587 nuper
1307 1535 1541 1583 conuertit,
1565 1533 1732 1581 statuit,

106 1612 221 1662 quod
236 1608 446 1661 proxime
477 1607 648 1648 rectori
682 1609 840 1647 nostro
870 1606 1177 1659 significauit,
1200 1608 1327 1646 breui
1359 1607 1502 1646 eidem
1525 1607 1731 1658 collegio,

112 1693 182 1721 100
202 1681 310 1722 alios
332 1681 571 1732 assignare,
597 1682 646 1719 ut
676 1679 883 1731 perpetui
912 1678 1015 1717 inde
1047 1679 1162 1717 cmm'
1191 1692 1348 1718 census
1378 1680 1605 1718 emantur.
1629 1679 1734 1729 Spe-

107 1767 248 1793 ramus
269 1753 311 1792 in
346 1752 534 1791 Domino
556 1752 704 1803 plures
734 1752 842 1790 alios
872 1752 1027 1790 horum
1061 1751 1265 1802 exemplo
1300 1763 1513 1789 accensos
1545 1756 1588 1789 et
1619 1762 1735 1789 corn-

107 1831 265 1873 motos,
289 1824 427 1876 magis
448 1823 490 1861 in
511 1823 718 1862 auxilium
739 1822 866 1861 huius
889 1824 1065 1875 collegij
1091 1822 1433 1874 conspiraturos.

162 1907 220 1945 13.
281 1895 577 1935 Conuictores
597 1900 832 1946 praeterea
853 1895 1007 1945 reliqui
1029 1895 1175 1934 multis
1197 1893 1373 1945 quidem
1402 1892 1542 1931 modis
1564 1905 1615 1931 ac
1636 1892 1735 1931 loco

108 1973 202 2007 sunt
224 1981 248 2007 a
267 1966 631 2019 praememoratis
654 1966 957 2017 collegialibus
979 1966 1180 2013 seiuncti,
1204 1964 1524 2016 plurimumque
1546 1964 1612 2013 (ut
1639 1968 1737 2001 sunt

109 2040 260 2078 horum
282 2045 529 2089 temporum
551 2038 731 2087 mores),
756 2042 847 2075 tum
870 2038 911 2075 in
947 2038 1099 2089 spiritu
1121 2041 1211 2075 tum
1234 2037 1276 2074 in
1303 2035 1430 2074 bonis
1452 2035 1588 2074 literis
1609 2035 1737 2086 profi-

109 2112 237 2151 ciunt.
271 2111 466 2150 Numero
488 2110 560 2149 isti
590 2114 689 2148 sunt
719 2109 945 2148 sexdecim
967 2116 999 2157 ⁰,
1023 2122 1207 2159 quorum
1230 2108 1346 2147 bona
1365 2120 1464 2158 pars
1486 2120 1510 2146 a
1532 2118 1739 2146 caesarea

109 2184 335 2223 maiestate
366 2183 605 2221 liberaliter
639 2186 925 2220 sustentatur.
951 2182 1149 2231 Suntque
1182 2193 1236 2218 ex
1259 2180 1341 2218 illis
1374 2179 1641 2225 cantoribus,
1666 2179 1738 2229 qui

111 2266 162 2293 ex
184 2267 392 2294 caesareo
425 2253 604 2301 sacello,
628 2265 756 2304 quarn
786 2253 970 2304 primurn
1002 2264 1160 2291 uocem
1190 2256 1373 2299 mutant,
1405 2251 1459 2289 ad
1491 2251 1633 2290 studia
1662 2263 1739 2302 per

110 2326 352 2374 triennium,
377 2327 495 2365 iussu
527 2325 716 2365 caesaris
734 2323 1066 2375 permittuntur.
1093 2324 1281 2363 Auctum
1315 2329 1382 2362 est
1411 2324 1568 2363 horum
1597 2323 1739 2362 unius-

158 2504 177 2523 a
224 2505 331 2552 quod
349 2504 507 2541 attinet.
560 2505 627 2529 —b
647 2503 755 2541 facta
774 2507 879 2540 est...
901 2502 1064 2539 mentio.
1120 2510 1183 2528 -0
1205 2501 1389 2540 Emend.
1408 2513 1459 2540 ex
1476 2503 1666 2541 sedecim.

179 2673 424 2712 Benedictus
442 2673 551 2711 Zaeh
570 2674 747 2710 nondum
767 2685 956 2720 egressus
974 2672 1020 2709 24
1050 2684 1214 2717 annum,
1243 2677 1338 2709 ante
1365 2677 1448 2709 tres
1477 2685 1638 2710 menses
1670 2673 1741 2711 So-

115 2733 248 2771 cietati
268 2739 328 2771 est
346 2734 561 2771 donatus...

181 2792 422 2831 Franciscus
443 2793 637 2840 Vngarus
656 2793 914 2840 septennium
934 2792 1234 2830 adolescentiae
1260 2791 1446 2838 quamuis
1473 2792 1649 2829 nondum
1677 2805 1740 2829 ex·

113 2853 298 2898 pleuerit,
325 2853 455 2890 tribus
484 2858 622 2890 tamen
640 2852 785 2889 abhinc
805 2852 1011 2889 mensibus
1030 2851 1081 2888 ad
1099 2864 1171 2889 nos
1189 2851 1410 2889 conuolans
1428 2850 1739 2897 humillioribus,

115 2911 348 2958 experiundi
367 2911 454 2950 eius
472 2912 597 2949 animi
615 2924 752 2956 causa,
772 2912 813 2949 in
832 2911 1036 2960 exercitijs
1055 2915 1288 2949 versatur...

183 2969 348 3009 Marcus
362 2971 411 3009 de
431 2972 571 3010 Phano
590 2973 727 3014 italus,
749 2976 868 3009 natus
886 2971 932 3010 26
950 2984 1077 3009 annos
1095 2971 1304 3018 ingressus
1320 2975 1380 3008 est
1397 2971 1470 3008 hoc
1485 2983 1591 3008 anno
1606 2969 1741 3008 Socie-

115 3034 238 3068 tatem
255 3031 363 3069 circa
382 3031 532 3069 festum
550 3031 831 3069 Trinitatis...»
