1908 3446
528 190 940 230 254.—1N<;01„sm1>1o
971 194 983 230 l
1015 191 1123 240 MAJ1
1153 192 1243 230 1559
1593 192 1659 230 157

81 293 216 343 fratrj,
241 292 455 332 secundas
477 293 638 332 Mariae
671 295 828 343 sororj,
861 296 1040 346 reginae
1072 296 1291 347 quondam
1318 297 1629 347 hungarorum,
1665 300 1705 334 et

83 367 231 404 tertias
266 364 444 415 reginae
480 366 802 413 Britannorum3
834 367 1103 418 Ingolstadio
1136 368 1188 405 ad
1221 382 1267 406 se
1299 368 1540 419 Augustam
1572 368 1708 405 literis

83 436 311 476 accersiuit
333 437 379 474 P.
404 436 610 474 Ioannem
633 437 926 476 Cuuillonium
950 442 992 476 et
1017 440 1062 477 R.
1090 440 1135 476 P.
1163 441 1402 489 Lanoyum,
1426 440 1559 477 tacita
1581 452 1710 477 causa

84 522 157 548 cur
177 508 219 546 id
241 508 421 555 faceret,
454 520 581 558 quam
612 522 743 559 porro
778 508 859 559 ipsi
894 523 1040 548 coram
1072 510 1385 562 intelligerent.
1426 513 1518 549 Hos
1554 524 1710 561 magna

83 579 348 618 huminitate
371 584 414 617 et
436 580 661 618 alacritate
685 582 875 631 excepit,
902 587 944 619 et
967 583 1101 620 multa
1121 582 1389 620 familiariter
1413 595 1508 619 cum
1533 582 1595 620 eis
1624 583 1710 620 001-

82 653 266 697 locutus,
290 650 543 701 postulauit,
574 657 620 689 ut
650 653 964 702 Ingolstadium
995 654 1179 701 reuersi,
1212 659 1303 692 tres
1336 655 1559 692 orationes
1589 654 1711 691 fune·

82 723 195 769 bres,
219 721 353 759 ternis
373 721 455 759 illis
479 723 678 773 exequijs
700 724 1024 771 accommodas,
1049 725 1160 762 intra
1182 731 1329 763 certos
1352 725 1446 763 dies
1475 739 1712 776 compone-

82 798 177 831 rent
199 792 364 843 sibique
388 793 587 831 exhiberi
605 800 822 833 curarent.
850 795 980 844 Quod
1004 801 1048 833 et
1077 810 1155 846 pro
1188 797 1315 846 uirilj,
1348 797 1469 835 iuxta
1496 798 1709 836 rationem

81 864 306 902 breuitatis
345 865 570 914 temporis,
608 865 770 904 factum
806 872 887 913 est,
925 868 1057 905 misso
1094 868 1338 918 Augustam
1379 869 1433 906 M.
1472 855 1709 909 Gruilielmo

81 933 319 981 Elderensi,
339 934 411 985 qui
433 937 651 974 communi
673 938 848 975 nomine
872 951 975 976 suae
999 939 1216 977 maiestati
1237 940 1329 977 illas
1353 941 1525 979 obtulit.
1547 942 1710 980 Caesar

81 1005 311 1057 inspectaS,
338 1011 381 1044 et
403 1007 455 1044 ab
477 1007 549 1045 1110
574 1019 721 1046 coram
741 1009 975 1058 perlectas,
1000 1009 1048 1048 in
1065 1010 1228 1060 paucis
1249 1011 1362 1050 locis
1382 1013 1600 1059 mutatas,
1634 1026 1710 1063 per

84 1077 283 1115 eumdem
304 1078 508 1116 nuncium
529 1080 547 1096 ²¹¹
569 1080 750 1127 remisit,
775 1080 1017 1119 admonens
1040 1084 1439 1132 (quemadmodum
1458 1084 1591 1134 prins
1611 1085 1711 1123 sub-

83 1148 400 1200 indicauerat),
425 1155 471 1187 ut
492 1163 516 1188 a
537 1151 697 1189 nostris
721 1151 1038 1200 ediscerentur,
1062 1154 1162 1205 quia
1182 1155 1370 1193 fortasse
1402 1156 1455 1193 ab
1486 1156 1568 1193 illis
1603 1155 1711 1194 reci-

81 1218 161 1257 tari
180 1220 199 1243 b
221 1232 294 1258 eas
326 1224 568 1270 oporteret.
602 1223 765 1260 Verum
797 1236 894 1261 cum
924 1224 1008 1263 iam
1038 1225 1282 1276 Augustam
1315 1239 1367 1264 ea
1397 1227 1452 1264 de
1484 1240 1615 1266 causa
1645 1241 1712 1266 se-

83 1290 221 1329 cundo
258 1292 483 1331 uenissent
514 1292 620 1331 dicti
651 1295 804 1332 Patres
839 1295 1132 1335 szillonius
1162 1299 1201 1336 et
1232 1298 1288 1336 D.
1323 1299 1549 1348 Lcmoyzts,
1587 1300 1711 1337 intel-

82 1363 281 1401 lexerunt
301 1376 326 1401 a
347 1377 424 1402 sua
445 1365 676 1402 maiestate
694 1365 805 1404 duos
824 1367 1057 1417 episcopos
1074 1369 1344 1418 prouinciam
1363 1371 1476 1407 ultro
1497 1371 1711 1421 suscepis-

83 1446 143 1481 se,
173 1436 356 1473 alterum
385 1436 586 1474 oratione
614 1443 631 1460 ‘2
651 1436 822 1486 funebrj
857 1438 1110 1477 celebrandi
1139 1440 1346 1478 Carolum
1381 1439 1709 1491 imperatorem,

83 1506 264 1543 alterum
295 1518 402 1544 uero
435 1506 612 1545 Mariam
635 1507 833 1546 eiusdem
855 1521 1070 1557 sororem,
1095 1514 1226 1562 atque
1249 1511 1309 1549 ita
1331 1511 1470 1559 iussit,
1496 1516 1541 1549 ut
1564 1512 1618 1550 de
1640 1513 1711 1550 ha-

83 1577 224 1616 benda
258 1578 468 1617 duntaxat
503 1580 634 1618 tertia
665 1580 864 1619 oratione
902 1587 1051 1619 essent
1085 1582 1276 1631 sollicitj.
1316 1584 1609 1623 pronunciata
1645 1593 1711 1623 est

83 1648 210 1699 igitur
232 1649 382 1688 dhaee
402 1649 444 1687 in
477 1651 636 1688 ultimis
669 1652 868 1702 exequijs
900 1665 924 1691 a
954 1653 1005 1691 D.
1040 1653 1225 1692 Nicolao
1262 1654 1442 1705 Lanoyo
1478 1655 1520 1693 in
1553 1654 1710 1694 eodem

83 1720 195 1768 loco,
231 1734 316 1772 quo
354 1727 398 1759 et
432 1722 531 1760 illae
565 1723 750 1773 priores,
784 1723 994 1762 videlicet
1015 1725 1057 1762 in
1078 1738 1247 1764 summo
1271 1726 1452 1777 templo,
1476 1733 1711 1777 praesente

84 1804 260 1830 caesare
299 1806 351 1831 ac
388 1793 743 1845 frequentissimo
785 1795 977 1835 virorum
1023 1797 1248 1848 utriusque
1289 1802 1429 1836 status
1471 1804 1708 1837 conuentu.

85 1863 277 1903 Aderant
299 1865 412 1903 enirn
442 1866 606 1917 aliquot
638 1879 693 1904 ex
725 1868 993 1906 electoribus
1024 1870 1148 1920 regni
1185 1875 1228 1907 et
1263 1869 1332 1918 alij
1365 1870 1583 1921 principes
1615 1883 1710 1909 cum

83 1936 434 1987 archiepiscopis,
461 1937 678 1988 episcopis
700 1945 732 1986 e,
757 1939 986 1977 abbatibus
1009 1940 1192 1991 alijsque
1220 1942 1426 1992 praelatis
1453 1941 1502 1980 in
1532 1942 1711 1993 copioso

83 2020 268 2047 numero
295 2008 321 2047 ¹.
345 2009 498 2047 Mirata
520 2013 586 2047 est
606 2010 731 2060 plebs
753 2017 1010 2062 augustana,
1037 2017 1081 2050 et
1102 2013 1223 2050 uelut
1255 2014 1407 2064 regina
1442 2014 1570 2062 Saba,
1609 2026 1711 2053 con-

83 2082 232 2128 specta
252 2080 368 2130 regis
390 2080 636 2119 Salomonis
658 2083 795 2132 regali
817 2082 1141 2133 magnificentia
1164 2087 1189 2131 ¹,
1224 2086 1448 2136 obstupuit
1469 2085 1523 2124 ad
1544 2090 1711 2124 tantum

84 2149 359 2199 splendorem
393 2152 505 2190 illius
540 2165 726 2203 pompae
762 2153 972 2201 funebris,
1009 2155 1051 2192 in
1082 2168 1167 2206 qua
1195 2169 1273 2206 per
1302 2161 1369 2195 tot
1400 2155 1495 2195 dies
1516 2170 1630 2208 pene
1652 2157 1712 2195 in-

83 2223 373 2261 numerabiles
392 2223 620 2274 fulgebant
642 2224 777 2273 cerej,
800 2226 1036 2275 praecipue
1059 2225 1174 2264 circa
1204 2227 1308 2265 illud
1339 2228 1554 2266 maximae
1586 2229 1712 2267 molis

84 2295 393 2344 xenotaphium
433 2296 550 2345 pullo
590 2297 842 2334 holoserico
883 2297 1161 2348 undiquaque
1204 2304 1480 2347 exornatum,
1518 2300 1636 2350 quod
1671 2301 1712 2338 in

83 2365 179 2414 nauj
202 2365 346 2403 media
364 2379 442 2404 seu
466 2368 620 2406 uentre
636 2367 783 2417 ipsius
805 2368 1021 2407 ecclesiae
1041 2375 1341 2408 constructum
1360 2376 1467 2408 erat.
1487 2370 1711 2409 Credibile

86 2441 151 2474 est
172 2437 417 2487 complures
446 2426 501 2475 e‘x
532 2438 781 2477 huiusmodi
810 2439 977 2489 inferijs
1008 2445 1129 2478 tanta
1156 2442 1375 2492 grauitate
1406 2454 1457 2480 ac
1488 2454 1712 2480 caeremo-

83 2507 246 2546 niarum
268 2508 526 2547 celebritate
550 2509 770 2557 exhibitis,
790 2511 951 2562 aliquid
972 2512 1165 2550 melioris
1183 2512 1358 2563 spiritus
1376 2513 1635 2564 concepisse
1657 2514 1711 2552 ad

83 2578 384 2617 ambulandum
406 2579 448 2617 in
470 2579 602 2619 domo
625 2581 706 2630 Dej
731 2593 829 2619 cum
852 2594 1085 2629 consensu,
1109 2583 1256 2634 potius
1277 2596 1409 2634 quam
1440 2583 1494 2622 ad
1525 2597 1712 2635 sequen-

129 2741 148 2760 a
199 2740 387 2779 Obscure
403 2746 638 2780 exaratum
657 2744 702 2780 in
729 2754 808 2781 ms.
863 2745 928 2769 --b
961 2745 1136 2782 recitare
1168 2756 1248 2783 ms.
1303 2753 1367 2771 —0
1403 2758 1540 2783 orone.
1573 2751 1711 2792 supra

84 2810 207 2845 versu,
239 2801 363 2838 delet.
397 2803 442 2839 in
475 2805 592 2840 textu
622 2816 712 2840 one.
745 2805 761 2842 ,ν’
824 2805 883 2829 —d
918 2805 1009 2851 Seq.
1032 2811 1093 2841 est
1111 2805 1196 2842 del.
1250 2813 1313 2832 -e
1335 2806 1490 2843 Praec.
1513 2818 1550 2843 v.
1571 2811 1710 2852 supra

85 2870 269 2897 versum.
323 2861 380 2886 —f
406 2863 632 2908 permultis.

134 3010 141 3029 ¹
194 3010 255 3048 Cf.
277 3011 330 3047 111
351 3013 484 3054 ΗΕΟ.,
506 3011 558 3055 X,
583 3013 598 3049 1
619 3026 705 3061 sqq.
