1908 3446
168 288 239 326 974
634 285 851 322 er‘iERAE
877 284 1233 330 QqumMEsrREs

123 392 223 429 festi
244 392 396 429 natalis
418 390 637 429 confessio
660 389 892 440 generalis,
918 394 1122 426 uotorum
1144 389 1393 428 renouatio.
1414 389 1530 427 Intra
1545 389 1742 440 priuatos

123 463 312 512 parietes
335 462 533 499 studetur
556 460 854 499 conscientiae
878 459 1064 497 casibus.
1090 459 1247 497 Literis
1275 459 1449 510 graecis
1480 465 1524 498 et
1555 461 1742 498 rethori-

124 534 183 570 cis
207 545 340 583 opera
361 533 485 570 datur
508 531 672 569 sedula.
697 530 868 568 Scholis
897 535 1106 579 praesunt
1136 536 1453 581 praeceptores
1486 536 1605 578 octo,
1629 543 1739 582 quae

123 604 265 654 potius
287 603 438 653 augeri
460 602 663 640 videntur
680 614 806 651 quam
825 600 972 647 minui,
994 613 1082 638 non
1099 601 1456 652 impedientibuS,
1476 614 1581 651 quas
1600 602 1741 640 subin-

122 674 177 711 de
208 673 356 711 audire
397 673 515 719 licet,
553 671 809 722 quibusdam
840 671 1240 721 persecutionibus.
1272 672 1483 710 Ordinem
1516 673 1609 710 fere
1640 685 1742 710 eun-

122 744 219 782 dem
244 745 530 782 obseruamus
551 743 592 780 in
615 740 837 780 tradendis
868 741 1121 792 disciplinis,
1144 742 1217 793 qui
1237 743 1280 780 in
1301 743 1397 792 alijs
1420 743 1623 793 collegijs
1643 756 1742 781 nos-

120 816 195 854 tris
219 816 443 854 obseruari
465 816 592 860 solet,
617 813 822 851 adiuncta
843 813 1040 851 doctrina
1063 814 1313 861 christiana,
1337 820 1384 852 ut
1414 820 1458 852 et
1480 813 1522 852 in
1543 814 1741 852 humanis

118 888 282 924 artibus
305 892 348 924 et
370 886 545 936 pietatis
567 885 779 922 exercitio
802 890 925 922 aetas
946 885 1109 923 tenella
1138 886 1277 935 probe
1299 884 1553 924 instruatur.
1581 886 1738 936 Magno

118 970 213 996 cum
235 958 377 995 fructu
400 956 619 995 scolastici
636 956 774 993 nostri
790 956 1048 1006 frequenter
1066 956 1346 1003 confitentur,
1368 962 1412 994 et
1430 957 1628 1006 synaxim
1644 968 1739 1006 per-

119 1029 295 1079 cipiunt,
321 1041 374 1066 ex
396 1029 552 1077 quibus
573 1027 703 1077 aliqui
724 1038 972 1077 generosae
994 1027 1151 1065 indolis
1183 1027 1495 1066 adolescentes
1526 1026 1741 1065 Societati

116 1106 293 1137 nostrae
315 1112 362 1137 se
385 1098 607 1144 dedicare,
632 1097 701 1145 alij
736 1097 851 1136 uitae
873 1098 1145 1136 monasticae
1176 1098 1376 1136 instituta
1397 1098 1601 1149 amplecti
1623 1097 1736 1135 desi-

117 1172 285 1209 derant.
310 1169 604 1221 Tragoediam
635 1169 783 1219 Euripi
815 1171 822 1190 ¹
857 1182 954 1208 cum
985 1170 1193 1221 applausu
1226 1169 1571 1221 frequentissimi
1591 1169 1740 1220 populi

117 1244 158 1280 in
179 1241 353 1293 publico
375 1242 638 1292 proscoenio
675 1239 968 1288 exhibuimus,
1002 1241 1151 1292 sicque
1182 1242 1360 1292 placuit,
1394 1247 1440 1279 ut
1475 1240 1530 1280 de
1561 1241 1738 1292 integro

117 1326 262 1351 coram
284 1314 574 1351 illustrissimo
596 1312 791 1364 principe
821 1317 990 1360 nostro,
1024 1313 1336 1352 Reueren.s⁸m0
1368 1313 1466 1363 piae
1498 1312 1739 1350 memoriae

117 1386 315 1435 praesule
352 1386 675 1435 salisburgense
697 1385 724 1431 ²,
749 1385 983 1435 multisque
1014 1384 1111 1433 alijs
1140 1384 1409 1436 principibus
1440 1384 1545 1422 uiris
1576 1384 1740 1434 aprime

117 1457 170 1494 sit
192 1463 303 1495 acta.

167 1538 204 1566 2.
264 1528 617 1566 Exercitationes
637 1533 815 1566 nostrae
843 1527 884 1565 in
915 1527 1183 1578 reipublicae
1215 1526 1478 1565 christianae
1500 1539 1626 1564 usum
1648 1539 1737 1564 sus-

114 1604 269 1650 ceptae
291 1599 376 1636 hoc
397 1598 701 1649 quadrimestri
735 1598 922 1637 foelices
951 1598 1203 1648 produxere
1226 1598 1410 1645 fructus3
1441 1610 1540 1635 nam
1562 1598 1737 1636 concio·

112 1682 190 1707 nes
211 1674 460 1708 nostrorum
481 1669 737 1720 frequentes
761 1675 805 1707 et
825 1670 1052 1707 feruentes
1075 1675 1230 1708 contra
1250 1668 1604 1707 aduersariorum
1630 1668 1737 1706 liuo-

113 1754 218 1789 rem,
243 1754 369 1792 quam
400 1742 608 1792 plurimos
639 1741 693 1779 ad
725 1741 883 1779 seriam
913 1753 1178 1791 permouere
1209 1741 1326 1779 uitae
1360 1739 1734 1786 emendationem3

112 1813 212 1851 hinc
233 1813 503 1851 concubinae
526 1812 823 1860 sacerdotum,
849 1818 894 1850 et
916 1812 1134 1851 adulterio
1153 1812 1478 1850 contaminatae
1500 1824 1733 1863 personae,

111 1883 165 1921 ad
188 1885 325 1922 Deum
346 1888 445 1934 post
466 1884 626 1921 multos
648 1896 786 1922 annos
808 1896 914 1921 uere
937 1896 1180 1922 conuersae
1203 1889 1320 1931 sunt3
1351 1884 1468 1921 bone
1499 1896 1554 1921 ex
1589 1883 1732 1920 animo

115 1955 181 1992 hic
211 1955 485 2005 praesentiae
515 1961 692 1993 nostrae
724 1956 1012 2006 gratulantur,
1049 1955 1104 1993 ad
1138 1968 1219 1993 nos
1252 1955 1439 2006 petitum
1476 1954 1658 1993 consilia
1693 1959 1735 1991 et

113 2027 475 2065 conscientiarum
497 2027 876 2065 afflictissimarum
899 2027 1061 2065 solacia
1083 2027 1344 2077 quaesitum,
1368 2026 1626 2073 accurritur3
1649 2026 1734 2064 aui-

113 2098 289 2136 dissime
312 2098 493 2136 uerbum
526 2098 606 2136 Dei
637 2111 660 2136 a
691 2098 853 2136 nostris
883 2099 1099 2148 prolatum
1131 2098 1319 2145 auditur,
1342 2098 1402 2135 ita
1422 2102 1469 2134 ut
1490 2102 1585 2135 tota
1605 2096 1735 2146 septi-

112 2182 236 2206 mana
256 2169 327 2207 uix
351 2176 587 2219 expectare
618 2170 757 2220 possit
789 2170 988 2220 populus,
1012 2170 1072 2207 ita
1094 2169 1246 2207 sitiens
1279 2175 1348 2206 est
1378 2167 1502 2206 uerbi
1531 2167 1733 2206 habentis

111 2241 241 2278 uitam
264 2247 502 2279 aeternam.
528 2242 640 2279 Hinc
661 2241 791 2279 etiam
814 2240 1171 2289 grauissimorum
1202 2245 1246 2279 et
1277 2240 1409 2291 longo
1434 2246 1634 2290 tempore
1663 2252 1733 2276 oc-

111 2313 370 2350 cultatorum
393 2313 618 2350 criminum
637 2312 807 2362 pondus
831 2312 944 2363 apud
966 2325 1045 2350 nos
1068 2311 1311 2363 deponunt3
1328 2310 1574 2362 praecipuis
1591 2311 1733 2348 solen-

110 2383 317 2421 nitatibus
339 2385 539 2422 satisfieri
559 2384 888 2434 poenitentibus
911 2396 935 2422 a
954 2384 1118 2421 nostris
1139 2397 1226 2422 non
1246 2388 1413 2434 potest3
1435 2383 1509 2420 uix
1530 2382 1731 2432 septima-

110 2468 163 2492 na
182 2456 365 2493 elabitur
387 2455 487 2506 quin
508 2456 637 2506 aliqui
659 2454 763 2495 noui
782 2455 1056 2506 poenitentia
1087 2455 1247 2493 salubri
1277 2468 1323 2493 se
1355 2453 1593 2492 emendent
1613 2453 1730 2503 peni-

109 2532 194 2573 tus3
222 2539 321 2565 sese
356 2528 516 2565 nostris
552 2527 925 2565 confidentissime
957 2527 1142 2565 credunt
1174 2539 1341 2573 omnes,
1376 2531 1420 2563 et
1451 2524 1577 2563 unice
1608 2537 1654 2562 se
1687 2528 1730 2561 et

109 2610 258 2635 nerea
277 2598 403 2635 nobis
424 2598 561 2636 iuuari
591 2598 797 2645 fatentur,
830 2598 930 2648 quia
959 2598 1028 2636 hic
1059 2598 1215 2648 uulgus
1246 2597 1535 2635 uehementer
1563 2595 1730 2633 laborat

108 2680 239 2706 uerae
270 2668 557 2707 confessionis
589 2675 633 2707 et
662 2669 962 2720 poenitentiae
979 2668 1244 2719 ignorantia,
1273 2681 1355 2706 nec
1386 2668 1439 2706 ab
1468 2667 1563 2716 alijs
1583 2667 1625 2704 in
1646 2667 1727 2714 his,

106 2745 178 2777 aut
200 2753 295 2778 raro
318 2740 565 2786 admodum,
590 2753 645 2778 ex
665 2745 879 2791 suggestu
902 2739 1113 2778 eruditur.
1137 2740 1251 2777 Hinc
1272 2738 1534 2777 adolescens
1556 2737 1728 2788 quidam

154 2973 161 2991 ¹
216 2971 322 3008 Vide
341 2972 443 3009 Lz‘tt.
464 2972 716 3018 Quadrima..
743 2971 793 3011 V.
813 2971 895 3009 314.

150 3031 163 3050 ²
214 3030 390 3068 Michael
409 3044 432 3067 a
451 3030 693 3077 Kuenburg.
714 3030 824 3068 Obiit
844 3031 907 3068 die
929 3032 971 3068 17
990 3031 1188 3069 Not-emb.
1223 3031 1324 3069 1560.
1353 3029 1517 3073 EUBEL,
1546 3030 1724 3067 Hierar-

108 3090 451 3134 chia...,111‚309.
