1908 3446
240 229 287 267 22
705 232 925 270 L1'1TERAE
960 233 1313 278 QUADR1MESTRES

197 327 491 378 applicuisset,
523 329 675 368 nescio
698 343 782 381 qua
813 335 949 377 sorte,
976 331 1018 368 in
1048 335 1225 368 nostrae
1248 330 1484 369 Societatis
1513 331 1665 369 Patres
1688 331 1822 369 conti-

194 412 281 437 nuo
303 399 470 448 incidit3
494 414 517 439 a
541 399 697 452 quibus
717 401 946 452 permultis
968 406 1324 452 argumentorum
1347 400 1445 439 telis
1466 402 1668 452 ultroque
1696 402 1823 440 citro-

195 483 279 520 que
316 471 484 510 emissis
510 472 738 511 conuictus
762 480 794 520 a,
821 478 865 511 et
885 478 986 523 post
1008 471 1232 511 diuturnas
1268 484 1429 522 easque
1459 472 1613 523 longas
1635 473 1823 523 disputa-

195 542 340 580 tiones
374 544 488 592 (erat
516 557 702 595 namque
734 543 1013 582 accutissimo
1045 544 1257 595 ingenio),
1291 543 1467 581 tandem
1504 543 1689 583 edoctus
1719 549 1824 595 quot

195 613 453 665 quantisque
475 615 517 652 in
541 627 738 653 errorum
760 615 954 653 tenebris
976 619 1242 661 versaretur,
1277 614 1557 653 christianum
1589 627 1686 653 esse
1709 616 1824 654 velle

197 686 413 724 constanti
443 686 585 725 animo
615 687 864 736 profitetur.
888 687 1039 736 Itaque
1072 686 1187 724 omni
1223 685 1449 736 diligentia
1482 686 1675 724 adhibita
1702 687 1745 725 in
1774 687 1824 725 iis

197 757 413 805 curandis,
450 771 561 809 quae
583 758 637 796 ad
672 758 755 796 Dei
784 759 968 809 gloriam
1001 763 1044 795 et
1074 757 1185 795 illius
1207 757 1376 795 animae
1404 758 1589 796 salutem
1625 762 1825 809 spectare

196 829 474 875 videbantur3
493 830 549 868 de
566 829 702 868 totius
724 831 787 869 rei
810 836 973 868 euentu
994 827 1408 868 reuerendissimum
1427 829 1679 880 episcopum
1703 837 1710 855 ¹
1736 843 1825 869 cer-

196 900 353 938 tiorem
374 900 538 939 faciunt
578 902 747 948 Patres,
770 900 842 952 qui
871 906 917 939 ut
953 905 1019 939 est
1050 900 1091 938 in
1112 899 1177 938 his
1199 913 1310 951 quae
1332 900 1386 938 ad
1408 901 1490 939 Dei
1512 902 1673 939 cultum
1705 915 1826 953 spec-

196 974 303 1018 tant,
327 971 700 1022 vigilantissimus,
733 977 777 1010 et
807 972 1043 1010 animarum
1074 970 1285 1009 maximus
1320 971 1500 1019 zelator,
1538 970 1591 1010 ad
1617 973 1826 1023 templum

196 1042 475 1081 beatissimae
511 1043 679 1094 Virgini
719 1056 743 1082 a
777 1043 940 1082 Gratiis
980 1043 1123 1081 dictae
1163 1043 1465 1081 lubentissime
1504 1045 1626 1082 venit
1659 1045 1719 1094 (in
1740 1058 1825 1095 quo

198 1115 343 1162 etiam,
363 1115 398 1153 si
414 1120 562 1153 tamen
584 1115 687 1153 facit
705 1115 759 1153 ad
780 1128 887 1159 rem,
907 1119 1058 1153 nostro
1081 1113 1238 1152 honori
1259 1113 1485 1153 deseruire
1502 1115 1660 1165 voluit)
1680 1115 1827 1167 ibique

197 1198 321 1225 sacro
362 1185 527 1224 deuote
550 1187 603 1223 ab
624 1187 719 1236 ipso
744 1185 951 1237 episcopo
974 1190 1170 1236 peracte,
1194 1184 1312 1223 illum
1347 1185 1464 1224 laeto
1488 1186 1629 1224 animo
1653 1187 1826 1226 Christo

196 1257 513 1304 reconciliauit,
539 1261 582 1294 et
606 1257 849 1295 catholicae
880 1256 1070 1294 restituit
1099 1257 1331 1295 ecclesiae.
1355 1257 1406 1294 Ei
1426 1256 1479 1294 sit
1509 1257 1649 1295 honor
1672 1262 1715 1295 et
1737 1258 1827 1308 glo—

197 1327 273 1375 ria,
298 1328 370 1378 qui
391 1328 575 1366 animam
597 1327 728 1375 illam,
755 1340 867 1379 quae
890 1340 986 1366 cum
1022 1327 1167 1365 multis
1189 1326 1454 1366 amatoribus
1484 1328 1697 1367 fornicata
1718 1334 1826 1376 erat,

198 1403 287 1437 tam
308 1399 512 1450 benignis
535 1399 738 1450 excaepit
761 1398 1033 1449 amplexibus
1054 1402 1080 1436 2.
1146 1445 1148 1447 v

251 1478 287 1518 5.
347 1470 472 1508 Alter
493 1482 602 1508 vero
623 1483 711 1508 non
732 1468 900 1508 minore
922 1468 1051 1507 animi
1077 1470 1232 1507 morbo
1264 1475 1507 1520 correptus,
1539 1468 1625 1508 imo
1658 1471 1829 1509 teterri-

197 1554 266 1579 ma
286 1540 613 1580 haereticorum
635 1541 808 1579 sentina
829 1541 1055 1579 oculorum
1077 1545 1205 1578 tenus
1226 1541 1290 1590 (ut
1312 1541 1449 1590 aiunt)
1469 1541 1712 1589 immersus,
1737 1541 1830 1581 dies

197 1616 443 1662 noctesque
484 1613 614 1651 variis
637 1624 878 1652 concussus
914 1610 1254 1662 cogitationibus
1289 1612 1518 1662 agebatur3
1540 1612 1624 1650 iam
1658 1612 1829 1663 iamque

196 1684 414 1735 periturus
437 1684 491 1722 ad
511 1685 660 1735 ignem
681 1684 948 1734 properabat
970 1688 1212 1729 aeternum,
1236 1682 1317 1721 nisi
1345 1683 1463 1721 illum
1494 1683 1726 1722 ineffabilis
1748 1685 1830 1723 Dei

196 1754 369 1793 bonitas
391 1755 676 1801 retardasset,
703 1759 747 1792 et
768 1767 792 1792 a
812 1754 1010 1792 faucibus
1041 1753 1272 1804 eripuisset
1293 1753 1462 1792 inferni.
1488 1755 1527 1792 Is
1548 1753 1694 1805 igitur,
1726 1767 1830 1806 gen-

141 1819 151 1830 ’
197 1832 241 1866 te
264 1826 516 1878 germanica
537 1830 673 1873 ortus,
699 1839 795 1864 cum
817 1825 876 1864 ita
896 1825 1056 1863 multos
1078 1838 1214 1863 annos
1235 1824 1409 1863 haeresi
1442 1825 1638 1873 fauisset‚
1663 1831 1706 1864 et
1728 1839 1831 1865 ven-

197 1897 447 1948 tripotentis
468 1896 639 1936 Martini
658 1897 867 1935 nefariam
889 1901 1054 1934 sectam
1074 1896 1136 1934 ita
1156 1896 1287 1947 longe
1318 1895 1561 1944 inbibisset‚
1585 1903 1632 1935 ut
1665 1911 1752 1936 non
1773 1898 1831 1936 fa-

199 1970 282 2009 cile
322 1971 375 2008 ab
417 1982 469 2008 ea
499 1967 659 2008 deduci
697 1973 865 2020 posset,
902 1973 1131 2019 postquam
1166 1972 1342 2006 nostros
1380 1969 1596 2006 allocutus
1633 1974 1713 2017 est,
1751 1968 1833 2007 Dei

197 2040 405 2092 imprimis
426 2040 700 2091 benignitate
722 2039 910 2087 adiutus,
934 2039 1007 2090 qui
1026 2050 1113 2077 non
1134 2039 1227 2076 vult
1248 2043 1435 2078 mortem
1469 2040 1730 2090 peccatoris,
1754 2039 1833 2078 sed

199 2111 337 2162 magis
372 2116 419 2149 ut
450 2114 733 2149 eonuertatur
770 2115 813 2148 et
843 2109 964 2148 viuat
985 2112 1014 2156 3;
1038 2107 1196 2147 deinde
1228 2110 1403 2147 Patrum
1438 2109 1706 2162 fratrumque
1734 2112 1832 2149 hor-

197 2180 437 2220 tationibus
467 2184 728 2228 commotus,
763 2193 810 2219 se
845 2180 1034 2218 maximo
1056 2179 1098 2218 in
1131 2192 1280 2218 errore
1302 2179 1469 2218 versari
1499 2181 1726 2220 confessus
1749 2187 1830 2230 est,

200 2257 244 2290 et
278 2251 333 2290 ad
369 2252 589 2292 Christum
625 2250 846 2290 desiderio
869 2249 1114 2290 incredibili
1149 2251 1349 2289 conuerti
1384 2250 1605 2299 studebat;
1641 2253 1788 2303 itaque
1810 2266 1834 2291 a

197 2323 358 2362 nostris
393 2323 647 2371 instructus,
686 2327 730 2361 et
763 2327 886 2361 recte
923 2321 1108 2360 edoctus
1144 2321 1341 2360 ordinem
1376 2335 1454 2360 seu
1488 2323 1680 2372 modum,
1713 2324 1834 2363 iuxta

199 2407 329 2446 quem
357 2395 493 2433 totius
514 2394 632 2433 vitae
654 2394 869 2432 rationem
904 2398 1097 2444 regeret,
1122 2392 1306 2443 accepit.
1339 2394 1559 2444 Propellat
1588 2395 1707 2433 Deus
1729 2395 1829 2446 Opt.

202 2467 315 2504 Max.
339 2465 615 2517 ignorantiae
643 2465 851 2503 tenebras
872 2463 926 2502 ab
946 2463 1042 2511 illis,
1067 2462 1138 2514 qui
1169 2462 1326 2502 eodem
1350 2463 1566 2503 ducuntur
1589 2478 1753 2513 errore,
1776 2479 1832 2504 ne

200 2536 369 2574 animae
389 2535 741 2587 praeciosissimo
766 2533 926 2575 Christi
941 2534 1152 2586 sanguine
1172 2534 1429 2586 redemptae
1451 2533 1610 2574 misere
1630 2541 1829 2587 pereant.
1887 2581 1888 2586 ¹

201 2606 292 2646 Sed
312 2606 368 2646 de
388 2607 455 2646 his
475 2607 707 2646 hactenus.

245 2769 265 2790 a
317 2769 567 2807 Correctum
587 2779 638 2806 ex
655 2767 907 2806 conuinctus.

249 2925 259 2946 ¹
311 2922 515 2970 Aegidius
535 2920 734 2959 Falzetta.
755 2919 841 2959 Cfr.
863 2920 963 2958 Lz'tt.
984 2920 1235 2967 Quadrim..
1257 2919 1311 2965 V.
1331 2919 1413 2958 629.

249 2983 262 3003 ²
313 2981 400 3019 Cfr.
431 2981 546 3028 JER„
566 2980 634 3022 HI.
659 2981 690 3017 1.

248 3043 261 3063 ⁸
313 3040 486 3086 EzEcn.‚
507 3039 661 3085 ΧΧΙΙΙ,
685 3039 738 3077 ll.
