1908 3446
519 148 820 188 32l.-—OcAN1A
846 150 888 187 31
918 149 1165 187 DECEMssms
1200 150 1290 187 1559
1603 150 1672 187 429

30 268 39 296 2
93 267 252 292 novum
278 259 300 291 ¹.
326 252 388 290 Ex
411 265 496 303 qua
525 264 571 289 re
603 264 689 288 non
720 264 896 302 paruam
928 251 1084 301 accipit
1114 252 1299 302 populus
1332 264 1477 289 ansam
1513 258 1555 289 et
1587 252 1713 289 admi-

16 315 39 360 ·[l
93 324 226 371 randi,
252 329 295 361 et
317 337 403 361 vno
428 336 504 361 ore
528 322 729 360 laudandi
753 322 990 361 Societatis
1010 323 1223 368 instituta,
1248 323 1404 372 quibus
1432 323 1644 360 instructa
1676 330 1717 360 ct

93 396 239 434 fulcita
259 393 340 432 toti
363 394 529 432 ciuitati
552 395 612 431 sic
634 393 843 444 progredi
866 393 1055 439 videtur,
1080 399 1125 430 ut
1161 406 1247 431 non
1275 395 1412 444 possit
1440 407 1525 431 non
1555 395 1595 431 in
1625 393 1717 431 dies

93 467 278 515 majores
300 466 466 503 fructus
487 465 659 503 adferre
691 464 972 515 reipublicae.
998 465 1117 501 Deus
1146 464 1246 514 Opt.
1274 465 1385 503 Max.
1410 465 1531 512 faxit,
1566 471 1611 502 ut
1643 478 1719 502 sua

91 539 298 576 immensa
319 537 553 574 clementia
575 541 618 573 et
639 535 852 586 sapientia
874 548 927 573 eo
951 542 1079 586 pacto
1103 535 1372 573 Societatem
1396 536 1650 574 moderetur
1676 541 1717 573 et

91 608 319 659 gubernet,
345 612 389 644 ut
411 607 608 657 quotidie
631 607 769 655 magis
791 620 841 644 ac
864 607 1001 657 magis
1024 607 1236 644 charitate
1266 613 1451 654 crescat,
1485 614 1527 645 et
1559 620 1718 658 augea-

92 685 158 717 tur
178 679 219 716 in
242 684 482 729 conspectu
506 678 615 727 ejus.

142 760 178 788 2.
238 749 438 800 Aguntur
478 748 708 799 aliquando
749 749 790 786 in
830 753 981 787 nostro
1023 749 1213 797 collegio
1250 749 1420 799 aliquae
1457 749 1717 788 comoediae

91 825 235 859 castae
259 825 302 857 et
331 820 532 870 pudicae,
556 819 711 871 quibus
735 825 778 857 et
801 826 920 857 totus
954 821 1140 870 populus
1172 821 1425 858 mirabiliter
1455 819 1716 867 delectatur,

85 896 134 929 et
164 890 415 929 scholastici
444 891 635 940 majores
665 891 828 929 faciunt
860 903 1136 942 progressus,
1171 904 1267 929 cum
1298 891 1340 929 in
1371 891 1521 939 literis,
1556 897 1645 930 tum
1676 893 1716 930 in

90 962 335 1010 virtutibus3
358 964 567 1013 precipue
590 976 687 1000 cum
709 962 1027 1001 admoneantur
1055 964 1168 1000 inter
1199 963 1486 1011 recitandum,
1510 964 1719 1014 fugienda

91 1047 187 1073 esse
207 1033 278 1072 illa
298 1035 417 1082 vitia,
442 1040 661 1085 tamquam
682 1041 855 1085 pestem
884 1039 927 1072 et
950 1047 1159 1073 summam
1191 1035 1423 1085 pernitiem
1458 1035 1714 1083 animorum,

89 1118 197 1156 quae
220 1105 480 1144 introductis
501 1106 705 1156 personis
736 1113 754 1130 ἃ
788 1105 1050 1144 indicuntur.

141 1187 177 1224 3.
242 1177 375 1215 Hisce
416 1176 591 1224 diebus,
634 1178 764 1215 Pater
802 1190 1011 1228 perquam
1053 1176 1261 1224 colende,
1306 1182 1371 1215 est
1412 1178 1635 1229 ingressus
1675 1179 1716 1216 in

88 1252 277 1286 nostram
309 1248 579 1287 Societatem
610 1248 652 1285 in
688 1249 773 1286 hoc
804 1249 993 1299 collegio
1037 1248 1260 1286 ocaniensi
1295 1248 1503 1287 sacerdos
1542 1249 1716 1300 quidam

89 1318 256 1365 doctor,
279 1319 499 1369 probitate
522 1331 691 1357 morum
715 1324 759 1356 et
790 1318 1038 1357 eruditione
1059 1319 1256 1370 insignis,
1281 1319 1568 1357 concionator
1592 1332 1716 1370 egre-

89 1389 197 1440 gius,
230 1389 483 1427 valetudine
507 1395 551 1427 et
583 1394 702 1427 etate
734 1391 953 1428 constanti
973 1389 1186 1440 preditus:
1212 1389 1307 1428 talis
1336 1390 1555 1441 profecto,
1579 1391 1716 1441 qualis

87 1460 200 1499 forte
234 1472 311 1511 per
345 1461 524 1511 longum
559 1460 687 1510 hujus
727 1460 920 1511 regionis
961 1461 1188 1499 circuitum
1229 1460 1302 1498 vix
1342 1474 1453 1499 vnus
1493 1467 1566 1499 aut
1606 1462 1716 1500 alter

88 1531 225 1583 aptior
245 1532 517 1570 inveniretur
539 1532 751 1571 Societati
786 1537 965 1570 nostrae
987 1533 1097 1582 (laus
1121 1533 1411 1583 omnipotenti
1435 1533 1563 1582 Deo).
1589 1534 1717 1571 Plura

88 1616 281 1654 possem,
334 1604 472 1642 Pater
516 1604 711 1643 maltum
755 1605 1057 1651 obseruande,
1109 1604 1329 1655 sigillatim
1374 1605 1590 1652 scribere,
1638 1605 1715 1643 sed

88 1675 286 1726 quoniam
323 1687 375 1713 ea
402 1675 504 1713 talia
532 1675 626 1713 fere
658 1681 771 1722 sunt,
805 1676 947 1726 qualia
977 1675 1174 1726 quotidie
1205 1675 1258 1713 ad
1287 1680 1384 1713 tuas
1416 1688 1543 1714 aures
1574 1676 1715 1726 perfe-

89 1751 237 1784 runtur
264 1746 380 1785 facta
407 1747 426 1771 b
454 1746 614 1785 auxilio
646 1747 729 1784 Dei
750 1759 775 1784 a
806 1747 1006 1785 Patribus
1037 1746 1289 1794 societatis,
1324 1747 1525 1785 consulto
1548 1753 1716 1797 preter-

89 1818 225 1856 mitto.
273 1818 549 1856 Vale.Pridie
571 1818 778 1856 calendas
794 1819 983 1869 Januarii
1005 1832 1116 1857 anno
1140 1832 1164 1857 a
1184 1820 1259 1857 X.0
1280 1823 1383 1856 nato
1411 1827 1524 1867 1559.

165 1890 229 1927 Ex
257 1890 567 1929 commissione
596 1889 735 1928 Patris
770 1892 957 1929 rectoris
991 1891 1017 1928 ².
1056 1891 1175 1929 Tuus
1205 1891 1531 1942 indignissimus
1562 1903 1716 1930 seruus

87 1959 128 1998 in
148 1960 242 1999 Dno
251 1991 259 1999 .

1277 2017 1441 2056 GARSIA
1470 2020 1498 2054 ³.

163 2138 270 2177 Alia
312 2151 467 2177 manu.
515 2139 615 2187 1560
654 2139 876 2177 Ocannae.
922 2140 1099 2177 Latinae
1141 2139 1365 2188 Quadrim.
1409 2141 1474 2191 p.⁰
1508 2141 1711 2191 Januarii.

89 2210 341 2249 Emendata.

133 2384 153 2404 a
201 2385 291 2431 δερ.
314 2384 353 2420 in
373 2379 496 2420 dele‘t.
550 2385 616 2408 —b
639 2384 729 2431 Seq.
753 2385 845 2421 auxi
865 2385 989 2422 delet.

136 2542 145 2562 ¹
198 2541 260 2580 Cf.
283 2541 472 2586 CoLoss.‚
493 2541 561 2586 III,
581 2541 605 2578 9
619 2561 632 2566 -
650 2541 704 2578 10.

134 2600 147 2619 ²
196 2600 240 2637 P.
260 2601 439 2638 Didacus
460 2600 656 2638 Carrillo.

133 2660 147 2680 ³
197 2659 260 2698 Cf.
282 2661 384 2699 Lz'tt.
404 2660 653 2707 Quadrima„
677 2659 731 2703 V,
751 2660 832 2704 796,
854 2665 989 2697 annot.
1010 2660 1045 2698 2.
