1908 3446
0 1283 7 1506 *da-...wa

397 199 906 238 309.--CAESARAUGUSTA
935 200 958 236 8
985 199 1234 236 ΝονΕΜΒκιε
1266 199 1356 236 1559
1574 199 1643 235 379

72 302 281 348 cionatur,
312 313 499 351 eumque
530 300 584 338 ad
615 301 701 338 hoc
735 301 874 351 ipsum
906 300 1138 350 aliquoties
1168 300 1221 338 ad
1253 300 1448 339 diuersas
1480 301 1691 339 ecclesias

71 377 243 419 vocant,
269 377 316 410 et
336 371 511 422 quidem
533 372 753 422 plerisque
787 372 1063 422 applaudere
1085 380 1104 398 a
1121 373 1248 419 solet,
1284 377 1326 409 et
1354 385 1441 410 non
1469 373 1560 410 sine
1583 373 1693 409 fruc-

70 449 129 483 tu.
166 444 418 481 Doctrinam
454 442 729 481 christianam
770 444 969 481 omnibus
1000 443 1229 482 dominicis
1266 448 1309 481 et
1340 443 1508 481 festinis
1540 443 1694 481 diebus

70 514 239 566 quidam
262 527 316 552 ex
344 515 507 554 nostris
540 514 731 552 edocere
764 515 894 561 solet;
926 514 1272 565 grandioresque
1303 515 1415 552 inter
1446 527 1607 564 pueros
1640 513 1693 551 ad

70 588 153 626 hoc
175 586 432 624 exercitium
454 585 694 624 aduentare
716 584 933 633 videmus;
956 585 1073 635 quod
1096 586 1246 635 vtique
1269 599 1422 623 munus
1451 587 1519 623 Pr.
1548 590 1694 623 rector

71 672 164 698 cum
188 671 271 696 vno
294 658 428 695 fratre
452 657 660 707 suscepit,
694 663 825 708 atque
859 670 911 695 ex
945 657 1097 696 ordine
1120 657 1209 695 ΚΜ
1232 658 1339 695 Pris.
1364 657 1500 695 nostri
1522 656 1694 707 prouin-

71 730 187 770 cialis
209 728 361 778 aliquis
398 742 451 767 ex
483 728 680 767 Patribus
714 729 1000 767 continuabit.
1035 729 1210 767 Eisdem
1242 728 1397 767 diebus
1428 728 1574 767 diuina
1605 728 1695 766 offi-

71 802 149 849 cia,
174 800 346 838 missam
367 799 571 839 videlicet
593 801 627 847 b,
653 805 696 838 et
718 813 943 850 vesperaS‚
968 804 1182 839 consueto
1207 806 1250 838 et
1281 798 1463 850 simplici
1494 805 1598 838 tono
1622 799 1695 836 de-

72 877 308 919 cantamus3
332 884 443 921 quae
468 872 610 909 omnia
631 884 719 909 non
740 884 890 922 parum
912 872 1080 910 animos
1102 871 1295 910 fidelium
1317 870 1565 910 aedificant.

121 944 158 982 8.
216 943 301 980 Res
322 947 500 980 nostrae
523 955 599 992 per
632 942 803 980 Domini
833 942 1016 993 gratiam
1056 943 1097 980 in
1129 942 1441 992 tranquillitate
1474 947 1586 980 sunt.
1612 942 1694 979 De-

70 1013 188 1053 uotio
212 1018 255 1051 et
277 1025 398 1051 amor
430 1025 536 1064 erga
565 1013 838 1051 Societatem
868 1018 1063 1051 nostram
1096 1018 1138 1051 et
1160 1026 1241 1051 nos
1270 1013 1312 1051 in
1344 1013 1578 1051 multorum
1609 1013 1695 1050 ani-

70 1085 161 1133 mis,
182 1090 225 1123 et
243 1083 530 1123 commnniter
547 1084 659 1122 inter
676 1097 901 1134 procereS‚
923 1089 1209 1123 conseruatur
1229 1088 1272 1122 et
1290 1085 1465 1123 crescit.
1485 1084 1552 1122 Ad
1570 1085 1694 1135 perfi-

70 1156 251 1196 ciendan
275 1156 491 1195 ecclesiae
513 1161 690 1194 nostrae
713 1156 921 1194 fabricam
944 1156 1066 1194 multi
1083 1169 1164 1193 nos
1186 1156 1415 1194 beneuolis
1433 1156 1585 1194 animis
1607 1156 1695 1194 suis

72 1227 362 1277 eleemosynis
384 1228 609 1278 plusquam
634 1227 928 1266 mediocribus
950 1227 1227 1274 adiuuerunt,
1248 1226 1510 1278 maiorisque
1528 1227 1695 1265 adiuto-

70 1299 117 1348 rij
140 1298 193 1337 ad
215 1298 364 1337 debita
383 1298 678 1348 persoluenda
700 1310 799 1348 spes
820 1297 945 1337 nobis
968 1297 1069 1336 data
1091 1302 1172 1336 est.
1193 1297 1288 1336 Nec
1311 1296 1529 1336 minimam
1553 1311 1607 1336 ex
1629 1298 1694 1335 his

72 1370 267 1408 omnibus
289 1369 491 1408 fiduciam
514 1370 749 1420 concipere
777 1368 895 1416 licet,
920 1369 1038 1419 quod
1068 1374 1218 1407 nostra
1241 1370 1385 1407 omnia
1417 1370 1618 1408 foelicius
1653 1370 1693 1407 in

71 1441 162 1480 dies
182 1441 224 1480 in
255 1441 440 1480 Domino
473 1440 729 1479 succedent.
757 1440 887 1490 Quod
918 1445 963 1478 ut
995 1441 1064 1487 sit,
1102 1441 1143 1479 in
1176 1442 1463 1492 omnibusque
1485 1441 1538 1478 ad
1560 1441 1694 1490 majo-

70 1525 159 1551 rem
180 1513 353 1551 Domini
375 1513 558 1563 gloriam
579 1511 692 1550 filios
713 1525 794 1551 nos
811 1512 982 1563 dignos,
1002 1512 1336 1562 imitatoresque
1358 1518 1460 1551 tuae
1478 1513 1597 1551 R.d³e
1623 1525 1694 1563 pa-

70 1583 284 1622 ternitatis
307 1584 608 1631 exhibeamus,
628 1583 870 1634 fidelesque
889 1584 1064 1622 Domini
1086 1584 1322 1634 mjnistros,
1339 1598 1420 1623 nos
1437 1585 1657 1623 humiliter
1681 1592 1697 1609 0

72 1655 290 1694 sacrificiis
312 1655 472 1693 sanctis
496 1660 538 1693 et
561 1654 832 1693 orationibus
865 1654 1145 1693 paternitatis
1166 1660 1269 1693 tuae
1301 1654 1536 1694 admodum
1568 1655 1692 1694 Rdae

72 1726 441 1765 commendamus,
463 1728 843 1778 Caesaraugustae
868 1732 1027 1765 octauo
1054 1727 1125 1765 die
1147 1727 1414 1766 Nouembris
1440 1737 1554 1777 1559.

148 1798 348 1836 Minimus
369 1798 482 1836 filius
505 1803 605 1836 tuus
629 1804 673 1836 et
695 1811 850 1837 seruus
872 1798 913 1836 in
937 1798 1069 1838 Chro.

1428 1856 1456 1901 †

1290 1905 1537 1944 SANTACRUZ
1561 1907 1585 1944 ¹.

150 1957 314 2011 Sigillz·
332 1958 592 2011 vestigium.

115 2114 135 2134 a
183 2114 383 2152 assentiri.
438 2116 503 2140 —b
524 2115 701 2161 inquam.
757 2120 820 2140 —0
843 2114 936 2150 Del.
959 2114 1012 2151 in.

118 2270 127 2289 ¹
180 2269 243 2306 De
261 2282 339 2316 quo
358 2270 397 2306 in
415 2269 602 2315 catalogo
620 2269 786 2315 collegii
816 2269 1092 2317 majoricensis
1120 2270 1304 2306 exeuntis
1333 2270 1573 2307 Decembris
1608 2271 1698 2308 1565

73 2328 169 2366 haec
187 2329 384 2368 dicuntur:
406 2345 419 2359 ‹
432 2328 477 2365 El
498 2328 628 2365 Padre
644 2328 746 2376 joan
764 2328 951 2373 Cussoha,
972 2328 1074 2366 alias
1093 2328 1355 2375 Sanctacruc,
1374 2331 1535 2367 catalan
1550 2332 1598 2368 de
1616 2331 1695 2368 Cu-

73 2387 186 2432 bens,
202 2389 363 2435 quando
381 2393 498 2425 entro
518 2401 568 2425 en
588 2389 625 2425 la
647 2387 871 2435 Compafiia
891 2401 960 2425 era
981 2389 1221 2425 estudiante.
1248 2389 1373 2426 Entro
1392 2402 1443 2426 en
1469 2389 1698 2427 Barcelona

75 2459 123 2484 en
143 2449 180 2485 el
198 2454 275 2486 ano
294 2449 343 2486 de
365 2449 467 2493 1550,
488 2448 627 2485 siendo
645 2448 695 2486 de
715 2449 816 2484 edad
831 2449 881 2485 de
900 2448 944 2484 24
964 2453 1072 2486 anos.
1093 2448 1159 2491 Ha
1178 2449 1279 2496 oydo
1300 2451 1360 2486 las
1378 2456 1500 2495 artes,
1528 2464 1551 2496 y
1579 2451 1649 2487 dos
1676 2464 1698 2488 ο

73 2512 154 2544 tres
171 2513 268 2545 ahos
287 2509 336 2546 de
356 2509 575 2555 theologia.
597 2508 652 2545 Es
671 2509 879 2557 coadjutor
897 2508 1081 2556 spiritual
1102 2508 1293 2545 formado.
1318 2509 1420 2547 Hizo
1440 2510 1499 2547 los
1517 2515 1627 2547 votos
1647 2524 1697 2548 en

76 2565 309 2605 Valladolid
328 2580 422 2605 creo
440 2581 519 2615 que
548 2581 599 2605 en
624 2568 749 2615 poder
773 2569 837 2605 del
866 2575 926 2614 pfl
960 2567 1177 2606 Francisco
1203 2569 1477 2606 commissario
1508 2571 1694 2616 general.

75 2625 201 2664 Tiene
220 2628 407 2664 mediano
426 2628 625 2675 pulpito.»
647 2628 691 2665 In
711 2628 795 2665 cod.
818 2628 1007 2674 Aragon.
1028 2629 1091 2671 15,
1114 2628 1138 2665 f.
1161 2629 1205 2664 44
1225 2628 1349 2675 (prius
1367 2629 1425 2673 50,
1445 2629 1528 2675 405,
1549 2628 1636 2675 XI).
