1908 3446
234 192 304 229 812
700 196 885 233 LIT‘sERA
895 208 917 231 {⁴1
944 196 1007 242 Qu
1016 211 1036 232 A
1045 209 1299 236 DR1MEs'rREs

186 294 329 334 fructu
350 300 632 349 praelegitur.
656 301 787 339 Cuius
811 300 873 337 rei
895 308 1200 351 argumentum
1224 308 1373 352 potest
1395 317 1508 350 esse,
1526 306 1644 355 quod
1666 307 1807 357 singu—

186 366 211 403 li
233 369 489 417 patrimonia
522 384 598 408 sua
630 372 697 408 uel
730 371 811 408 alia
831 371 1053 420 quaelibet
1081 372 1208 410 huius
1240 375 1375 412 seculi
1406 375 1522 413 bona
1552 377 1809 415 tradiderint

188 439 467 479 obedientiae
497 442 650 479 iuditio
674 441 980 491 dispensanda,

238 521 276 558 4.
337 512 510 550 Nouum
541 513 645 550 illud
676 513 973 551 studiosorum
1006 527 1244 565 pauperum
1277 517 1513 566 collegium
1543 518 1641 565 iam,
1666 518 1810 557 diuina

186 582 419 622 clementia
439 597 515 634 per
538 586 581 623 S.
607 586 655 623 C.
682 586 735 622 M.
762 590 805 622 et
828 586 1032 623 sereniss.
1057 587 1261 638 principis
1291 589 1429 626 nostri
1461 594 1504 626 et
1525 590 1809 639 quorumdam

186 653 423 692 Bohemiae
459 667 692 705 procerum
728 656 1034 694 liberalitatem
1071 664 1298 707 operante,
1342 664 1556 706 erectum,
1598 660 1809 699 reditibus

184 736 272 762 non
303 725 473 776 exiguis
503 726 710 764 donatum
742 732 873 776 atque
905 733 1055 765 sancta
1085 728 1284 778 quadam,
1322 730 1484 768 nedum
1514 731 1716 779 honesta,
1750 733 1809 770 ui-

186 795 317 834 uendi
339 798 507 837 ratione
530 812 607 836 seu
637 799 789 848 politia
820 800 1106 838 constitutum
1138 806 1220 839 est.
1244 801 1411 839 Domus
1432 802 1538 852 ipsa,
1562 815 1689 853 quarn
1710 803 1811 842 huic

185 868 384 907 instituto
421 870 464 908 S.
505 872 552 909 C.
592 872 646 908 M.
690 881 763 908 120
797 871 976 909 thaleris
1011 871 1241 923 asignauit,
1273 878 1426 911 nostro
1464 875 1652 925 collegio
1683 875 1810 925 plane

186 940 417 978 coniuncta
453 945 533 987 est,
572 947 615 979 et
650 942 825 979 hortum
860 943 1215 981 amoenissimum
1244 944 1378 982 habet
1408 958 1641 985 annexum.
1675 947 1810 985 Pecu-

184 1010 297 1049 niam
328 1011 459 1050 modo
495 1018 688 1062 paratam
719 1013 852 1051 habet
883 1014 1093 1052 maiorem
1116 1021 1135 1039 ὃ
1155 1025 1233 1064 900
1261 1015 1455 1064 florenis,
1487 1017 1642 1066 quibus
1675 1019 1812 1068 prima

184 1082 393 1121 iaciantur
416 1083 711 1122 fundamenta.
731 1086 925 1135 Juuenes
946 1084 987 1122 in
1011 1099 1064 1124 eo
1097 1086 1180 1124 iam
1203 1086 1479 1126 selectissimi
1510 1094 1555 1127 et
1584 1088 1810 1140 singularis

185 1155 522 1204 expectationis,
548 1155 841 1194 Conuictores
869 1168 908 1195 11
937 1162 980 1194 et
1002 1170 1220 1208 pauperes
1239 1159 1280 1206 63
1302 1159 1425 1198 multi
1444 1172 1498 1197 ex
1520 1160 1601 1199 illis
1622 1161 1810 1209 nobiles3

183 1225 284 1274 quin
306 1226 391 1264 duo
416 1227 602 1273 Ernesti,
628 1227 750 1265 ducis
773 1228 983 1266 Bauariae
1006 1229 1098 1278 filij3
1124 1235 1167 1267 et
1198 1230 1402 1268 rhetores
1424 1240 1461 1279 5,
1485 1231 1557 1282 qui
1577 1233 1813 1283 praecipua

182 1298 360 1336 scholae
382 1304 559 1337 nostrae
578 1304 676 1337 sunt
697 1306 968 1348 ornamenta,
992 1306 1213 1339 strenuam
1231 1302 1369 1341 literis
1390 1315 1441 1341 ac
1462 1303 1613 1354 pietati
1633 1316 1810 1354 operam

183 1376 357 1408 nauant.
382 1370 526 1421 Atque
549 1376 596 1408 ut
617 1371 672 1409 de
696 1383 848 1409 eorum
869 1372 911 1410 in
942 1372 1078 1411 literis
1099 1373 1346 1424 profectum
1376 1374 1480 1412 nihil
1502 1374 1657 1423 dicam,
1681 1388 1811 1426 quan-

182 1445 269 1479 tam
292 1441 347 1479 de
383 1441 592 1492 spirituali
626 1443 801 1493 pietatis
836 1444 1109 1483 incremento
1145 1457 1196 1483 ac
1229 1445 1378 1484 foelici
1407 1445 1462 1484 ad
1481 1447 1552 1496 pie
1574 1446 1811 1485 uiuendum

183 1525 391 1551 successu
418 1526 540 1565 spem
575 1514 827 1562 habeamus,
862 1516 932 1553 uel
968 1516 1068 1554 hinc
1098 1516 1272 1555 abunde
1304 1523 1492 1566 constat,
1526 1518 1645 1569 quod
1674 1519 1717 1556 in
1745 1518 1811 1557 his

184 1585 313 1623 etiam
343 1585 490 1636 primis
511 1586 659 1635 initijs,
685 1587 1005 1626 consuetudine
1028 1589 1317 1627 saecularium
1339 1602 1508 1628 morum
1537 1595 1581 1628 et
1610 1591 1812 1630 iuuenilis

183 1657 449 1705 petulantiae
481 1656 660 1696 uixdum
692 1658 861 1706 relicta,
885 1659 971 1697 huc
991 1659 1192 1710 ingressi,
1217 1673 1294 1698 sua
1315 1666 1472 1711 sponte
1493 1661 1810 1713 propemodum

184 1740 336 1766 omnes
365 1729 544 1779 singulis
575 1728 864 1768 hebdomadis
887 1730 1194 1769 confiteantur.
1221 1732 1402 1771 Coeteri
1434 1745 1556 1780 uero,
1580 1733 1651 1783 qui
1686 1734 1811 1783 pauci

183 1804 281 1837 sunt
314 1805 358 1837 et
387 1799 574 1838 necdum
604 1804 769 1839 tantam
801 1801 1040 1840 confitendi
1076 1801 1362 1841 deuotionem
1392 1802 1600 1851 sentiunt,
1638 1804 1809 1843 decimo

182 1873 336 1920 quarto
360 1870 515 1909 saltem
537 1871 734 1921 quolibet
756 1871 843 1919 die,
867 1885 955 1910 non
988 1873 1181 1924 obligati,
1202 1874 1289 1912 imo
1321 1874 1394 1912 uix
1425 1875 1592 1923 moniti,
1624 1876 1812 1915 libenter

183 1954 234 1979 ac
256 1941 421 1980 deuote
442 1941 559 1980 idem
579 1947 818 1992 praestant.
843 1943 968 1982 Vnde
991 1944 1165 1995 quidam
1187 1957 1371 1996 magnae
1393 1945 1596 1996 profecto
1628 1947 1722 1998 spei
1750 1946 1811 1985 iu-

183 2014 306 2052 uenis
326 2014 494 2052 hussita
515 2014 577 2052 sic
597 2015 781 2052 aliorum
814 2015 1017 2066 exemplo
1040 2016 1222 2055 trahitur
1253 2017 1307 2055 ad
1329 2014 1643 2066 confitendum,
1668 2024 1715 2056 ut
1736 2031 1810 2057 ue-

182 2085 412 2123 hementer
444 2084 608 2132 doleat,
641 2086 843 2137 adeoque
879 2085 1114 2137 lachrymis
1148 2086 1348 2126 dolorem
1382 2089 1518 2126 semel
1552 2088 1809 2139 prodiderit,

181 2156 300 2207 quod
329 2169 417 2194 non
446 2162 599 2207 posset
630 2169 727 2195 cum
749 2158 845 2207 alijs
867 2158 1085 2206 confiteri,
1109 2158 1164 2197 de
1185 2172 1271 2209 quo
1294 2159 1527 2210 diligenter
1558 2160 1689 2198 etiam
1721 2161 1812 2212 egit

183 2241 280 2267 cum
298 2229 346 2266 R.
372 2229 418 2266 P.
443 2228 649 2267 Rectore.
675 2229 853 2276 Verum,
877 2230 1074 2280 quamuis
1094 2243 1202 2281 puer
1222 2230 1265 2268 in
1286 2230 1357 2281 pio
1379 2230 1600 2270 desiderio
1634 2231 1688 2270 sit
1710 2245 1811 2271 con-

179 2300 392 2347 firmatus3
414 2299 607 2338 nondum
630 2305 776 2338 tamen
799 2301 855 2338 ob
876 2300 1051 2339 nimiam
1073 2314 1125 2340 ac
1146 2300 1400 2340 seditiosam
1429 2308 1675 2354 parentum,
1699 2316 1809 2354 quae

181 2370 373 2418 timetur,
410 2370 771 2422 indignationem,
810 2373 902 2411 uoti
938 2385 1120 2423 compos
1153 2372 1249 2411 fieri
1282 2374 1440 2424 potuit.
1479 2375 1661 2412 Matrem
1697 2373 1811 2413 enim

184 2441 400 2480 eiusmodi
430 2442 579 2489 habet,
603 2455 714 2493 quae
748 2442 874 2481 nimis
904 2445 947 2482 in
977 2443 1165 2482 filiorum
1185 2445 1425 2495 perniciem
1456 2445 1641 2493 solicita,
1664 2458 1720 2484 ne
1751 2445 1811 2484 di-

182 2527 276 2552 cam
299 2513 503 2561 crudelis,
529 2519 573 2551 et
602 2514 729 2552 nobis
753 2520 969 2565 perpetuo
991 2516 1181 2554 inculcat
1210 2529 1265 2554 ne
1286 2528 1469 2566 puerum
1491 2516 1758 2555 abducamus
1787 2531 1812 2556 a

180 2586 488 2624 communione
510 2584 757 2633 bohemica,
783 2592 827 2625 et
848 2587 927 2637 ipsi
949 2599 1087 2637 puero
1110 2593 1298 2626 mortem
1320 2588 1391 2626 uel
1421 2588 1503 2626 alia
1522 2589 1717 2639 pericula
1737 2590 1810 2627 mi-

180 2662 322 2704 natur,
347 2656 382 2695 si
402 2657 533 2695 fuerit
556 2657 817 2695 catholicam
839 2659 1194 2697 communionem
1215 2660 1456 2709 amplexus.

237 2737 274 2777 5.
335 2728 522 2767 Scholae
553 2733 730 2766 nostrae
755 2730 918 2767 classes
951 2742 1103 2768 omnes
1124 2730 1301 2781 pietatis
1331 2742 1382 2768 ac
1411 2731 1633 2769 literarum
1655 2731 1811 2781 studijs

182 2800 335 2838 mirum
365 2800 407 2838 in
437 2799 630 2847 modum,
654 2801 777 2850 quasi
809 2801 1009 2839 certatim
1038 2807 1256 2840 crescunt.
1282 2802 1336 2839 Et
1362 2802 1475 2840 inter
1502 2801 1585 2840 alia
1611 2815 1809 2853 magnam

181 2871 285 2910 illud
306 2871 671 2922 praeceptoribus
701 2871 843 2910 adfert
865 2872 1230 2920 consolationem,
1254 2872 1372 2923 quod
1400 2885 1478 2911 eos
1503 2873 1586 2911 iam
1616 2873 1809 2925 insignes

227 3008 246 3027 ἃ
296 3008 448 3046 Praec.
472 3018 510 3045 v.
533 3013 669 3054 supra
692 3018 801 3044 vers.
824 3008 919 3045 ead.
944 3006 1098 3054 marku,
1119 3008 1257 3046 deleto
1275 3010 1377 3056 plus.
