1908 3446
614 193 901 232 225.—GENUA
937 193 960 231 6
991 194 1086 240 JAN.
1122 194 1211 230 1539
1636 197 1682 234 23

150 295 187 334 6.
250 294 382 345 Quod
403 293 456 332 ad
477 294 750 345 gymnasium
778 298 974 331 nostrum
996 293 1167 339 attinet,
1199 292 1309 330 scias
1341 293 1471 330 velim
1494 293 1728 344 discipulos

99 379 249 404 omnes
271 365 343 415 qui
365 366 443 402 sub
465 369 614 402 nostra
636 363 861 414 disciplina
883 362 1110 402 erudiendi
1131 363 1276 400 traditi
1304 367 1416 409 sunt,
1447 364 1518 414 qui
1554 374 1625 411 170
1654 365 1728 401 irn-

97 436 215 487 plent
249 448 492 482 numerum,
531 435 571 472 in
601 439 788 484 quatuor
811 435 973 472 classes
1005 434 1191 472 diuissos
1229 446 1342 481 esse,
1367 435 1521 484 quibus
1543 440 1727 485 quatuor

95 512 301 558 praesunt
323 510 653 557 praeceptores.
678 506 744 542 De
766 517 949 555 quorum
972 517 1075 542 cura
1098 510 1141 542 et
1162 504 1361 555 flagranti
1389 517 1538 542 amore
1571 505 1613 542 in
1648 505 1728 542 illis

97 577 346 616 erudiendis
368 577 516 615 dicere
539 589 915 627 superuacaneum
938 575 1057 623 duxi;
1088 577 1174 614 hoc
1205 581 1326 614 certe
1348 590 1434 614 vno
1458 584 1474 600 ἢ
1499 577 1568 614 vel
1596 577 1726 614 maxi-

96 662 164 687 me
186 650 372 700 perspici
403 661 534 700 posse
558 661 710 686 eorum
745 647 999 686 industriam
1029 647 1296 695 existimans,
1321 647 1438 698 quod
1474 660 1655 698 magnos
1689 648 1724 685 iu

97 719 204 767 dies,
243 733 339 759 curn
372 721 523 767 literis,
559 725 649 757 tum
671 719 864 757 moribus
886 719 1017 757 etiam
1038 731 1298 769 progressus
1321 718 1519 768 discipuli
1540 720 1559 743 b
1582 719 1727 757 facere

96 792 314 831 videntur.
339 792 529 843 Singulis
552 790 682 829 etiam
714 791 936 829 mensibus
957 795 1141 841 peccata
1161 790 1321 828 nostris
1343 790 1647 828 sacerdotibus
1669 791 1728 827 in-

95 867 222 914 tegre
243 863 457 913 aperiunt,
484 868 527 900 et
549 863 735 913 genibus
765 862 892 900 flexis
914 862 966 900 ab
988 861 1158 899 illorum
1181 860 1435 911 parentibus
1458 860 1630 899 veniam
1652 862 1726 898 liu-

95 935 253 972 militer
274 939 475 985 poscunt,
500 934 761 985 pollicentes
783 946 830 971 se
852 933 894 971 in
914 938 1141 984 posterum
1163 931 1464 983 diligentiores
1492 933 1661 970 futuros
1685 936 1727 970 et

95 1006 351 1055 paratiores,
377 1010 424 1042 ut
444 1006 562 1043 laeto
585 1005 728 1043 animo
751 1002 955 1055 quicquid
976 1003 1145 1054 negotii
1161 1009 1234 1041 aut
1257 1004 1403 1041 oneris
1424 1003 1505 1041 sibi
1534 1004 1725 1053 impona-

94 1082 177 1124 tur,
204 1077 325 1114 obire
346 1076 530 1127 possint.
557 1074 687 1126 Quod
708 1080 912 1126 quantam
934 1075 1089 1113 afferat
1113 1079 1155 1112 et
1178 1073 1509 1112 admirationem
1530 1073 1724 1124 patribus

95 1153 138 1187 et
159 1147 367 1186 laetitiam
389 1160 476 1185 non
497 1147 624 1186 facile
647 1147 767 1186 dictu
785 1152 866 1185 est.
891 1146 1017 1184 Adde
1042 1146 1286 1184 orationem
1303 1159 1431 1184 vnam
1449 1151 1523 1183 aut
1544 1147 1724 1184 alteram

96 1219 274 1270 singulis
296 1218 518 1257 mensibus
538 1219 691 1257 haberi
712 1219 765 1256 ab
787 1230 873 1256 vno
899 1230 953 1255 ex
975 1217 1196 1268 discipulis
1218 1217 1259 1255 in
1281 1217 1392 1255 aede
1414 1217 1605 1268 Virginis
1641 1219 1725 1255 Ma-

93 1291 169 1329 tris
189 1294 288 1341 post
310 1290 565 1337 lectionem,
590 1290 644 1328 de
667 1289 869 1328 doctrina
890 1289 1138 1336 christiana,
1164 1289 1235 1326 vel
1262 1287 1404 1339 aliqua
1433 1287 1515 1326 alia
1536 1288 1591 1326 de
1613 1301 1659 1326 re
1684 1294 1726 1326 et

93 1361 238 1414 pueris
274 1367 317 1400 et
354 1362 447 1400 aliis
480 1361 625 1408 etiam,
662 1360 735 1411 qui
763 1360 994 1407 intersunt,
1032 1358 1425 1406 accommodatam;
1448 1372 1560 1409 quae
1584 1359 1727 1397 omnia

91 1433 215 1481 fiunt,
254 1439 300 1472 ut
334 1433 473 1484 magis
503 1431 815 1484 discipulorum
850 1431 980 1470 animi
1014 1432 1068 1470 ad
1101 1430 1250 1469 literas
1286 1431 1578 1482 capessendas
1610 1431 1725 1469 exci-

93 1508 254 1543 tentur.

144 1585 180 1625 7.
240 1573 349 1613 Illud
386 1580 509 1614 certe
541 1574 714 1613 silentio
745 1588 833 1613 non
865 1575 1228 1625 praetermittam,
1252 1574 1371 1625 quod
1400 1574 1442 1612 in
1476 1579 1725 1612 nostrorum

91 1645 332 1685 studiorum
356 1645 736 1698 redintegratione
764 1646 850 1685 hoc
871 1658 983 1684 anno
1007 1659 1105 1684 cum
1136 1659 1293 1697 magna
1314 1645 1448 1684 totius
1478 1658 1591 1696 pene
1624 1645 1726 1684 ciui-

91 1719 190 1756 tatis
212 1718 500 1757 admiratione
530 1718 740 1757 effectum
773 1722 855 1756 est.
880 1718 1252 1756 Adolescentulus
1273 1718 1448 1769 quidam
1480 1731 1535 1756 ex
1565 1719 1726 1756 nostris

91 1790 327 1841 discipuliS,
351 1789 572 1828 nobilibus
595 1794 716 1827 ortus
737 1788 1005 1840 parentibus,
1030 1802 1117 1827 non
1146 1788 1282 1827 maior
1304 1802 1431 1839 quam
1462 1801 1624 1827 nouem
1655 1802 1725 1827 an-

91 1874 259 1908 norum,
292 1861 558 1899 luculentam
574 1860 726 1899 habuit
744 1860 989 1898 orationem
1007 1860 1062 1898 de
1084 1860 1363 1911 prouidentia
1381 1861 1462 1898 Dei
1479 1860 1520 1897 in
1543 1861 1594 1898 D.
1617 1862 1722 1898 Lau-

92 1932 219 1971 rentii
238 1933 406 1984 templo
429 1932 565 1983 (quod
597 1945 810 1970 summum
843 1944 941 1970 esse
971 1932 1014 1970 in
1044 1933 1127 1970 hac
1148 1933 1256 1969 urbe
1287 1937 1361 1969 tua
1389 1932 1629 1982 paternitas
1651 1945 1726 1970 no-

92 2005 186 2055 uit),
219 2009 340 2043 tanta
375 2010 420 2042 et
441 2008 594 2055 gestus
615 2007 850 2042 venustate
883 2007 926 2041 et
962 2004 1180 2042 suauitate
1214 2003 1353 2051 uocis,
1380 2007 1425 2040 ut
1449 2016 1601 2042 omnes
1632 2003 1725 2041 fere

95 2077 224 2115 etiam
246 2076 536 2123 detractores,
561 2075 596 2113 si
617 2075 689 2126 qui
705 2081 819 2122 sunt,
843 2075 916 2126 qui
937 2079 1085 2113 tamen
1104 2076 1233 2125 pauci
1254 2078 1369 2122 sunt,
1392 2074 1640 2126 paedagogi
1666 2073 1726 2112 ni-

93 2148 245 2186 mirum
273 2153 317 2186 et
347 2146 557 2199 magistri,
581 2146 623 2184 in
653 2147 884 2185 maximam
915 2146 1107 2197 rapuerit
1137 2145 1485 2185 admirationem.
1511 2146 1597 2196 Qui
1627 2158 1725 2184 cum

94 2220 319 2271 eleganter
351 2224 396 2257 et
430 2217 675 2269 composite
705 2222 972 2268 perorasset,
1003 2218 1185 2256 Illmum.
1216 2216 1373 2256 ducem
1393 2221 1400 2239 ¹
1422 2222 1465 2255 et
1496 2222 1725 2256 senatores

91 2291 181 2342 (qui
200 2291 456 2342 frequentes
478 2295 793 2337 conuenerant,
818 2295 939 2328 tanta
965 2302 1045 2328 nos
1066 2294 1390 2340 prosequuntur
1411 2288 1726 2328 beneuolentia

92 2367 136 2400 et
156 2361 444 2411 humanitate)
475 2362 713 2399 exhortans
736 2366 798 2408 ut,
822 2359 877 2399 ad
906 2360 1196 2399 imitationem
1226 2360 1310 2399 Dei
1345 2360 1496 2412 optimi
1530 2361 1722 2407 maximi,

91 2445 202 2484 quae
223 2432 278 2470 ad
298 2433 424 2470 huius
447 2431 636 2471 ciuitatis
666 2431 872 2470 foelicem
894 2431 1315 2470 administrationem
1344 2432 1567 2482 pertinere
1602 2431 1724 2469 vide-

93 2503 263 2551 bantur,
287 2503 508 2554 sapienter
542 2502 845 2552 prouiderent3
883 2506 926 2540 et
961 2515 1073 2553 quae
1104 2502 1158 2541 ad
1181 2508 1484 2541 ornamentum
1505 2508 1721 2554 spectant,

94 2579 414 2626 compararent3
433 2574 623 2613 surrexit
639 2573 785 2612 statim
802 2572 1039 2625 discipulus
1060 2574 1186 2622 alter,
1209 2574 1349 2613 minor
1366 2573 1542 2625 quidem
1565 2579 1609 2612 et
1631 2586 1724 2612 cor-

138 2758 157 2778 a
208 2759 351 2806 Super
367 2764 480 2797 certe
500 2762 564 2797 est
580 2760 728 2797 littera
745 2758 770 2796 b
789 2759 837 2796 in
854 2768 935 2796 ms.
958 2762 1000 2796 et
1014 2763 1148 2805 super
1166 2771 1245 2796 vno
1264 2759 1411 2797 littera
1430 2772 1466 2796 a.

137 2819 158 2845 b
194 2818 347 2856 Praec.
367 2830 408 2856 v.
427 2823 566 2866 supra
585 2829 694 2857 verS.

145 3009 153 3029 ¹
204 3007 352 3046 Petrus
365 3007 545 3056 Joannes
564 3008 750 3057 Ciavega
769 3008 886 3047 Cibo.
