2095 3623
577 294 904 333 224-—C020N1A
929 294 952 331 6
974 293 1069 341 JAN.
1102 294 1191 330 1559
1611 296 1651 333 13

72 391 280 441 socioque
317 390 397 429 sibi
426 391 648 438 adiuncto,
673 389 940 442 egrediatur,
979 394 1113 441 vtque
1150 394 1277 428 orent
1303 395 1388 427 tarn
1421 403 1545 428 mane
1573 404 1700 441 quam

70 462 244 512 vesperi
267 466 309 500 et
331 463 373 500 in
395 476 518 501 sacro
542 463 611 500 cui
631 462 827 513 quotidie
852 475 1004 500 omnes
1027 461 1218 508 omnino,
1250 459 1380 498 etiam
1413 462 1585 499 externi
1616 467 1702 499 stu—

69 532 194 580 diosi,
218 534 434 571 interesse
457 540 687 585 coguntur.
714 534 835 572 Multi
855 534 969 571 fama
989 535 1133 572 bonae
1154 534 1440 572 institutionis
1467 533 1593 571 huius
1616 534 1702 572 col-

67 605 171 655 legii
192 605 394 654 permoti,
417 605 529 642 filios
551 618 654 643 suos
675 605 790 655 apud
811 618 890 643 nos
913 606 1133 644 collocare
1155 605 1364 652 nituntur,
1390 605 1521 642 etiam
1548 604 1703 654 prima-

68 675 117 712 rii
137 675 322 723 nobiles,
346 676 458 713 inter
480 689 590 726 quos
614 682 681 713 est
703 688 854 714 comes
876 676 931 714 de
955 676 1099 714 Moers
1121 676 1163 714 in
1186 675 1350 722 Gelria,
1382 675 1476 726 regi
1506 674 1701 725 Philippo

68 759 92 784 a
113 746 303 784 consiliis
327 748 353 794 1;
377 753 421 785 et
442 748 549 785 alius
571 746 744 798 quidam
766 748 984 785 rhenanus
1006 760 1170 786 comes.
1196 748 1293 786 Duo
1315 751 1548 797 praeterea
1578 747 1703 783 baro-

68 829 147 854 nes
178 816 233 854 de
265 818 560 869 Krechnigen.
595 819 767 856 Vtinam
800 819 990 857 omnium
1024 817 1323 870 expectationi
1353 817 1501 856 facere
1533 816 1637 854 satis
1659 817 1704 853 li-

69 894 207 927 ceret.
232 892 389 927 Sumus
412 890 525 927 enim
549 902 701 927 omnes
723 890 816 928 fere
838 891 1038 938 iuuenes3
1072 903 1225 928 verum
1254 902 1342 927 non
1372 889 1559 927 hominis
1595 889 1707 925 haec

69 972 203 1011 opera
233 966 346 1008 sunt,
379 961 458 999 sed
489 962 586 1008 Dei,
610 962 683 1012 qui
706 962 836 1000 etiam
858 975 936 1012 per
958 962 1090 1000 rudes
1112 961 1277 1012 aliquot
1298 961 1543 1011 piscatores
1563 964 1702 997 totum

69 1034 220 1071 orbem
241 1032 344 1070 fidei
364 1031 466 1083 iugo
489 1035 613 1072 nouit
633 1034 867 1081 subiicere,
892 1039 936 1072 et
959 1046 1013 1071 ex
1037 1046 1114 1072 ore
1136 1033 1362 1071 infantium
1384 1037 1515 1081 atque
1543 1031 1705 1069 lacten-

68 1104 174 1142 tium
196 1104 347 1142 laudes
370 1104 581 1155 colligere
604 1108 631 1143 ².
662 1106 842 1144 Vestras
875 1106 1098 1143 orationes
1130 1104 1307 1143 summis
1339 1103 1454 1141 votis
1485 1102 1706 1141 desidera-

69 1189 178 1222 mus,
202 1188 313 1227 quae
334 1175 461 1214 nobis
483 1175 675 1215 diuinum
698 1176 937 1215 subsidium
958 1177 1208 1227 implorent.

121 1257 159 1294 3.
220 1247 287 1285 Ad
324 1253 533 1286 externos
567 1260 697 1298 porro
733 1254 909 1286 nostros
940 1248 1177 1298 discipulos
1208 1247 1486 1294 accedamus,
1519 1258 1703 1297 quorum

68 1322 156 1356 tam
186 1319 352 1369 amplus
376 1323 442 1357 est
463 1333 669 1358 numerus
699 1326 747 1358 vt
768 1320 919 1358 schola
939 1319 1013 1357 vix
1035 1320 1122 1358 vlla
1152 1332 1255 1358 suos
1278 1319 1515 1370 discipulos
1546 1318 1702 1368 capiat,

70 1394 200 1440 atque
223 1389 277 1427 de
300 1390 503 1441 augendo
525 1391 625 1429 loco
648 1391 702 1428 sit
725 1390 976 1441 aliquando
999 1389 1298 1442 cogitandum,
1320 1390 1368 1428 fit
1391 1388 1505 1427 enim
1527 1394 1574 1427 vt
1603 1400 1704 1426 eun-

71 1461 170 1499 dem
199 1467 508 1513 preceptorem
540 1462 714 1501 circiter
741 1463 814 1502 160
834 1461 1011 1501 audiant
1027 1475 1352 1513 nonnunquam,
1379 1466 1534 1512 estque
1566 1460 1704 1498 selec-

72 1533 236 1571 tissima
255 1533 475 1582 iuuentus,
495 1534 667 1584 qualem
688 1535 731 1572 in
765 1533 892 1573 nullis
928 1533 1127 1585 collegiis
1154 1534 1368 1572 hactenus
1390 1545 1578 1582 vnquam
1599 1529 1704 1578 vidi3

70 1617 168 1643 nam
190 1604 262 1656 qui
282 1605 381 1643 mali
401 1610 515 1653 sunt,
541 1610 584 1643 et
611 1619 692 1644 nos
715 1611 759 1644 et
786 1606 1045 1655 jesuitarum
1076 1606 1313 1656 collegium
1343 1606 1409 1655 (vt
1430 1604 1610 1650 vocant)
1640 1615 1705 1641 re-

70 1675 256 1727 fugiunt,
294 1689 380 1714 non
414 1677 611 1715 ferentes
645 1677 771 1728 leges
806 1676 962 1728 quibus
993 1677 1047 1715 ad
1082 1676 1353 1728 diligentiam
1388 1677 1705 1727 astringuntur,

70 1760 155 1798 quo
177 1748 239 1795 fit,
264 1753 310 1785 vt
332 1748 473 1786 nullus
505 1749 789 1800 obstreperus
817 1748 888 1786 vel
918 1753 1151 1799 proteruus
1181 1754 1359 1786 nostrae
1382 1747 1636 1798 disciplinae
1658 1759 1705 1784 se

70 1817 225 1866 tradat,
250 1819 329 1857 sed
358 1820 551 1871 quisquis
581 1820 804 1859 studiosus
827 1825 870 1858 et
900 1825 1238 1871 praeceptorum
1261 1832 1437 1858 suorum
1467 1824 1534 1857 est
1557 1819 1706 1857 obser-

70 1895 210 1928 uator.
234 1891 370 1941 Igitur
393 1896 437 1929 et
465 1891 787 1930 numerositate
809 1891 1121 1942 discipulorum
1150 1890 1353 1929 existimo
1385 1891 1469 1929 iam
1499 1902 1579 1928 nos
1610 1888 1706 1927 reli-

70 1974 154 2012 qua
174 1963 399 2013 gymnasia
414 1976 623 2014 superare
646 1968 689 2002 et
712 1964 953 2002 eorundem
971 1963 1214 2015 diligentia3
1232 1964 1267 2001 si
1285 1964 1417 2002 etiam
1435 1963 1489 2002 de
1506 1963 1706 2002 nobilita—

72 2039 115 2071 te
136 2034 341 2083 loquaris,
365 2035 658 2074 nobilissimos
680 2035 750 2074 hic
771 2036 1082 2075 adolescentes
1104 2036 1257 2075 videre
1288 2036 1435 2084 liceat;
1459 2037 1495 2074 si
1525 2036 1580 2074 de
1604 2036 1705 2075 dili-

69 2104 230 2156 gentvia
264 2107 304 2144 et
334 2105 576 2144 studiorum
607 2119 773 2154 amore,
810 2107 937 2158 plane
970 2111 1143 2146 constat
1177 2111 1354 2145 nostros
1389 2107 1535 2145 multis
1566 2107 1706 2146 modis

73 2175 250 2214 aliarum
284 2177 512 2216 bursarum
542 2177 779 2228 discipulos
810 2179 996 2226 anteire,
1027 2177 1146 2229 quod
1176 2179 1247 2216 vel
1283 2179 1369 2217 hoc
1398 2183 1705 2229 argumentum

73 2246 266 2295 docebit,
290 2248 408 2298 quod
428 2248 581 2286 illimet
602 2262 626 2286 a
647 2249 734 2287 suis
756 2249 837 2288 sibi
858 2249 1221 2300 praeceptoribus
1242 2250 1427 2288 mulctas
1448 2249 1611 2301 imponi
1634 2263 1704 2288 cu-

72 2318 207 2368 piunt,
232 2318 267 2355 si
286 2319 567 2376 negligentes
588 2320 763 2358 fuerint.
789 2320 1019 2359 Dialectici
1041 2321 1155 2359 enim
1177 2321 1250 2371 qui
1270 2320 1374 2359 mihi
1394 2320 1439 2358 in·
1466 2321 1581 2359 festo
1605 2321 1705 2359 Om-

73 2388 188 2427 nium
218 2377 479 2429 Sanctor'um
510 2391 739 2430 erudiendi
767 2391 915 2430 traditi
936 2398 1050 2440 sunt,
1082 2405 1266 2432 numero
1296 2393 1470 2431 circiter
1492 2403 1558 2442 34,
1588 2406 1705 2444 mag-

73 2472 155 2498 nae
177 2461 497 2513 expectationis
518 2463 717 2511 iuuenes,
737 2464 875 2514 prima
890 2464 1083 2502 lectione
1102 2464 1356 2502 schedulam
1374 2464 1477 2502 mihi
1498 2465 1541 2502 in
1558 2466 1705 2503 cathe-

75 2531 151 2570 dra
170 2539 423 2583 posuerant,
442 2547 526 2585 qua
542 2534 824 2573 declarabant
842 2548 890 2573 se
907 2535 1162 2573 desiderare
1180 2536 1444 2586 quicumque
1467 2549 1492 2574 a
1512 2535 1705 2575 lectione

75 2603 252 2641 abesset
285 2605 311 2643 6
345 2605 486 2644 obolis
517 2607 816 2653 mulctaretur,
854 2607 928 2657 qui
958 2619 1065 2645 vero
1102 2620 1126 2645 a
1146 2606 1515 2658 disputationibus
1537 2607 1705 2646 dierum

76 2675 249 2714 veneris
285 2682 330 2714 et
362 2677 491 2715 lunae
526 2679 564 2716 8.
603 2678 771 2716 Placuit
806 2677 910 2716 mihi
939 2679 1002 2727 (et
1034 2678 1213 2728 merito)
1244 2683 1413 2717 tantum
1445 2691 1596 2717 eorum
1619 2684 1706 2717 stu-

76 2745 207 2785 dendi
241 2753 285 2785 et
319 2748 573 2800 diligentiae
604 2748 886 2797 desiderium,
919 2762 1074 2788 verum
1105 2750 1268 2788 mulcta
1301 2763 1443 2801 aequo
1474 2749 1706 2789 videbatur

76 2817 226 2866 maior,
243 2818 391 2858 satius
407 2822 558 2860 autem
578 2833 683 2869 esse,
702 2823 747 2859 vt
764 2821 842 2872 qm'
859 2834 887 2859 a
903 2820 1171 2861 lectionibus
1189 2821 1372 2869 abesset,
1393 2823 1611 2872 quantor,-
1629 2821 1709 2872 qui

125 3045 135 3064 ¹
187 3044 336 3083 Comes
355 3045 670 3094 Christophorus
688 3047 737 3084 de
758 3047 908 3084 Moers.
931 3046 994 3085 Cf.
1016 3046 1207 3092 HANSEN,
1227 3049 1253 3085 1.
1275 3060 1325 3092 c.‚
1345 3047 1428 3085 327.

125 3104 138 3123 ²
189 3104 252 3142 Cf.
274 3104 339 3142 Ps.
364 3105 474 3149 VIII,
493 3106 528 3152 3;
549 3106 736 3152 ΜΑΤΤΗ.,
757 3105 873 3152 ΧΧΙ,
897 3106 952 3152 15,
977 3106 1032 3144 16.
