1908 3446
246 251 315 288 350
735 254 953 306 LITTERAE
980 256 1337 301 QUADRIMESTRES

961 463 1061 513 301

585 605 1033 663 JOSEPHUS
1084 608 1435 654 ACOSTA

661 748 836 774 sacovm
870 739 912 776 15
936 749 1188 776 SEPTEMBRIS
1218 740 1308 777 1559
1337 742 1360 777 ¹.

200 857 229 893 1.
258 854 497 893 Communi
527 855 694 895 civium
726 856 1029 896 benevolentia
1060 861 1099 897 et
1129 858 1405 898 liberalitate
1438 860 1554 899 socii
1586 862 1817 913 excepti.—

275 920 313 959 2.
340 922 519 959 Horum
541 934 772 961 nmnerus.
806 923 1035 962 Valetudo.
1062 924 1267 963 Rectoris
1283 925 1528 965 contiones.
1554 926 1821 966 Sacramen-

276 988 428 1025 torum
441 986 724 1037 frequentia.
744 988 952 1040 Aegroti‚
970 989 1253 1028 xenodochia
1270 990 1474 1030 visitata.
1488 991 1573 1031 —3.
1597 993 1821 1032 Doctrina

274 1051 532 1090 christiana
546 1055 627 1103 per
648 1053 769 1091 vicos
790 1056 829 1092 et
845 1055 1024 1104 plateas
1051 1057 1308 1103 decantata,
1344 1055 1389 1094 in
1422 1057 1601 1107 templis
1631 1058 1821 1108 explica-

274 1117 434 1156 tur-4.
460 1117 737 1157 scholarum
762 1118 912 1167 initia,
937 1120 1146 1160 oratio-ne
1169 1120 1215 1159 in
1237 1122 1398 1172 templo
1421 1122 1623 1162 maximo
1646 1123 1818 1172 habita,

274 1184 580 1222 colionestata.
617 1184 844 1224 Classiam
874 1184 1071 1225 ordine&
1106 1186 1451 1237 Discipulorum
1472 1201 1705 1227 nanterus.
1732 1190 1821 1228 Lit-

271 1249 474 1289 terariae
494 1249 853 1289 exercitationes.
876 1251 1024 1290 Mores
1044 1252 1282 1291 emendati.

250 1385 282 1412 Ι.
342 1377 370 1425 †
401 1374 484 1413 Ihs.
510 1374 756 1413 Admodum
780 1375 875 1414 R.de
906 1377 1035 1414 Pater
1056 1377 1097 1414 in
1121 1378 1253 1416 Chro.
1280 1378 1368 1416 Pax
1391 1378 1458 1416 Χ.ἰ
1485 1379 1595 1417 Cum
1618 1378 1672 1417 sit
1693 1380 1818 1417 nobis

191 1457 266 1494 per
304 1458 402 1483 eum
438 1446 655 1484 scribendi
692 1447 876 1485 facultas
914 1448 1075 1494 oblata,
1115 1448 1252 1487 Pater
1284 1450 1530 1488 admodum
1561 1453 1815 1497 remerenda

191 1517 261 1567 qui
284 1522 529 1555 nostrarum
550 1530 664 1568 pene
689 1519 878 1557 omnium
901 1531 1046 1557 rerum
1077 1532 1164 1557 non
1198 1520 1335 1558 solum
1369 1520 1461 1571 ipse
1493 1521 1635 1569 testis,
1668 1534 1816 1560 verum

192 1601 349 1640 magna
372 1602 425 1627 ex
456 1596 580 1640 parte
611 1590 689 1628 fuit
712 1590 886 1629 adiutor
918 1596 961 1628 et
990 1591 1229 1641 particeps3
1260 1605 1347 1630 non
1378 1592 1564 1631 arbitror
1594 1593 1818 1643 longiores

190 1661 339 1698 literas
369 1673 393 1698 a
423 1673 492 1699 me
522 1662 614 1711 peti
644 1661 698 1700 de
730 1662 782 1711 ijs
804 1675 916 1713 quae
948 1675 1002 1700 ex
1034 1663 1312 1714 perfamiliari
1348 1663 1474 1702 nobis
1507 1666 1557 1703 D.
1594 1664 1816 1703 Ludouico

191 1732 404 1771 Mendoza
434 1739 446 1758 ‘2
478 1739 520 1771 et
551 1734 720 1784 plenius
751 1746 1000 1785 cognosces
1032 1740 1076 1772 et
1108 1735 1293 1782 certius3
1325 1735 1419 1783 sed,
1452 1742 1499 1774 ut
1521 1737 1568 1775 P.
1593 1737 1778 1775 rectoris
1807 1740 1819 1759 ³

188 1809 427 1855 praecepto
449 1817 639 1856 paream,
664 1818 775 1856 quae
797 1806 838 1843 in
860 1811 1052 1844 mentem
1075 1807 1294 1853 venerint,
1314 1819 1441 1857 quam
1464 1807 1723 1846 breuissime
1747 1820 1817 1845 ex-

187 1875 374 1924 plicabo.
412 1877 456 1914 In
492 1875 727 1927 primisque
762 1876 867 1914 illud
904 1877 1024 1923 satis,
1062 1882 1109 1915 ut
1133 1877 1306 1925 sentio,
1344 1877 1494 1915 dicere
1521 1891 1607 1916 non
1629 1891 1816 1928 possum,

187 1952 372 1996 quantus
393 1948 435 1985 in
472 1948 553 1986 hac
578 1948 682 1985 urbe
705 1948 929 1986 hominum
955 1960 1197 1987 consensus
1221 1954 1264 1986 et
1287 1949 1601 1987 beneuolentia
1622 1949 1816 1987 instituta

186 2024 363 2056 nostrae
386 2019 622 2058 Societatis
645 2020 888 2070 exceperit,
913 2019 1026 2057 adeo
1051 2024 1096 2058 ut
1119 2033 1215 2059 cum
1242 2020 1506 2071 reliquorum
1530 2021 1815 2072 collegiorum

189 2090 477 2137 meminerim,
501 2090 571 2127 ubi
595 2090 666 2128 uel
690 2096 810 2129 tanto
833 2091 986 2129 fauore
1010 2104 1061 2130 ac
1085 2092 1229 2130 studio
1255 2091 1498 2142 coeperint,
1523 2093 1594 2130 vel
1616 2093 1815 2144 inceptae

187 2160 391 2211 opinione
414 2161 540 2200 citius
561 2166 738 2200 nostrae
762 2163 983 2200 creuerint
1005 2175 1091 2210 res,
1123 2163 1166 2201 in
1192 2163 1398 2214 Hispania
1419 2164 1562 2202 locum
1599 2164 1814 2202 inueniam

184 2232 362 2270 nullum.
401 2231 510 2270 Nam
545 2238 775 2284 postquam
806 2233 1029 2284 Segobiae
1065 2233 1192 2272 nobis
1223 2233 1390 2272 initium
1421 2234 1624 2272 manendi
1656 2234 1812 2273 factum

186 2308 251 2340 est
273 2304 359 2353 (est
380 2309 527 2342 autem
551 2303 711 2342 factum
734 2304 957 2343 mensibus
979 2305 1137 2343 abhinc
1172 2305 1377 2355 septem),
1413 2305 1555 2343 nullus
1587 2305 1814 2356 religioso-

184 2387 276 2412 rum
301 2374 424 2422 ordo,
457 2376 572 2413 nulla
594 2376 751 2414 ciuium
776 2375 968 2414 conditio
992 2377 1095 2415 satis
1123 2377 1204 2414 sibi
1228 2376 1284 2414 de
1320 2383 1472 2415 nostro
1496 2377 1688 2415 aduentu
1721 2390 1813 2428 gra-

184 2446 310 2484 tulari
339 2459 471 2497 posse
503 2446 748 2494 videbatur,
782 2453 828 2486 vt
859 2446 1012 2486 ciuitas
1042 2448 1134 2498 ipsa
1156 2447 1312 2497 officijs
1344 2454 1386 2486 et
1417 2460 1567 2486 amore
1601 2453 1808 2486 certaret,

232 2650 240 2670 ¹
294 2649 355 2686 Ex
373 2654 547 2695 autogr..
569 2662 591 2685 a
610 2648 787 2685 Polanco
807 2649 1031 2689 emendato.
1053 2648 1093 2686 in
1112 2649 1248 2686 codiee
1270 2650 1398 2696 Ht'sp.
1425 2648 1489 2694 96,
1509 2649 1532 2686 2
1550 2648 1608 2695 ff..
1642 2664 1707 2687 nn.
1727 2650 1811 2694 425,

182 2708 263 2754 4263
285 2709 394 2756 prius
415 2709 493 2753 150,
517 2709 594 2745 151.
617 2708 745 2745 Aliud
764 2710 994 2753 exemplum
1014 2708 1053 2744 in
1073 2707 1098 2744 f-
1122 2708 1203 2746 427.
1227 2709 1292 2744 Ad
1312 2709 1426 2757 cujus
1445 2710 1599 2746 calcem
1618 2710 1809 2758 scriptum

182 2774 256 2805 est:
275 2768 378 2805 «Per
392 2768 578 2812 Genoua‚
595 2768 806 2811 Fiorenza,
824 2768 963 2811 Siena,
984 2767 1328 2814 Montepulcian0‚
1348 2768 1527 2815 Perugia
1547 2774 1586 2805 et
1605 2769 1807 2811 Aurelia.»

229 2828 242 2847 ²
293 2827 555 2874 Segoviensis
585 2828 758 2864 clericus
789 2827 1005 2864 Societatis
1039 2827 1192 2864 amicus
1226 2840 1440 2874 perperam
1473 2828 1691 2874 aliquando
1721 2841 1808 2866 cum

181 2887 341 2924 Aloisio
371 2886 610 2932 (Ludovico)
640 2886 853 2930 Mendoza,
875 2887 918 2923 P.
941 2886 1085 2923 Lainio
1105 2899 1153 2923 ex
1172 2898 1309 2923 sorore
1330 2892 1491 2934 nepote,
1511 2887 1714 2926 confusus.
1744 2887 1806 2925 Cf.

181 2946 424 2991 PoLANcUM,
449 2946 617 2990 Chron„
639 2945 712 2989 IV,
732 2945 792 2990 24,
812 2946 893 2991 2181;
913 2945 971 2991 36,
996 2945 1072 2990 16&
1097 2946 1137 2982 S.
1162 2946 1424 2983 W‘anciscus
1444 2946 1619 2992 BorgIa,
1641 2946 1804 2986 111A57.

225 3007 237 3026 ³
291 3006 333 3043 Ρ.
354 3005 586 3043 Ludovicus
604 3005 652 3042 de
672 3005 916 3043 Santander.
938 3006 1002 3043 Cf.
1025 3006 1063 3042 S.
1092 3005 1245 3043 Franc.
1270 3006 1449 3051 Borgia,
1469 3007 1495 3043 l.
1517 3019 1564 3049 c.,
1585 3006 1651 3043 ubi
1671 3007 1806 3054 aliqua

179 3067 228 3102 de
247 3066 369 3102 initiis
385 3066 501 3112 hujus
521 3065 681 3111 collegii
702 3065 974 3110 reperiuatun
