1908 3446
216 227 285 264 830
679 223 893 261 er‘ralmu
925 222 1278 267 QUAonmiEsmEs

1898 170 1903 247 *a*
1898 95 1903 127 ,ς-
1896 35 1904 56 x

170 331 254 367 lum
278 331 439 368 habere
463 328 736 367 sacerdotem
760 332 832 364 aut
855 326 1229 371 concionatorem,
1254 337 1351 362 cum
1374 322 1580 362 meliores
1608 335 1695 361 non
1723 334 1787 360 re—

170 401 405 449 periantur:
436 400 583 437 rustici
615 405 758 435 tamen
790 410 841 434 ac
871 396 1052 446 simplex
1083 396 1269 446 populus
1299 395 1437 445 magis
1468 394 1653 432 afficitur
1686 407 1787 445 erga

171 471 410 509 catholicos
433 477 646 521 pastores.
672 469 942 519 Sparguntur
964 467 1126 504 diuersi
1148 466 1247 504 hinc
1269 465 1369 503 inde
1391 477 1635 511 sermones3
1659 465 1788 514 aliqui

171 543 427 587 catholicos,
466 542 533 589 alij
566 539 841 577 aduersarios
873 537 1048 575 tandem
1081 537 1309 575 uictoriam
1341 543 1660 574 consecuturos
1696 549 1790 586 spe·

171 619 278 650 rant.
308 614 366 650 llli
389 613 575 656 dubiam,
596 612 731 649 nostri
753 610 989 647 firmiorem
1013 622 1133 660 spem
1154 609 1333 655 habent,
1359 613 1402 646 et
1424 607 1617 658 gaudent
1640 620 1791 645 omnes

172 685 375 723 catholici
410 684 637 735 plurimum
670 681 842 732 quando
873 686 1050 719 nostrae
1082 681 1319 719 Societatis
1349 680 1609 726 institutum,
1640 692 1791 729 proce-

171 756 299 795 dendi
324 756 497 793 modum
521 762 650 804 atque
675 754 847 791 labores
870 751 1165 798 considerant,
1191 757 1235 791 et
1258 765 1311 789 ex
1333 751 1420 790 hoc
1439 764 1526 790 non
1547 764 1697 803 parum
1717 764 1791 801 pu-

171 828 389 866 silaniines
411 826 599 877 alioquin
622 825 879 871 animantur,
904 837 957 862 ex
981 825 1116 861 altera
1138 829 1260 874 parte
1283 829 1470 874 querunt
1491 823 1623 873 uarijs
1654 821 1792 860 modis

172 900 316 937 oculte
338 904 513 936 nostros
534 902 714 934 conatus
736 895 947 945 impedire
968 895 1153 933 heretici
1174 902 1209 941 ἃς
1231 899 1417 944 querunt
1441 894 1699 932 occasiones
1719 907 1793 931 no-

171 970 312 1016 cendi,
337 969 429 1016 sed,
455 972 544 1006 laus
573 970 666 1005 Deo
688 968 722 1014 b,
746 968 958 1005 hactenus
988 980 1074 1005 non
1104 966 1382 1013 inuenerunt3
1404 979 1487 1004 nec
1517 966 1628 1003 ullos
1659 964 1794 1016 magis

170 1054 295 1091 quam
317 1046 492 1078 nostros
514 1040 683 1086 tinient,
707 1038 821 1076 vnde
845 1051 941 1076 cum
964 1039 1127 1076 amicus
1145 1037 1316 1087 quidam
1335 1043 1485 1075 noster
1507 1037 1736 1088 singularis
1752 1036 1793 1073 in

172 1111 374 1161 oppidum
397 1110 616 1160 quoddam
647 1110 864 1160 Vngariae
898 1114 904 1131 ⁸
930 1109 1140 1155 uenisset,
1172 1109 1243 1146 ubi
1273 1109 1420 1159 p'ures
1450 1109 1662 1146 haeretici
1694 1121 1793 1146 con-

171 1182 419 1219 cionatores
438 1182 628 1227 exulant,
654 1181 797 1218 statim
818 1179 920 1230 quid
942 1180 1127 1217 iesuitae
1149 1178 1427 1217 intenderent
1446 1180 1792 1226 sciscitabantur,

172 1256 213 1289 et
235 1265 287 1290 an
308 1252 467 1303 aliquid
489 1252 700 1290 aduersus
720 1251 972 1289 haereticos
995 1256 1327 1301 componerent3
1351 1262 1536 1301 cumque
1557 1251 1631 1287 ille
1652 1263 1732 1287 nos
1754 1250 1793 1287 in

172 1324 263 1374 ipso
295 1324 442 1361 labore
476 1335 574 1360 esse
609 1321 793 1366 diceret,
829 1321 1198 1360 contristabantur
1227 1333 1314 1359 non
1345 1321 1579 1359 modicum.
1613 1322 1795 1359 Istarum

172 1395 490 1445 prouinciarum
520 1395 713 1445 episcopi
742 1394 872 1432 solito
905 1393 1156 1444 diligentius
1187 1393 1420 1431 commisso
1452 1393 1576 1443 gregi
1607 1400 1624 1417 c
1644 1392 1796 1442 inuigi-

172 1467 272 1512 lant,
311 1472 353 1503 et
390 1467 606 1516 colapsam
643 1470 853 1503 conantur
876 1465 1075 1503 omnibus
1105 1464 1247 1502 modis
1280 1464 1522 1502 instaurare
1547 1463 1794 1510 ecclesiam,

171 1538 401 1587 presertim
449 1536 804 1587 archiepiscopus
838 1536 1087 1587 Strigoniae

1130 1535 1158 1583 ²,
1190 1535 1422 1586 episcopus
1463 1535 1797 1585 quinqueeccle-

173 1609 326 1646 siensis
346 1608 374 1655 ³,
400 1609 631 1659 episcopus
652 1607 1026 1646 transiluaniensis
1048 1608 1118 1645 uel
1144 1606 1367 1645 nitriensis
1388 1607 1416 1654 ⁴,
1440 1607 1512 1657 qui
1534 1611 1796 1644 curauerunt

174 1685 217 1717 et
238 1679 379 1717 adhuc
401 1683 551 1717 curant
573 1679 756 1730 imprimi
778 1678 990 1729 quaedam
1013 1679 1057 1716 in
1074 1678 1281 1716 auxilium
1303 1691 1475 1716 suarum
1494 1676 1794 1716 ecclesiarum.

173 1750 413 1801 Episcopus
434 1750 688 1802 trigestinus
709 1749 721 1768 ⁵
744 1763 821 1788 sua
842 1763 945 1788 cura
966 1749 1280 1801 diligentiaque
1302 1754 1469 1788 tantum
1491 1749 1532 1786 in
1554 1761 1631 1786 sua
1652 1748 1797 1786 dioce-

173 1823 206 1859 si
229 1821 393 1868 effecit,
418 1827 464 1859 ut
486 1821 616 1860 modo
639 1822 681 1859 in
703 1822 796 1860 dies
828 1821 1036 1859 maiorem
1066 1821 1108 1858 in
1142 1821 1303 1872 populo
1325 1821 1512 1858 fructum
1533 1820 1797 1870 pietatisque

172 1893 373 1943 antiquae
404 1893 669 1931 desiderium
704 1893 970 1943 experiatur2
993 1891 1110 1943 quod
1141 1891 1338 1942 gaudens
1367 1903 1505 1942 nuper
1535 1891 1589 1928 ad
1624 1892 1795 1928 Patrem

173 1970 393 2002 rectorem
415 1964 434 1989 d
455 1964 483 2011 ⁶,
508 1965 576 2002 cui
595 1964 950 2003 familiarissimus
969 1976 1142 2015 semper
1158 1964 1252 2011 fuit,
1273 1962 1459 2013 scripsit,
1479 1975 1529 2001 ac
1551 1962 1675 2000 simul
1698 1976 1797 2001 con-

174 2035 312 2074 silium
342 2035 562 2087 spirituale
593 2036 735 2086 petijt,
759 2048 842 2085 qua
872 2036 1042 2074 ratione
1072 2037 1187 2073 bene
1223 2048 1344 2073 suam
1377 2035 1516 2086 possit
1551 2035 1798 2086 gubernare

175 2108 419 2145 ecclesiam.
454 2107 660 2145 Similiter
690 2108 892 2157 permulti
915 2107 985 2156 alij
1019 2106 1256 2157 spiritualia
1286 2106 1465 2145 consilia
1482 2113 1729 2145 nostrorum
1755 2113 1798 2144 et

174 2183 327 2227 petunt
350 2184 393 2215 et
416 2184 654 2228 sequuntur
676 2191 763 2216 non
785 2179 877 2216 sine
899 2179 1057 2217 fructu.
1079 2178 1275 2228 Cumque
1299 2177 1502 2216 catholici
1524 2190 1627 2228 prae
1650 2184 1797 2216 coete-

175 2250 279 2287 teris
317 2250 370 2288 ad
407 2250 585 2287 altiores
624 2249 785 2300 gradus
824 2254 1168 2300 promoueantur
1202 2250 1473 2300 plerumque,
1509 2262 1592 2288 nec
1612 2249 1740 2287 facile
1776 2262 1799 2286 a

176 2333 291 2359 caes.
326 2322 381 2359 M.
413 2321 467 2358 ad
497 2322 583 2359 tale
616 2321 799 2359 offitium
832 2327 1074 2359 assumatur
1104 2321 1329 2359 hereticus
1349 2321 1560 2372 quispiam
1588 2327 1606 2345 e
1640 2321 1681 2358 in
1711 2332 1797 2371 quo

222 2486 240 2504 a
261 2478 413 2514 Pmec.
430 2487 467 2513 v.
487 2482 622 2524 snpra
642 2488 753 2514 vers.
806 2478 871 2503 --b
897 2478 983 2514 Deo
999 2482 1134 2523 supra
1151 2488 1260 2514 vers.
1313 2484 1378 2502 -0
1402 2477 1494 2523 Seq.
1512 2476 1595 2513 del.
1614 2477 1755 2522 quisqu
1775 2490 1796 2511 n

185 2537 241 2562 —d
263 2542 456 2573 nostrum.
517 2557 536 2560 —
557 2544 574 2562 e
596 2536 627 2572 2
652 2548 720 2573 vv.
743 2542 873 2582 praec
906 2542 1042 2584 snpra
1061 2548 1185 2576 vers..
1209 2537 1406 2582 primum
1442 2536 1627 2572 Polanci
1644 2546 1801 2574 mamm

176 2596 250 2632 alt.
274 2598 477 2633 auctoris.

226 2730 234 2748 ¹

225 2788 237 2806 2

223 2847 236 2866 8

223 2907 236 2925 4

224 2965 237 2984 S

226 3025 239 3043 6

288 2728 484 2764 Cassovia
503 2728 560 2772 (Ρ).
583 2727 647 2765 Cf.
668 2740 802 2774 supra,
826 2741 862 2775 p.
883 2727 964 2765 766.

288 2787 481 2824 Nicolaus
500 2786 669 2824 Olahus.

286 2846 492 2894 Georgius
514 2846 790 2883 Draskowich.

289 2906 438 2943 Paulus
458 2905 697 2943 Abstemius
716 2905 1004 2951 (Bornemiza).

284 2964 462 3011 joannes
486 2964 616 3009 Betta,
638 2964 686 3002 O.
709 2964 751 3002 S.
774 2965 821 3002 Β.

290 3024 333 3061 Ρ.
350 3024 529 3072 Joannes
547 3025 595 3061 de
615 3024 813 3062 Victoria.
