1908 3446
472 154 835 192 325-*1xs10mcfflo
866 155 879 191 l
905 154 1107 201 JANUARH
1138 152 1226 187 1560
1547 147 1617 184 443

23 255 241 314 operarii,
276 266 320 297 et
342 272 426 309 quo
453 259 659 295 Martinus
690 265 707 282 ³⁴·
741 272 821 307 ope
853 257 1028 294 fratrum
1064 256 1334 299 subleuetur,
1358 264 1484 301 quem
1518 256 1583 287 tot
1615 263 1662 286 ac

42 340 125 372 tam
148 332 326 370 crebrae
349 342 460 380 pene
486 329 720 367 conficiunt
746 328 996 365 conciones.

16 407 24 443 ’1
93 415 128 442 2.
188 404 267 441 Vbi
286 403 471 452 populus
488 402 612 451 plane
637 402 873 438 subuersus
892 403 973 443 est,
995 404 1039 435 et
1057 397 1371 434 catholicorum
1393 393 1664 444 praedicato-

43 489 130 514 rum
152 474 261 524 fugit
285 473 537 517 conciones,
562 472 676 508 nulla
698 485 797 521 spes
821 470 993 508 videtur
1016 482 1112 506 esse
1138 468 1302 516 reliqua
1332 466 1410 503 nisi
1443 465 1482 501 in
1511 477 1665 514 puero-

43 559 131 586 mru
153 544 294 582 adhuc
318 545 665 592 incorruptorum
700 548 820 580 recta
842 548 885 579 et
904 537 1445 579 611118116116111811111110116;
1482 540 1524 572 at
1560 547 1665 571 uero

44 617 112 655 ubi
134 616 340 666 regiones
363 614 486 651 albae
510 619 606 649 811111
630 612 681 649 ad
706 625 893 650 messem
927 616 952 657 ¹,
985 610 1217 661 praecipua
1241 621 1341 646 cura
1365 607 1537 645 videtur
1570 617 1668 643 esse

43 686 283 728 adhibenda
324 686 438 723 circa
477 688 697 734 parentes,
741 684 895 733 quibus
931 682 982 720 ad
1012 682 1240 719 sanitatem
1264 679 1499 724 reuocatis,
1522 678 1605 714 iam
1629 678 1668 714 in

42 763 237 812 promptu
263 763 329 795 est
352 757 587 794 liberorum
611 755 793 792 curatiO.
820 755 873 791 Et
895 755 979 791 11116
1003 753 1204 791 videntur
1227 756 1428 802 spectare
1451 749 1670 787 desideria

45 836 87 869 et
120 828 261 867 studia
292 829 475 865 istorum
505 826 743 877 principum
777 825 1092 863 catholicorum
1124 823 1402 868 Germaniae,
1435 821 1507 871 qui
1536 820 1669 870 pluris

43 902 201 940 faciunt
223 900 396 937 vnicum
415 897 711 948 germanicum
731 897 1089 934 concionatorem
1107 894 1285 932 doctum
1304 899 1349 931 et
1370 893 1667 942 eloquentem,

44 985 166 1023 quam
188 971 416 1008 maximam
439 969 608 1006 turbam
632 969 895 1006 Ciceronum
918 972 962 1005 et
984 968 1228 1012 Platonum,
1252 978 1436 1016 quorum
1459 965 1604 1014 lingua
1627 969 1669 1001 et

44 1043 226 1083 eruditio
249 1042 394 1092 pueris
425 1042 466 1078 in
502 1040 652 1078 schola
674 1038 899 1076 dumtaxat
930 1038 1141 1089 prodesse
1175 1037 1333 1075 ualeat.
1358 1036 1483 1074 Haec
1513 1035 1583 1072 ubi
1616 1048 1669 1072 ex

44 1115 219 1152 aliorum
252 1113 388 1163 magis
421 1116 705 1161 expertorum
738 1110 962 1161 magisque
997 1110 1268 1147 oculatorum
1300 1107 1512 1146 relatione
1537 1107 1583 1144 P.
1617 1107 1667 1143 V.

43 1185 259 1237 poenitius
281 1183 500 1226 didicerit,
525 1196 611 1220 non
634 1181 785 1220 dubito
804 1181 905 1232 quin
926 1182 1018 1231 ipsa
1040 1192 1315 1230 summopere
1340 1179 1394 1216 sit
1415 1178 1670 1228 aduigilatu-

45 1269 89 1295 ra
118 1261 161 1294 et
191 1254 388 1293 districte
421 1259 726 1305 praeceptura,
762 1258 807 1290 ut
837 1252 975 1289 nostri
1005 1252 1161 1289 fratres
1185 1250 1321 1300 etqui
1351 1249 1560 1287 idiomate
1591 1249 1672 1286 illis

12 1376 16 1382 x
46 1333 140 1366 sunt
170 1326 337 1372 affines,
359 1338 487 1376 quam
510 1324 836 1363 accuratissime
864 1323 917 1360 ad
940 1336 1093 1360 munus
1114 1321 1394 1372 praedicandi
1414 1332 1672 1372 praeparen-

11 1385 16 1399 ¹
47 1405 126 1438 tur.
149 1398 232 1436 Hic
254 1398 357 1435 satis
380 1403 537 1435 exacte
563 1409 788 1434 seruamus
816 1396 1010 1446 regulam
1034 1395 1140 1431 Pris.
1179 1393 1317 1431 nostri
1338 1392 1492 1443 Ignatij
1516 1392 1569 1429 de
1593 1405 1672 1429 vsu

10 1468 19 1972 1

46 1470 262 1509 vernaculi
285 1467 498 1507 sermonis
516 1468 557 1506 in
575 1467 772 1505 familiari
790 1472 834 1505 et
850 1465 1104 1517 quotidiana
1120 1465 1392 1515 loquutione.
1417 1462 1671 1514 Ingolstadij

46 1541 170 1580 etiam
190 1553 305 1578 nunc
326 1540 462 1577 maior
496 1539 625 1577 solito
658 1539 843 1575 habetur
875 1538 969 1576 eius
990 1537 1116 1574 ratio.
1140 1536 1185 1573 Si
1206 1536 1289 1573 iam
1320 1535 1405 1573 huc
1435 1534 1674 1573 accesserit

47 1613 91 1650 R.
116 1613 160 1650 P.
184 1612 234 1649 V.
259 1611 473 1657 stimulus,
513 1616 557 1648 et
594 1610 715 1647 uelut
747 1608 960 1658 quaedam
991 1620 1108 1645 noua
1138 1606 1413 1645 confirmatio
1444 1606 1557 1644 illius
1588 1611 1673 1643 tam

46 1682 315 1721 necessariae
348 1680 689 1727 constitutionis,
723 1679 855 1717 dubio
891 1679 1042 1729 procul
1077 1678 1170 1725 fiet,
1204 1683 1250 1715 ut
1280 1678 1405 1718 breui
1431 1690 1512 1714 nos
1535 1677 1674 1714 cuius-

48 1766 224 1805 cumque
248 1751 423 1791 tandem
444 1752 633 1790 nationis
656 1764 818 1797 sumus,
843 1755 965 1788 recte
989 1751 1223 1787 calleamus
1246 1762 1296 1787 ac
1322 1748 1585 1799 germanicis
1607 1760 1673 1785 ac-

49 1826 242 1865 centibus
273 1837 533 1864 resonemus
556 1835 805 1861 sermonem
825 1822 1138 1873 germanicum.

97 1909 133 1946 3.
193 1898 255 1935 Ex
277 1897 343 1935 his
360 1908 471 1944 quae
494 1895 693 1945 superius
715 1895 911 1932 breuiter
929 1894 1068 1944 attigi,
1087 1898 1325 1943 vtcumque
1349 1892 1558 1942 colligere
1580 1896 1674 1941 pot-

51 1974 115 2006 est
141 1969 187 2006 R.
211 1969 261 2006 V.
287 1969 333 2006 P.
360 1965 658 2005 conditionem
692 1966 837 2016 populi
870 1965 997 2003 huius
1026 1964 1253 2015 primariae
1287 1964 1327 2001 in
1358 1963 1543 2001 Bauaria
1573 1963 1674 2000 ciui-

47 2039 158 2078 tatis.
192 2040 266 2078 Illa
297 2039 411 2077 enim
440 2051 517 2089 per
550 2043 616 2075 tot
648 2049 876 2075 sermones
897 2036 1025 2074 auida
1044 2035 1376 2087 perseuerantia
1409 2047 1496 2072 non
1525 2039 1675 2084 potest

49 2123 141 2149 esse
162 2111 243 2149 nisi
264 2110 435 2161 signum
457 2109 670 2147 bonarum
688 2108 1055 2146 conscientiarum
1088 2112 1131 2145 et
1159 2106 1368 2144 mentium
1390 2105 1443 2144 de
1468 2118 1546 2143 sua
1567 2105 1675 2143 salu-

48 2186 90 2220 te
119 2180 396 2220 solicitarum.
432 2178 563 2230 Quod
594 2185 640 2217 ut
671 2179 838 2229 planius
868 2179 1099 2229 intelligat,
1135 2189 1242 2215 ecce
1274 2177 1356 2214 alia
1386 2177 1509 2227 signa
1538 2176 1676 2227 magis

49 2253 247 2303 specialia
267 2265 318 2290 ac
338 2251 513 2302 propria
542 2251 787 2288 catholicae
822 2250 998 2301 pietatis
1036 2248 1238 2287 ostendO.
1263 2247 1503 2286 Senatores
1533 2247 1604 2285 isti
1632 2252 1676 2285 et

49 2323 272 2372 consiliarij
297 2323 490 2369 ducales,
517 2328 559 2359 et
588 2334 718 2360 senes
740 2322 997 2372 praesertim
1020 2321 1246 2370 vtriusque
1278 2332 1410 2357 sexus
1440 2331 1673 2369 personae,

49 2395 200 2445 passim
222 2399 397 2446 gestant
419 2388 597 2441 ro‘saria,
625 2395 705 2432 viri
722 2393 897 2444 quidem
922 2406 975 2430 ex
997 2392 1275 2443 paucioribus
1297 2391 1430 2442 signis
1450 2391 1675 2442 preciosis,

51 2470 93 2503 et
120 2465 172 2514 ijs
202 2466 358 2504 crassis
389 2464 638 2504 admodum.
665 2464 731 2503 Ad
762 2466 873 2503 haec
895 2463 1068 2503 accedit
1097 2464 1394 2514 frequentatio
1426 2477 1675 2502 sermonum

51 2540 94 2574 et
121 2537 345 2575 missarum
374 2537 417 2575 in
449 2538 649 2575 omnibus
670 2536 844 2586 templis
867 2536 1071 2583 ciuitatis,
1104 2548 1286 2586 magnus
1318 2548 1557 2573 concursus
1589 2548 1675 2572 om-

49 2605 161 2644 nium
182 2606 234 2644 ad
257 2608 559 2658 excipiendam
582 2620 734 2658 aquam
758 2606 1052 2653 benedictam,
1077 2612 1343 2658 aspergente
1374 2611 1473 2657 post
1500 2606 1676 2656 quamli-

49 2677 122 2716 bet
149 2679 321 2717 missam
352 2679 602 2727 sacerdote,
627 2692 754 2730 quam
785 2692 873 2717 non
909 2679 1049 2716 solum
1080 2679 1202 2716 vultu
1233 2683 1403 2729 aperto,
1438 2677 1516 2716 sed
1545 2678 1676 2716 etiam

93 2819 113 2840 a
160 2820 215 2857 M.
240 2821 451 2860 Martinus.

96 2965 106 2985 ¹
156 2964 399 3013 Cf.J0ANN.,
421 2966 495 3010 IV,
515 2967 572 3004 35.
