1908 3446
199 264 269 302 956
665 260 879 296 LITTERAE
907 258 1262 302 QUADmMESTREs

156 368 317 405 animas
353 378 550 417 pascere,
589 377 672 401 non
710 373 937 398 crumenas
972 360 1169 410 implere.
1208 359 1271 396 De
1304 359 1492 409 collegio
1533 359 1648 396 aliud
1678 358 1771 396 fore

158 446 329 488 tempus
365 434 656 482 consultandj.
695 432 860 471 Concio
897 443 1070 480 quoque
1093 429 1254 467 ibidem
1284 429 1416 467 latine
1451 429 1598 467 habita
1633 435 1701 467 est
1720 429 1774 467 ad

157 509 390 547 canonicos
413 515 456 545 et
480 508 654 547 clerum,
679 504 747 541 vbi
781 501 1072 551 corruptelam
1095 512 1238 538 rerum
1262 500 1597 551 officiorumque
1633 501 1773 538 eccle-

156 580 429 618 siasticorum
466 578 755 615 uehementer
792 575 919 611 Pater
950 572 1022 609 ille
1057 571 1354 622 reprehendit,
1380 577 1424 610 et
1447 585 1544 610 cum
1566 572 1774 610 nonnullo

155 652 394 689 animorum
418 650 733 687 emolumento.
760 648 854 684 Deo
875 645 981 683 laus.

209 722 243 761 5.
303 722 389 759 Sed
422 726 465 758 et
502 718 698 769 Appamij
738 719 864 755 Pater
894 721 1047 755 noster
1080 715 1323 754 Peletarius
1357 715 1577 765 frequenti
1607 716 1777 765 synodo

155 794 304 832 habuit
328 792 603 839 orati[o]ne1n
626 796 643 813 ὃ
665 788 718 826 ad
736 788 914 835 clerum,
936 788 1185 838 elegantem
1202 799 1252 823 ac
1269 785 1433 833 utilem,
1453 799 1580 835 quam
1596 799 1684 824 non
1705 785 1778 824 de-

156 869 329 906 fuerunt
353 868 425 918 qui
448 864 605 905 excudi
626 863 739 913 typis
760 860 1021 912 publiceque
1043 858 1227 909 proponj
1260 858 1440 896 vellent.
1464 857 1563 895 Non
1583 857 1673 907 it[a]
1696 858 1778 908 pri-

157 941 254 978 dem
277 939 496 983 Tolosam,
520 937 675 974 vrbem
696 934 716 958 b
736 931 995 982 Aquitaniae
1027 929 1374 975 celeberrimam,
1407 942 1453 966 se
1485 928 1670 967 contulit
1700 930 1778 967 Pa-

158 1017 222 1048 ter
244 1010 314 1048 ille
338 1010 452 1047 idem
474 1013 636 1053 rector,
663 1005 732 1042 ubi
756 1017 852 1042 curn
876 1002 1012 1040 semel
1044 1004 1173 1051 atque
1195 1001 1353 1038 iterum
1383 1000 1537 1038 fuisset
1569 1000 1778 1049 c[on]cio—

157 1086 297 1127 natus,
323 1081 585 1128 tandemque
609 1075 842 1127 aliquoties
862 1073 1103 1112 accersitus
1125 1071 1447 1110 solennioribus
1475 1070 1629 1109 diebus
1650 1084 1774 1122 roga-

158 1158 226 1191 tus
262 1157 343 1199 est,
381 1156 428 1188 vt
457 1159 473 1175 C
499 1148 768 1200 prouinciam
800 1145 1045 1196 susciperet
1073 1144 1185 1181 hanc
1214 1143 1348 1193 ipsam
1378 1142 1587 1193 proximis
1618 1143 1777 1180 aduen-

159 1231 225 1263 tus
248 1230 290 1262 et
312 1220 671 1273 quadragesimae
694 1217 849 1257 diebus
870 1217 911 1255 in
933 1215 1121 1267 quodam
1157 1215 1320 1265 templo
1358 1214 1539 1263 celebrj‚
1578 1219 1623 1252 et
1661 1214 1778 1264 quod

159 1297 282 1335 bonis
304 1307 476 1346 semper
499 1290 885 1331 concionatoribus
904 1287 1059 1339 patuit.
1084 1287 1131 1325 Id
1152 1298 1259 1324 uero
1279 1298 1332 1324 eo
1355 1286 1375 1310 ‘¹
1404 1286 1611 1324 libentius
1629 1286 1778 1324 admit-

159 1367 337 1406 tendum
359 1366 453 1413 fuit,
477 1365 594 1416 quod
616 1363 797 1414 amplius
818 1362 919 1399 inde
940 1360 1079 1411 frugis
1107 1372 1157 1397 ac
1188 1358 1473 1397 emolumenti
1494 1358 1779 1408 imposterum

158 1442 433 1491 expectetur.
457 1436 586 1476 Varie
609 1448 633 1473 a
652 1433 871 1473 nonnullis
892 1432 995 1471 uiris
1027 1431 1200 1482 optimis
1230 1435 1375 1468 actum
1408 1434 1475 1468 est
1506 1429 1561 1467 de
1591 1435 1782 1468 statuen-

158 1513 213 1552 do
235 1510 396 1549 ibidem
418 1508 629 1548 Societati
647 1505 855 1557 collegio3
873 1502 1121 1542 videbimus
1141 1514 1271 1553 quem
1294 1506 1501 1540 euentum
1523 1514 1593 1540 res
1614 1500 1781 1539 habitu-

161 1596 207 1622 ra
229 1583 297 1622 sit.
322 1583 560 1632 pergratae
583 1584 682 1617 sunt
704 1590 808 1615 sane
830 1575 989 1626 ubique
1013 1576 1187 1613 Patrum
1219 1581 1236 1599 e
1266 1579 1516 1612 nostrorum
1537 1573 1663 1611 bonis
1695 1586 1782 1611 om-

160 1654 286 1693 nibus
308 1652 562 1699 conciones,
586 1650 707 1689 malis
729 1661 837 1687 vero
861 1652 905 1687 et
926 1647 993 1697 ijs,
1017 1646 1090 1696 qui
1119 1646 1251 1683 fidem
1280 1649 1511 1696 negarunt,
1544 1645 1780 1683 infensissi-

161 1737 271 1764 mae.
308 1725 354 1762 In
387 1724 469 1761 hac
503 1734 607 1761 sane
641 1722 858 1772 palaestra
893 1718 1116 1770 egregiam
1146 1717 1324 1754 nauauit
1353 1717 1566 1755 hactenus
1603 1728 1780 1767 operam

163 1798 210 1835 R.
236 1798 282 1834 P.
308 1795 566 1840 Peletarius,
591 1793 714 1831 cuius
735 1791 977 1830 absentiam
999 1789 1172 1828 interim
1191 1788 1299 1826 alius
1318 1800 1342 1826 e
1363 1788 1525 1826 nostris
1546 1788 1779 1839 supplebit,

164 1869 265 1907 dum
287 1869 476 1907 Tolosae
499 1866 760 1905 diuersatur.

216 1938 258 1978 6.
319 1938 449 1989 Quod
471 1938 524 1976 ad
546 1935 713 1987 reliqua
734 1940 777 1974 et
799 1934 1044 1973 domestica
1076 1933 1258 1984 negotia
1277 1932 1449 1979 attinet,
1479 1931 1534 1970 de
1556 1931 1782 1982 spirituali-

163 2013 243 2050 bus
263 2011 433 2061 loquor,
456 2022 543 2047 non
565 2008 708 2046 habeo
739 2005 842 2057 quid
871 2005 1029 2052 dicam,
1053 2003 1192 2043 omnis
1221 2016 1367 2055 pugna
1386 2008 1538 2041 nostra
1564 2003 1669 2041 foris
1700 2008 1782 2050 est,

164 2083 266 2121 nihil
289 2087 334 2120 ut
356 2082 567 2132 reliquum
600 2080 654 2117 sit
674 2079 801 2117 nobis
835 2077 1047 2128 temporis
1078 2073 1437 2127 suggestionibus
1468 2074 1781 2123 auscultandis,

164 2166 274 2205 quae
297 2151 449 2192 otiosis
469 2151 719 2190 hominibus
742 2154 785 2187 et
806 2149 972 2200 pacatis
993 2161 1018 2186 a
1039 2149 1199 2187 Satana
1218 2146 1391 2185 immitti
1428 2146 1588 2184 solent.
1613 2145 1783 2185 Consti-

165 2225 357 2264 tutiones
378 2224 615 2263 Societatis
635 2225 813 2260 nostrae
843 2221 1116 2272 plaerasque‚
1140 2232 1227 2257 non
1250 2218 1521 2269 cogitatione
1544 2217 1698 2264 solum,
1722 2217 1784 2255 vti

165 2297 215 2335 fit
239 2294 485 2347 aliquando,
509 2307 556 2333 se
580 2299 624 2332 et
645 2305 693 2331 re
714 2293 806 2344 ipsa
827 2290 1162 2342 comprobamus
1185 2288 1482 2328 sanctissimas
1516 2287 1608 2326 ac⁴f
1634 2287 1785 2326 rectis-

166 2368 308 2405 simas.
332 2367 386 2404 Et
407 2365 604 2416 quamuis
624 2376 803 2414 perraro
825 2363 1041 2400 humanae
1059 2359 1387 2399 consolationes
1402 2372 1483 2398 nos
1499 2359 1782 2406 inflamment,

165 2439 342 2477 reiectis
364 2437 477 2476 enim
498 2437 541 2474 in
560 2437 673 2474 hanc
707 2440 948 2473 extremam
969 2432 1155 2471 Galliam
1191 2432 1262 2470 uix
1285 2431 1341 2469 de
1371 2431 1597 2470 Societate
1628 2427 1787 2481 aliquid

164 2510 313 2548 audire
336 2507 608 2554 conceditur3
631 2520 717 2545 non
740 2505 867 2544 deest
886 2509 1034 2543 tamen
1056 2504 1218 2542 nostris
1254 2502 1455 2541 omnibus
1485 2502 1661 2553 spiritus
1682 2514 1785 2540 vnc-

166 2581 315 2627 tionis,
339 2580 410 2631 qui
429 2579 655 2618 confirmat
677 2576 1009 2627 consolidatque
1031 2575 1215 2614 animos.
1237 2575 1381 2625 Quem
1401 2586 1488 2611 non
1505 2571 1670 2611 meritis
1690 2585 1788 2611 nos-

164 2652 257 2699 tris,
281 2651 359 2690 sed
374 2652 477 2702 Jesu
501 2649 662 2689 Christi
682 2648 889 2699 imprimis
922 2646 1160 2694 beneficio,
1197 2652 1289 2684 tum
1309 2657 1418 2683 vero
1441 2645 1541 2692 tuis,
1567 2645 1786 2683 Reueren-

168 2723 222 2762 de
244 2724 390 2769 Pater,
415 2727 458 2760 et
480 2723 656 2760 Patrum
678 2713 975 2758 assistentium
1009 2718 1281 2768 aliorumque
1315 2715 1505 2755 omnium
1540 2719 1789 2753 nostrorum

167 2792 388 2845 suffragijs
408 2790 706 2843 sanctissimis,
745 2790 1008 2829 obtinemus.
1034 2790 1177 2840 Quem
1205 2788 1241 2827 si
1260 2792 1476 2839 perpetuo
1512 2793 1653 2836 eaque
1687 2799 1788 2825 con-

211 2957 231 2976 a
272 2955 473 2992 Abscissa
494 2953 647 2990 charta
666 2952 711 2988 in
720 2951 819 2997 fine
835 2961 989 2988 versus
1006 2950 1076 2988 hic
1091 2953 1129 2987 et
1148 2949 1228 2996 ins.
1281 2949 1348 2974 -b
1369 2946 1509 2984 vrbem
1523 2950 1663 2992 supra
1676 2957 1787 2985 vers.

166 3023 231 3043 -ε
268 3019 310 3050 vt
343 3017 481 3059 supra
516 3021 626 3049 vers.
679 3010 748 3036 ——d
783 3021 832 3047 eo
862 3013 1000 3056 supra
1029 3019 1139 3046 vers.
1207 3015 1273 3035 -ο
1307 3007 1477 3045 Patrum
1509 3009 1648 3052 supra
1678 3016 1786 3044 vers.

170 3076 227 3101 —1
253 3085 300 3111 ae
319 3076 457 3118 supra
475 3081 585 3109 vers.
825 3069 827 3071 ’
1118 3067 1121 3070 ’
1157 3073 1159 3077 ”
1656 3065 1661 3081 ’-
