1908 3446
177 269 247 307 504
643 272 862 309 LITTERAE
889 272 1242 317 QUADR1MESTRES

131 385 218 410 non
239 373 370 411 fuerit
391 373 591 423 lacrymis
611 381 885 424 prosecutus,
907 387 1003 412 cum
1025 387 1181 425 magna
1201 375 1334 413 totius
1355 376 1503 426 populi
1525 388 1653 427 super
1671 376 1751 414 vir-

131 448 271 481 tutem
289 445 427 482 sancti
448 445 527 482 viri
550 450 680 495 atque
702 445 875 495 pietatis
895 445 1100 495 egregiae
1124 446 1457 493 acclamatione,
1479 447 1572 484 siue
1594 447 1636 484 in
1658 447 1750 484 solo

132 516 287 564 patrio,
312 517 404 555 siue
423 517 468 554 in
487 517 549 555 eis
569 517 740 568 populis
762 530 943 566 quorum
967 516 1202 566 spiritalem
1219 516 1638 556 administrationem
1657 531 1752 569 ges-

134 593 265 625 serat.
290 588 344 625 Vt
362 593 507 625 autem
525 588 567 625 in
584 588 655 625 illo
673 587 902 638 probitatis
920 587 1034 624 aliud
1051 593 1353 638 argumentum
1370 601 1457 625 non
1474 589 1750 636 haberemus,

132 657 235 695 illud
256 658 457 708 profecto
479 658 635 696 fuisset
657 658 828 696 abunde
852 670 1069 708 magnum,
1093 657 1210 708 quod
1228 659 1379 696 annuis
1397 658 1607 697 reditibus
1629 666 1647 684 a
1664 673 1752 697 sus-

135 729 249 779 cepti
273 729 509 778 sacerdotij
528 729 570 767 in
587 742 691 767 vsus
707 735 884 766 nostrae
903 728 1139 766 Societatis
1156 728 1270 766 Vltro
1288 729 1509 779 impensis,
1530 743 1657 768 vnam
1675 731 1754 768 sibi

133 799 341 849 pascendi
377 812 523 837 curam
559 805 845 838 reseruasset.
886 801 984 849 Quo
1022 800 1158 850 magis
1192 812 1348 849 precor
1383 801 1544 839 sanctis
1580 802 1753 840 Patrum

133 875 382 909 nostrorum
420 872 689 909 orationibus
722 871 860 909 iuuari
894 871 1129 918 hominem,
1167 872 1238 922 qui
1274 876 1440 910 tantum
1474 872 1754 923 benignitatis

134 942 318 980 contulit
339 943 382 980 in
403 955 510 990 rem,
535 956 621 981 non
639 948 806 981 tantum
829 944 1064 982 Societatis
1081 948 1274 991 nostrae,
1298 956 1451 982 verum
1471 944 1600 982 etiam
1618 945 1754 983 totius

134 1013 402 1064 reipublicae
425 1014 701 1052 christianae.
728 1015 852 1064 Quae
876 1027 946 1051 res
968 1027 1065 1052 cum
1093 1015 1237 1052 subito
1269 1014 1516 1062 accidisset,
1550 1016 1755 1066 suspicati

133 1084 188 1122 de
211 1086 373 1135 populo
395 1086 621 1136 plaerique
643 1098 723 1123 nos
747 1085 953 1123 continuo
978 1091 1221 1123 mutaturos
1243 1085 1395 1124 sedem
1422 1091 1601 1137 propter
1631 1099 1754 1138 eges-

134 1161 269 1193 tatem
294 1169 441 1194 rerum
471 1156 833 1203 necessariarium
865 1169 985 1194 suam
1015 1156 1160 1206 potius
1190 1156 1576 1207 (quemadmodum
1608 1158 1754 1196 dicere

134 1227 310 1276 solent),
335 1239 461 1277 quam
483 1227 719 1265 Societatis
742 1227 881 1265 uicem
904 1228 1120 1274 dolenteS,
1150 1227 1411 1278 pollicentur
1441 1241 1464 1266 e
1494 1229 1513 1253 b
1542 1229 1754 1268 facultati-

133 1298 212 1335 bus
248 1298 603 1349 suppeditaturos
637 1303 804 1336 tantum
837 1299 1066 1349 pecuniae,
1103 1304 1310 1349 quantum
1340 1300 1525 1337 sufficiat
1560 1300 1755 1339 emendis

132 1369 436 1420 prouentibus,
474 1371 628 1420 quibus
664 1370 832 1408 alantur
868 1371 909 1407 in
949 1383 1086 1408 annos
1126 1370 1321 1421 singulos
1359 1371 1401 1408 in
1438 1371 1522 1409 isto
1564 1371 1753 1423 collegio

133 1446 472 1478 commorantes.
512 1441 729 1490 Quoniam
764 1446 911 1478 autern
958 1441 1040 1478 ista
1076 1453 1227 1491 parum
1271 1441 1426 1491 juuare
1474 1442 1753 1491 videbantur,

97 1504 101 1509 ’
131 1512 390 1561 praesertim
411 1511 529 1562 quod
549 1513 734 1562 populus
755 1512 825 1549 hic
844 1525 931 1549 non
949 1512 1081 1550 habet
1103 1512 1303 1550 homines
1324 1512 1558 1551 admodum
1580 1513 1752 1562 divites,

131 1582 320 1620 animum
355 1583 529 1633 quidem
565 1583 755 1634 benigne
788 1584 1073 1634 suscepimus:
1112 1587 1336 1622 caeterum
1371 1592 1387 1610 0
1417 1584 1755 1634 pollicitationes

131 1654 304 1692 interim
335 1654 355 1679 <1
383 1667 471 1692 non
506 1654 772 1701 admisimus,
810 1669 1037 1706 quousque
1068 1661 1345 1706 perspectam
1380 1656 1618 1695 habeamus
1648 1658 1754 1696 Mar-

134 1725 302 1763 chionis
326 1726 379 1764 de
403 1726 573 1764 Villena
596 1730 603 1749 ¹
627 1727 983 1764 beneuolentiam
1014 1734 1047 1765 e,
1073 1727 1197 1776 cujus
1218 1733 1342 1777 pater
1364 1727 1376 1745 ²
1396 1741 1476 1766 nos
1497 1728 1582 1767 huc
1603 1731 1755 1768 contu-

133 1796 186 1835 lit
224 1797 248 1835 f.
298 1798 485 1835 Primum
529 1798 718 1836 omnium
755 1799 872 1849 cepit
913 1811 1007 1836 eam
1048 1811 1153 1849 erga
1191 1812 1272 1837 nos
1310 1798 1598 1848 demostrare,
1642 1813 1752 1849 curn,

132 1869 203 1907 illo
227 1868 451 1916 defuneto,
477 1871 645 1907 curauit
669 1869 899 1908 confestim
924 1869 977 1908 de
1001 1869 1278 1921 suscipienda
1298 1871 1494 1920 benefitij
1512 1873 1754 1922 possessio-

130 1953 184 1977 ne
206 1940 381 1979 nomine
405 1940 633 1979 cardinalis
663 1941 878 1979 Paciecho
909 1946 937 1988 ³,
971 1941 1040 1979 cui
1070 1941 1245 1992 quidem
1276 1941 1330 1979 ad
1360 1942 1615 1981 benefitium
1648 1944 1754 1982 obti-

131 2011 321 2050 nendum
344 2017 443 2050 sunt
464 2011 537 2062 qui
558 2012 821 2050 arbitrentur
843 2012 937 2050 iura
956 2012 1236 2063 patrocinari.
1261 2013 1417 2051 Missus
1440 2018 1506 2051 est
1538 2015 1668 2053 etiam
1696 2016 1754 2053 le-

131 2088 258 2135 gatus
281 2084 461 2122 Romam
483 2083 537 2121 ab
559 2083 717 2121 eodem
753 2082 1018 2130 Marchione,
1042 2091 1090 2121 vt
1124 2097 1219 2122 cum
1256 2083 1461 2124 cardinali
1490 2092 1643 2136 patruo
1675 2100 1753 2125 suo

131 2160 232 2205 agat
253 2154 307 2192 de
329 2154 487 2193 alendo
515 2154 600 2192 isto
634 2155 839 2205 collegio,
872 2155 1092 2206 perceptis
1124 2168 1178 2193 ex
1210 2155 1384 2204 eodem,
1416 2170 1502 2208 quo
1524 2162 1667 2205 antea,
1692 2172 1754 2197 sa-

132 2226 347 2274 cerdotio,
369 2225 648 2275 necessarijs.
672 2226 945 2277 Significauit
965 2232 1197 2277 praeterea
1217 2229 1478 2278 praepositis
1499 2242 1524 2267 a
1544 2242 1592 2267 se
1613 2230 1655 2268 in
1671 2230 1756 2269 hoc

130 2299 306 2348 populo,
332 2304 377 2336 et
395 2299 558 2336 rectori
582 2304 625 2336 et
649 2298 927 2336 oechonomo
950 2311 1218 2349 magnopere
1237 2312 1336 2337 sese
1352 2313 1595 2351 percupere
1612 2301 1668 2340 de
1690 2315 1754 2341 re-

129 2370 209 2407 bus
230 2370 391 2408 nostris
411 2370 575 2408 habere
597 2369 952 2421 intelligentiam
973 2377 1009 2418 g,
1034 2370 1401 2420 quemadmodum
1432 2385 1531 2411 sese
1566 2373 1755 2413 habeant

176 2527 195 2545 a
239 2520 286 2556 ln
307 2531 373 2556 ms
408 2524 468 2556 est
487 2521 578 2556 alia
599 2521 741 2557 littera
762 2520 784 2556 d
804 2526 941 2566 supra
961 2532 1150 2558 versum.
1207 2522 1271 2547 -b
1291 2521 1386 2558 suis.
1439 2530 1505 2548 —0
1524 2523 1614 2569 Seq.
1637 2524 1752 2560 z'dcnz

129 2579 309 2616 verbum
329 2579 451 2616 delet.
508 2580 575 2604 —d
598 2580 749 2616 Praec.
769 2591 807 2616 v.
829 2585 965 2627 supra
984 2592 1175 2618 versum.
1231 2589 1294 2607 —e
1318 2580 1500 2618 Emend.
1519 2593 1569 2619 ex
1583 2583 1738 2619 benebo

129 2637 307 2674 lentiam.
364 2639 420 2663 —f
447 2639 630 2675 adduxit.
687 2646 755 2672 -g
775 2639 972 2676 notitiam.

177 2783 187 2802 ¹
240 2781 481 2819 Franciscus
499 2781 862 2829 Lopez-Pacheco.
882 2782 946 2820 Cf.
966 2782 1000 2820 F
1004 2793 1227 2820 ERNANDEZ
1243 2794 1298 2820 DE
1310 2783 1636 2827 BETHENCOURT,
1654 2785 1750 2822 His-

129 2844 242 2879 toria
257 2843 537 2888 genealogica
551 2853 584 2888 y
603 2841 829 2879 lzera'ldica
849 2842 904 2879 de
921 2843 965 2879 la
983 2843 1232 2889 nonarquia
1251 2844 1472 2889 espanola,
1498 2843 1548 2889 Π,
1574 2844 1644 2881 240
1665 2857 1750 2892 sqq.

176 2901 189 2921 ²
240 2900 420 2938 Didacus
454 2901 591 2948 Lopez
606 2922 618 2927 -
634 2901 838 2943 Pacheco‚
875 2901 1053 2938 marchio
1091 2903 1214 2939 etiam
1249 2903 1298 2940 de
1337 2903 1522 2948 Villena,
1572 2908 1752 2940 mortuus

128 2973 232 2998 anno
254 2960 354 2997 1556.
376 2960 638 2997 FERNANDEZ
660 2971 712 2997 DE
733 2959 1060 3005 BETHENCOURT‚
1081 2962 1155 2999 loc.
1175 2962 1258 3005 cit..
1278 2961 1349 2999 225>
1366 2975 1438 3010 sqq
1461 2991 1467 2999 .

176 3021 189 3040 ³
239 3019 386 3057 Petrus
404 3019 622 3057 cardinalis
640 3019 839 3065 Pacheco,
859 3021 926 3067 qui
944 3023 1065 3069 paulo
1083 3026 1171 3070 post
1189 3034 1211 3059 e
1231 3021 1313 3060 vita
1332 3021 1537 3070 migravit.
1567 3020 1629 3059 Cf.
1649 3021 1750 3060 Lai-

129 3081 197 3120 m'i
214 3079 425 3127 Monam,
445 3079 520 3126 IV,
540 3079 622 3123 697.
643 3084 778 3117 annot.
798 3079 833 3118 2.
