1908 3446
566 170 879 207 393.-—PA1‹1S11S
910 170 923 205 l
948 170 1056 216 JULn
1090 169 1176 206 1560
1568 168 1638 205 693

61 276 193 314 reliae
227 287 332 313 suae
367 287 444 324 per
476 275 748 313 Societatem
780 275 1012 326 episcopus
1044 273 1280 312 desiderat.
1305 273 1397 311 Nos
1420 279 1551 311 uocat
1574 274 1683 323 Lng—

61 346 221 384 dunum
247 350 271 393 ¹,
297 349 340 383 et
362 344 475 395 apud
496 346 769 395 apamienses
791 351 966 383 nostros
989 346 1069 383 alia
1091 344 1305 395 quaedam
1338 343 1490 381 ciuitas
1525 345 1633 393 petit
1655 349 1681 381 ’-’.

61 417 118 455 At
139 419 187 456 R.
214 419 263 455 D.
290 417 522 467 episcopus
546 418 895 456 claramontanus
918 422 961 455 et
984 416 1098 455 aliud
1128 417 1361 467 collegium
1385 415 1497 467 apud
1520 422 1685 453 monta-

60 502 140 528 nos
163 501 265 527 suos
286 489 298 508 ³
322 488 462 526 erexit
487 490 709 526 sexcentis·
727 489 845 527 libris
868 489 1018 526 annuis
1041 488 1253 526 (lotatum.
1279 489 1443 526 Prorex
1462 488 1592 526 etiam
1615 488 1685 525 A]-

60 562 248 599 mericae
285 560 536 599 Gallicanae
558 565 585 605 ⁴,
611 566 657 598 ut
688 562 822 605 aiunt,
860 574 946 599 non
983 566 1127 598 cessat
1164 560 1420 611 efflagitare,
1458 572 1683 609 quousque

61 633 141 671 sibi
159 638 342 670 conatus
363 631 571 682 adiungat
602 633 838 670 Societatis
862 637 905 670 et
927 633 1148 682 suppetias
1184 638 1340 670 exoret
1371 631 1425 669 ad
1454 631 1685 682 profligan-

61 706 157 743 dam
180 705 411 742 immanem
434 703 547 740 illam
571 703 839 741 infidelitatis
862 703 1105 741 barbariem
1134 716 1237 741 suae
1261 704 1442 750 insulae,
1468 708 1512 740 ut
1534 715 1686 752 propa-

61 782 190 828 getur
212 776 252 813 in
272 788 324 813 ea
339 787 500 812 nomen
522 774 698 812 Christi.
726 775 807 812 Hic
830 780 896 813 est
920 787 1055 825 eques
1078 774 1273 821 rhodius,
1298 775 1361 812 uir
1385 786 1489 812 sane
1518 774 1612 823 pius
1644 778 1686 811 et

60 848 217 886 nobilis
238 846 551 895 (communicat
569 846 682 883 enim
714 846 893 896 singulis
915 846 1162 896 quindecim
1184 846 1354 892 diebus,
1380 851 1425 882 ut
1447 845 1684 891 minimum,

61 918 174 971 apud
198 920 246 957 l).
275 918 545 956 Germanum
568 929 665 954 cum
683 917 810 966 alijs),
834 919 905 967 qui
926 930 1004 967 pro
1023 917 1109 955 fide
1126 917 1303 964 Christi,
1328 920 1373 954 ut
1395 929 1581 966 aequum
1605 920 1685 962 est,

62 993 196 1030 uellet
218 990 395 1041 quidem
424 1001 636 1040 pugnare,
661 1000 711 1026 ac
733 989 1036 1039 temporalium
1067 1001 1211 1026 rerum
1243 1001 1389 1026 curam
1411 1000 1586 1039 gerere3
1610 986 1688 1025 sed

61 1063 299 1101 animarum
323 1062 511 1099 salutem
533 1067 551 1085 a
575 1065 751 1097 nostros
774 1065 979 1111 satagere
1002 1060 1152 1098 uellet.

114 1144 151 1180 3.
214 1134 366 1171 Restat
387 1132 534 1182 igitur,
559 1133 606 1169 R.
633 1132 697 1177 R,
722 1136 951 1181 postquam
982 1132 1092 1170 haec
1124 1132 1267 1170 onmia
1298 1133 1344 1169 R.
1374 1132 1416 1168 P.
1442 1131 1491 1169 Τ.
1526 1144 1576 1169 ac
1598 1130 1687 1168 uni-

62 1217 217 1243 uersae
240 1202 455 1242 Societati
476 1203 700 1252 posuimus
734 1203 788 1240 ob
821 1204 989 1249 oculos,
1023 1207 1068 1240 ut
1099 1203 1174 1241 abs
1205 1207 1249 1240 te
1283 1215 1457 1241 omnem
1488 1202 1686 1253 gratiam,

63 1288 236 1314 omnem
260 1287 390 1325 opem
414 1279 459 1311 et
488 1273 695 1311 auxilium
728 1286 978 1312 exoremus,
1010 1276 1057 1312 In
1086 1280 1160 1312 tua
1191 1273 1317 1311 situm
1352 1280 1418 1311 est
1447 1278 1688 1324 potestate,

62 1353 163 1385 tuae
185 1346 415 1397 probitatis
439 1350 507 1383 est
529 1350 573 1383 et
596 1344 835 1395 sapientiae
869 1345 1057 1395 optimos
1077 1346 1295 1396 principes
1328 1351 1372 1383 et
1393 1346 1506 1383 bene
1529 1344 1584 1383 de
1613 1357 1689 1382 no-

61 1419 127 1457 bis
148 1418 344 1464 meritos,
368 1416 534 1454 amicos
557 1421 600 1453 et
621 1416 818 1455 fautores
840 1418 966 1455 nobis
988 1429 1269 1463 conseruare,
1294 1417 1532 1455 Societatis
1553 1415 1689 1467 digni-

62 1495 199 1529 tatem
220 1487 349 1536 tueri,
383 1493 428 1527 et
456 1487 722 1538 periclitanti
753 1488 853 1527 huic
884 1501 1021 1539 regno
1055 1489 1273 1539 opitulari,
1306 1488 1360 1526 de
1392 1488 1514 1526 cuius
1550 1488 1689 1526 salute

62 1560 384 1612 desperandum
408 1564 489 1606 est,
513 1559 595 1597 nisi
626 1560 712 1597 cito
746 1564 1038 1598 succurratur.
1073 1560 1204 1609 Quod
1226 1573 1329 1598 sane
1361 1559 1554 1598 nonnulli
1576 1559 1691 1597 haud

63 1632 261 1671 modicae
297 1629 577 1669 authoritatis
612 1631 812 1669 homines
847 1632 969 1682 quasi
1003 1631 1195 1669 futurum
1236 1632 1472 1671 Societatis
1511 1636 1689 1669 nostrae

40 1705 199 1755 ‘opera
218 1703 515 1754 praesagiunt,
536 1702 591 1740 de
613 1702 826 1753 religione
850 1703 968 1740 beati
990 1703 1204 1741 Dominici
1223 1704 1449 1754 proposito
1468 1703 1688 1752 exemplo.

65 1775 178 1813 Olim
201 1775 370 1813 scilicet
400 1774 562 1811 factum
595 1785 693 1811 esse
716 1771 817 1810 dum
853 1778 1126 1824 grassaretur
1158 1773 1345 1812 exitiosa
1374 1774 1561 1825 quedam
1592 1774 1692 1812 hae·

63 1847 172 1885 resis
193 1846 306 1885 inter
341 1845 617 1892 christianos,
655 1850 702 1882 ut
736 1842 883 1882 diuino
915 1844 1104 1895 quodam
1136 1845 1318 1884 consilio
1356 1850 1400 1883 et
1430 1845 1638 1884 benefitio
1669 1858 1693 1883 a

62 1924 274 1957 nascente
294 1917 366 1955 illa
387 1916 603 1968 religione
624 1916 854 1966 profligata
879 1917 1053 1954 omnino
1078 1922 1122 1954 et
1150 1917 1298 1956 deleta
1318 1917 1465 1964 fuerit,
1498 1922 1628 1968 atque
1651 1917 1692 1955 in

65 1989 340 2040 tranquillum
363 1993 523 2026 statum
546 2001 669 2026 suum
700 1987 904 2026 restituta
925 1988 1139 2026 Ecclesia.
1165 1989 1249 2038 Qui
1281 1989 1363 2026 scit
1390 1988 1599 2039 (pergens
1620 1987 1691 2026 ille

63 2061 218 2113 inquit)
238 2073 340 2098 num
361 2060 549 2098 fortasse
574 2064 618 2097 et
645 2058 799 2097 horum
830 2065 1080 2098 nostrorum
1110 2065 1357 2111 temporum
1388 2060 1566 2098 miserta
1587 2058 1693 2098 diui-

64 2146 118 2172 na
139 2131 373 2170 clementia
393 2129 436 2168 in
457 2131 614 2168 horum
636 2130 833 2168 manibus
854 2129 1059 2168 auxilium
1080 2132 1207 2169 nobis
1239 2129 1479 2176 collocarit,
1501 2144 1611 2182 quos
1633 2136 1693 2168 ta-

65 2217 164 2242 men
184 2203 245 2242 ita
274 2202 434 2241 misere
464 2215 545 2239 nos
576 2200 854 2252 repudiamus
887 2206 931 2239 et
964 2202 1248 2253 negligimus?
1279 2202 1316 2240 O
1351 2202 1514 2241 utinam
1549 2202 1695 2241 diuina

66 2275 300 2326 elargiatur
323 2273 511 2319 bonitas,
536 2278 582 2311 ut
603 2285 715 2323 quae
737 2274 946 2322 qualesue
967 2273 1052 2311 sint
1073 2273 1311 2312 Societatis
1331 2280 1510 2313 nostrae
1529 2274 1693 2325 cogita-

66 2347 225 2394 tiones,
249 2344 483 2392 desideria,
507 2343 652 2383 studia
682 2350 725 2383 et
748 2350 931 2383 conatus
963 2358 1060 2384 eum
1091 2359 1258 2384 summa
1285 2347 1368 2384 Dei
1396 2345 1538 2397 gloria
1559 2346 1693 2385 omni-

65 2420 144 2456 bus
164 2418 428 2456 innotescat.
452 2416 627 2453 Fratres
650 2428 801 2454 omnes
818 2416 902 2454 iam
924 2421 1125 2454 aestuant
1142 2416 1363 2456 desiderio
1385 2416 1632 2467 prodeundi
1650 2422 1694 2455 et

65 2502 199 2541 parua
220 2489 351 2528 etiam
373 2500 495 2545 mtora
517 2487 757 2537 excruciarj
791 2486 1010 2526 uidentur.
1034 2488 1210 2527 Vellent
1243 2489 1356 2527 enim
1385 2488 1562 2540 dignum
1592 2488 1694 2540 quid

67 2575 122 2602 ex
141 2566 231 2599 tam
251 2559 385 2598 nobili
409 2563 452 2597 et
473 2564 561 2597 tarn
583 2559 736 2608 uast[a]
761 2559 781 2584 b
808 2560 1035 2609 prouincia
1056 2560 1104 2599 R.
1130 2562 1176 2599 P.
1202 2561 1250 2599 Τ.
1276 2560 1488 2612 pendere,
1523 2561 1694 2599 omissis

113 2687 133 2706 a
181 2687 230 2723 de
250 2705 293 2711 —-
312 2684 531 2721 salute.—b
565 2683 762 2720 Abscissa
783 2683 950 2720 charta.

178 2813 287 2850 Vide
307 2823 443 2858 supra,
464 2822 500 2855 p.
522 2807 604 2852 366,
625 2807 706 2844 374.

177 2872 286 2908 Vide
307 2885 344 2918 p.
363 2870 444 2907 577.

182 2931 354 2969 Videtur
374 2931 558 2968 alludere
578 2930 628 2967 ad
642 2929 864 2976 collegium
883 2929 1177 2968 mauriacense.
1201 2931 1307 2969 Vide
1326 2943 1462 2978 supra,
1483 2944 1519 2977 p.
1540 2929 1621 2966 673.

180 2990 215 3029 O
237 2991 319 3027 viso
363 2990 422 3027 rei
442 2990 490 3027 de
508 2989 712 3027 Aluernia
726 2990 774 3026 de
790 2988 949 3035 Franca
969 2989 1014 3034 (J)
1033 3000 1143 3028 vers.
1165 2991 1282 3028 lusit.
1299 2989 1408 3028 Vide
1434 3003 1471 3037 p.
1499 2989 1569 3027 547
1583 3009 1596 3015 -
1611 2988 1693 3026 548.

114 2816 128 3013 *0⁵8*—
