1908 3446
235 227 283 264 92
662 231 669 233 “
700 228 918 267 LITTERAE
946 230 1303 275 QUADRIMESTRES

192 330 402 379 pietatem
424 332 679 381 pertrahere
700 345 946 382 possemus,
986 338 1029 370 et
1064 332 1188 371 nobis
1211 332 1263 370 ad
1295 346 1343 371 se
1377 333 1619 373 accedendi
1648 334 1820 384 quoties

193 399 258 438 ita
295 413 402 450 opus
438 399 506 447 sit,
544 402 614 439 vel
653 403 782 440 etiam
818 402 1006 450 libuerit,
1040 402 1302 441 liberrimam
1336 409 1604 454 potestatem
1638 404 1817 444 faciens.

194 471 443 521 Quinetiam
472 474 669 523 promisit
700 487 919 525 nunquam
956 487 1002 512 se
1035 475 1105 512 vel
1136 474 1357 513 minimum
1389 487 1540 513 eorum
1574 476 1820 514 immutatu-

191 555 300 590 rum,
325 555 437 593 quae
459 557 483 581 a
503 557 582 583 suo
605 545 749 583 forent
784 551 907 595 patre
931 546 1182 584 constituta.
1217 546 1364 584 Taceo
1400 547 1518 597 quod
1552 546 1606 585 ad
1640 548 1692 586 R.
1730 548 1779 586 P.
1802 556 1821 575 ἃ

192 612 554 664 supplicationem
577 629 788 653 summam
810 615 1024 665 quandam
1045 616 1339 666 pecuniariam
1374 617 1454 655 sibi
1484 631 1507 655 a
1537 618 1725 667 quodam
1747 618 1820 656 mi·
1878 643 1880 647 -

190 685 426 724 nistrorum
447 685 640 725 debitam
663 687 903 725 liberaliter
927 692 969 724 et
991 687 1117 725 facile
1134 688 1153 712 b
1175 688 1407 727 remiserit.
1434 690 1672 728 Praetereo
1691 690 1820 729 etiam
1878 682 1880 688 ¹

190 762 351 807 quanta
371 756 612 795 deuotione
636 759 683 795 Ρ.
709 760 761 796 N.
788 758 842 795 de
864 758 981 796 auita
1001 771 1310 809 germanorum
1332 760 1546 810 religione
1579 766 1622 798 et
1657 761 1820 811 pietate

191 827 335 879 deque
358 829 630 867 subditorum
654 842 759 880 erga
780 830 1000 880 praelatos
1023 829 1275 868 obedientia
1296 830 1587 870 disserentem
1617 832 1818 881 audierit,

191 905 235 937 et
256 900 432 951 quidem
455 899 674 939 affirmare
698 902 1053 950 epropemodzmz
1071 901 1187 939 R.‘¹¹1⁵
1202 903 1247 939 P.
1273 902 1466 940 audebat
1484 915 1530 940 se
1552 903 1820 953 lachryman-
1878 928 1880 934 ι

188 976 279 1009 tem
296 971 425 1022 pium
447 983 615 1022 regem,
635 970 735 1009 dum
758 972 868 1009 haec
889 971 1073 1019 diceret,
1095 972 1271 1010 vidisse.

248 1044 308 1080 18.
376 1043 571 1093 Reginae
613 1043 870 1090 Bohemiae,
906 1043 1115 1083 sereniss.
1157 1044 1284 1096 regis
1319 1045 1597 1085 Maximiliani
1630 1046 1821 1098 piissima
1878 1035 1880 1043 λ

191 1115 380 1153 coniunx
405 1116 429 1162 ¹,
454 1120 549 1153 tota
572 1120 615 1152 et
636 1115 730 1166 ipsa
750 1121 901 1154 nostra
924 1121 1005 1164 est,
1031 1117 1152 1155 cuius
1174 1117 1216 1154 in
1237 1130 1317 1155 nos
1338 1122 1425 1157 tam
1449 1119 1605 1158 erebra
1627 1124 1726 1157 sunt
1746 1119 1820 1157 be·
1878 1168 1879 1173 ¹

190 1185 360 1232 neficia,
385 1191 432 1223 vt
454 1185 642 1224 assidua
664 1186 684 1211 d
704 1199 817 1237 pene
839 1187 1084 1226 videantur.
1105 1188 1214 1227 Cum
1232 1194 1378 1228 autem
1394 1191 1487 1242 ipsa
1509 1189 1820 1229 cristianissimi
1878 1215 1879 1220 =

189 1257 322 1307 patris
349 1257 497 1296 Caroli
529 1258 738 1307 exequias
768 1258 890 1310 regia
920 1259 1245 1311 magnificentia
1267 1266 1310 1299 et
1332 1275 1500 1300 summa
1527 1275 1623 1301 curn
1653 1262 1818 1312 pietate

190 1328 416 1366 celebrare
438 1329 568 1379 paulo
590 1333 692 1367 ante
715 1328 910 1368 natalitia
929 1330 1044 1368 festa
1063 1331 1339 1379 instituisset,
1362 1333 1574 1371 instanter
1594 1345 1672 1384 per
1694 1332 1819 1371 R.‘¹¹SS

188 1400 566 1451 archiepiscopum
599 1401 939 1452 strigoniensem
970 1404 982 1422 ²
1013 1415 1037 1440 a
1066 1403 1193 1441 nobis
1212 1403 1354 1454 petiit,
1373 1410 1420 1442 vt
1441 1405 1568 1443 funus
1589 1410 1817 1455 paternum

190 1471 388 1510 oratione
419 1472 593 1511 funebri
623 1477 876 1511 nostrorum
911 1473 1063 1524 aliquis
1095 1475 1423 1514 cohonestaret.
1447 1477 1541 1514 Nos
1571 1488 1678 1517 vero
1701 1476 1817 1527 quic—

188 1542 290 1592 quid
316 1553 363 1581 10
384 1542 553 1581 dierum
576 1542 724 1594 spacio
748 1545 852 1594 (quo
876 1550 921 1582 et
952 1545 1258 1596 componenda
1280 1551 1323 1584 et
1353 1547 1593 1585 memoriae
1615 1547 1817 1586 mandan-

188 1614 243 1652 da
265 1619 357 1652 erat
380 1615 540 1665 oratio)
570 1615 783 1666 praestari
812 1621 979 1666 posset,
1012 1629 1100 1655 non
1130 1617 1344 1668 grauatim
1364 1617 1656 1669 promisimus.
1681 1618 1818 1657 Affuit

187 1690 334 1723 autem
356 1683 572 1733 dominus,
605 1691 653 1723 vt
684 1698 858 1737 semper
889 1686 1068 1733 assolet,
1102 1700 1279 1727 suorum
1302 1689 1547 1736 conatibu83
1579 1702 1678 1727 nam
1702 1703 1817 1727 sum-

189 1768 256 1794 ma
279 1769 376 1796 cum
407 1754 535 1795 laude
558 1761 602 1794 et
625 1757 859 1794 multorum
881 1756 1168 1796 admiratione
1190 1757 1303 1797 inter
1324 1759 1417 1810 ipsa
1432 1759 1658 1798 missarum
1677 1761 1817 1799 solen-

187 1827 257 1865 nia
278 1827 402 1878 graui
423 1826 547 1866 simul
571 1832 613 1866 et
635 1828 867 1879 perspicua
885 1830 1084 1869 oratione
1108 1829 1254 1870 Caroli
1274 1843 1381 1869 vere
1403 1831 1579 1869 maximi
1600 1831 1818 1870 laudeset

189 1898 388 1937 encomia
409 1900 462 1937 ab
484 1913 570 1938 vno
589 1904 840 1938 nostrorum
863 1906 962 1939 sunt
982 1901 1180 1940 recitata.
1206 1903 1421 1941 Intererat
1447 1903 1550 1941 huic
1569 1902 1819 1946 solennitati
1875 1919 1878 1927 ·

186 1969 279 2020 ipsa
312 1970 517 2009 sereniss,
556 1970 724 2022 regina3
759 1971 912 2010 aderat
953 1977 997 2010 et
1032 1973 1158 2011 Rdiss
1192 1972 1497 2024 strigoniensis
1537 1986 1633 2013 cum
1666 1985 1693 2024 4
1726 1972 1817 2012 aliis

190 2041 423 2093 episcopis3
447 2048 719 2081 conuenerat
736 2042 1011 2091 vniuersitas,
1032 2050 1076 2082 et
1093 2044 1345 2083 viennensis
1365 2045 1570 2084 nobilitas
1590 2045 1685 2083 fere
1706 2049 1814 2083 tota.

238 2124 297 2162 19.
345 2113 470 2152 Κόως
492 2113 715 2152 viennesis
736 2118 749 2136 ⁸
769 2114 896 2153 nobis
918 2113 1239 2154 addictissimus
1258 2121 1339 2163 est,
1359 2115 1431 2167 qui
1458 2124 1475 2141 e
1498 2120 1703 2166 tanquam
1720 2129 1815 2154 cum

187 2183 285 2224 filiis
316 2185 579 2224 charissimis
608 2198 686 2224 sua
714 2186 942 2225 nobiseum
971 2192 1159 2225 tractare
1190 2187 1304 2225 solet
1333 2186 1527 2238 negotia.
1557 2185 1701 2225 Vtitur
1729 2197 1817 2225 non
1874 2225 1876 2230 .

188 2268 285 2294 raro
309 2269 444 2308 opera
464 2262 614 2296 nostra
634 2257 677 2295 in
704 2258 836 2295 rebus
857 2257 989 2296 fidem
1010 2258 1269 2309 praesertim
1291 2263 1336 2296 et
1356 2258 1615 2309 religionem
1638 2271 1816 2297 concer-

187 2327 405 2365 nentibus.
441 2329 638 2377 Cumque
659 2328 702 2365 in
732 2328 1045 2367 viennensibus
1074 2328 1275 2367 nundinis
1295 2328 1504 2380 proximis
1521 2328 1816 2368 ‘sceleratissi-

187 2411 284 2437 mae
306 2398 521 2450 quaedam
552 2404 596 2437 et
630 2412 759 2450 supra
789 2399 967 2438 modum
1002 2400 1043 2438 in
1075 2400 1235 2439 Christi
1268 2400 1500 2451 pontifices
1535 2401 1816 2451 blasphemae
1874 2399 1876 2403 ’

187 2470 402 2521 imagines
422 2471 508 2508 huc
528 2470 712 2508 fuissent
743 2470 974 2518 aduectae,
1000 2476 1044 2509 et
1064 2471 1191 2509 huius
1212 2471 1275 2509 rei
1295 2471 1436 2522 gratia
1457 2485 1481 2510 a
1502 2473 1622 2510 celso
1645 2471 1816 2523 regimi-
1873 2471 1876 2480 ’

188 2554 244 2579 ne
267 2546 311 2579 et
332 2541 533 2592 episcopo
556 2541 704 2579 RdiSSO
726 2543 736 2566 f
769 2542 989 2593 inquisitio
1007 2542 1208 2581 facienda
1227 2556 1305 2594 per
1327 2543 1517 2595 singulas
1540 2543 1735 2583 officinas
1755 2544 1815 2582 iu·
1874 2550 1876 2555 ’

238 2685 256 2703 a
278 2677 460 2731 eiusdem
478 2677 624 2714 Patris.
679 2680 732 2704 --b
755 2678 847 2726 Seq.
865 2679 947 2716 del.
970 2679 1109 2716 condo.
1152 2687 1214 2705 -0
1244 2678 1471 2717 affirmabat
1489 2680 1608 2717 idem.
1645 2681 1711 2727 -u
1725 2693 1817 2718 con-

189 2736 315 2773 tinua.
371 2744 438 2762 —e
481 2737 548 2783 qui
569 2743 706 2783 supra
726 2749 852 2783 vers„
873 2737 1010 2775 deleto
1029 2737 1152 2775 immo
1171 2738 1235 2783 (Ρ).
1291 2739 1348 2765 ——1
1377 2739 1577 2786 episcopo.

553 2830 590 2856 Χ

235 2900 243 2919 ¹
297 2897 431 2935 Maria
452 2898 686 2937 Austriaea.

232 2958 246 2978 ²
298 2956 492 2995 Nicolaus
512 2957 683 2996 Olahus.

232 3018 245 3038 ³
298 3016 407 3055 Vide
426 3030 519 3065 pag.
539 3017 598 3063 84,
620 3023 756 3056 annot.
776 3017 810 3055 2.
