1908 3446
546 228 906 267 451.-›Momc1110
930 228 976 265 29
1002 227 1246 266 DECEMBRIS
1274 228 1364 266 1560
1651 229 1722 267 975

146 330 368 369 studiosus
390 332 612 370 haeretice
636 340 654 358 a
677 338 721 371 et
743 338 875 371 natus·
892 339 934 371 et
966 333 1192 380 educatus,
1229 333 1377 384 agnita
1410 345 1488 383 per
1518 339 1766 372 nostrorum

148 404 385 441 conciones
408 405 593 442 ueritate
619 406 881 453 orthodoxa,
915 405 967 444 ad
998 406 1210 456 gremium
1242 405 1459 443 ecclesiae
1492 418 1536 442 se
1567 407 1766 444 contulit.

148 476 260 513 Hinc
280 475 411 513 etiam
433 476 494 522 fit,
519 482 563 513 ut
592 489 790 526 magnam
821 477 891 515 hic
921 477 1195 527 experiamur
1228 489 1332 527 erga
1363 488 1529 514 sacram
1552 477 1769 515 eucharis-

146 547 248 584 tiam
270 547 418 597 populi
440 546 739 595 deuotionem,
773 555 817 586 et
849 549 1029 599 singulis
1058 562 1170 599 pene
1194 548 1318 586 festis
1349 547 1477 598 aliqui
1501 560 1548 585 se
1571 548 1768 586 eiusdem

146 618 379 668 participes
408 618 584 666 t'aciant3
616 621 850 670 praecipue
882 633 989 658 uero
1022 621 1107 658 hoc
1138 620 1298 659 Christi
1330 620 1488 666 Natali,
1522 632 1608 669 quo
1645 620 1765 657 multi

145 689 257 727 adeo
293 703 390 728 cum
426 690 601 729 Christo
633 692 721 730 nati
753 698 865 739 sunt,
900 699 946 730 ut
967 691 1192 730 ciuitatem
1224 692 1333 729 hanc
1364 692 1405 729 in
1437 691 1768 730 admirationem

145 767 324 812 propter
347 762 409 799 rei
432 763 653 801 raritatem
676 764 1010 801 commouerint.
1036 764 1081 801 In
1106 763 1396 811 xenodochijs
1417 763 1555 800 nostri
1575 763 1768 813 gratissi-

146 847 256 871 mam
279 845 457 884 operam
480 835 699 873 collocant
719 836 997 885 pauperibus,
1021 835 1175 886 partim
1198 835 1590 881 consolationibus,
1615 835 1768 885 partim

145 905 447 956 frequentibus
483 906 739 944 eorumdem
769 907 1104 945 uisitationibus.
1138 907 1234 944 Nec
1264 907 1402 944 minus
1437 911 1648 956 acceptae
1671 911 1770 943 sunt

146 977 384 1015 conciones
414 983 665 1016 nostrorum
696 978 857 1016 multae
888 978 929 1016 in
960 978 1082 1028 pagis
1114 976 1539 1023 circumiacentibus3
1562 990 1653 1015 rem
1676 990 1769 1028 gra-

146 1048 304 1086 tiorem
324 1049 572 1098 pastoribus
595 1049 740 1088 facere
762 1062 849 1087 non
876 1062 1122 1100 possumus,
1146 1062 1273 1100 quam
1307 1050 1341 1086 si
1363 1049 1535 1099 saepius
1567 1061 1769 1086 excurra-

148 1133 256 1167 mus,
281 1127 328 1158 ut
349 1122 538 1159 rusticae
561 1122 818 1172 plebeculae
841 1135 996 1172 panem
1015 1122 1130 1160 uitae
1152 1121 1415 1173 frangamus.

198 1201 236 1238 3.
298 1193 362 1229 De
384 1192 661 1231 illustrissimi
681 1193 819 1231 nostri
841 1192 964 1231 ducis
987 1197 994 1215 ¹
1020 1206 1125 1244 erga
1147 1193 1406 1244 religionem
1429 1191 1706 1230 christianam
1728 1196 1772 1228 et

146 1264 243 1300 Iesu
265 1263 536 1301 Societatem
557 1265 722 1315 pietate
740 1265 823 1303 iam
842 1265 1040 1302 omnibus
1062 1270 1249 1311 constat,
1273 1276 1400 1314 quam
1421 1263 1549 1301 facile
1566 1262 1667 1300 inde
1685 1262 1771 1300 col-

144 1334 333 1385 ligimus,
357 1334 474 1384 quod
495 1336 725 1386 plurimum
746 1335 907 1374 nostris
937 1335 1126 1387 gaudeat
1157 1335 1458 1382 concionibuS,
1483 1340 1528 1373 et
1550 1333 1708 1384 cupiat,
1734 1333 1769 1371 si

144 1418 227 1456 qua
248 1405 289 1443 in
311 1418 356 1444 re
378 1411 542 1456 potest,
566 1413 764 1445 nostrum
794 1419 1057 1458 promouere
1089 1407 1333 1444 institutum
1357 1410 1400 1444 et
1431 1417 1602 1444 ornare.
1636 1403 1770 1443 Cuius

1151 1478 1176 1524 ²,
1216 1491 1327 1529 quae
1358 1475 1567 1528 proximis
1598 1475 1768 1522 diebus,

146 1477 332 1528 uestigia
365 1478 501 1528 probe
544 1479 739 1529 sequitur
774 1479 966 1517 inustam
1004 1490 1114 1516 uxor

144 1561 255 1598 quae
295 1562 372 1587 sua
405 1555 472 1587 est
511 1550 658 1588 innata
685 1550 841 1600 pietas,
878 1555 1073 1588 nostrum
1103 1550 1284 1600 pulchro
1320 1547 1500 1587 uestiuit
1534 1549 1667 1586 altare
1704 1559 1770 1585 or-

143 1625 262 1658 natu.
306 1621 523 1659 Proceres
563 1622 684 1659 multi
724 1621 851 1659 nobis
881 1634 936 1659 ex
972 1622 1113 1659 animo
1151 1621 1263 1658 bene
1298 1619 1464 1667 fauent,
1506 1625 1551 1657 et
1585 1618 1769 1656 subinde

150 1697 300 1743 optant
347 1705 450 1730 suos
495 1691 608 1730 filios
652 1698 830 1731 nostrae
877 1692 1148 1730 concredere
1191 1692 1459 1742 disciplinae:
1507 1703 1591 1740 qua
1636 1691 1677 1728 in
1724 1703 1769 1728 re

143 1776 248 1801 sane
272 1763 487 1814 repulsam
509 1763 551 1801 in
572 1764 919 1814 praesentiarum
941 1776 965 1801 a
984 1764 1112 1801 nobis
1134 1763 1220 1814 pati
1242 1763 1454 1810 debuere3
1477 1774 1563 1800 non
1585 1761 1768 1812 passuri,

144 1835 179 1873 si
200 1848 279 1873 suo
303 1841 502 1886 tempore
525 1835 773 1874 fundamina
796 1835 971 1887 collegij
995 1835 1120 1872 huius
1142 1835 1305 1873 firmius
1328 1841 1371 1873 et
1398 1834 1588 1885 quietius
1609 1834 1770 1872 fuerint

144 1908 375 1946 collocata.
401 1906 467 1945 Ad
487 1908 606 1958 quod
627 1908 743 1946 idem
764 1907 1012 1946 faciendum
1042 1907 1357 1946 illustrissimus
1387 1907 1589 1957 princeps
1619 1911 1771 1944 noster

143 1980 226 2018 iam
247 1980 435 2018 animum
457 1980 633 2026 adiecit,
659 1979 756 2018 curn
776 1981 975 2018 nimirum
998 1980 1125 2018 alicui
1147 1980 1165 2004 b
1188 1993 1211 2017 a
1232 1980 1416 2018 secretis
1438 1979 1541 2026 suis,
1565 1984 1611 2016 ut
1634 1979 1770 2017 selec-

144 2051 310 2090 tissima
329 2064 529 2103 quaeque
551 2052 722 2090 futurae
750 2052 888 2103 frugis
910 2052 1085 2103 ingenia
1115 2056 1411 2102 congregaret
1444 2041 1704 2097 excolenda,
1728 2050 1769 2087 in

144 2123 357 2162 mandatis
379 2123 566 2162 dederit.
591 2124 683 2162 Nos
705 2124 877 2162 interim
900 2123 986 2161 hoc
1017 2123 1276 2169 curabimus,
1303 2128 1347 2160 ut
1371 2123 1526 2160 domus
1556 2121 1770 2178 quaedam

144 2196 185 2233 in
207 2209 331 2233 usum
353 2197 657 2235 conuictorum
680 2201 725 2234 et
741 2208 979 2246 pauperum
998 2196 1180 2242 aliorum
1197 2200 1319 2232 recte
1336 2194 1602 2232 instituatur.
1625 2193 1770 2231 Domi-

144 2279 223 2304 nus
245 2268 382 2314 Iesus,
407 2267 476 2305 cui
497 2267 624 2305 vnice
656 2267 840 2305 militare
873 2267 1084 2317 cupimus,
1115 2267 1224 2304 haec
1255 2266 1398 2304 omnia
1428 2265 1481 2303 ad
1513 2277 1631 2302 suam
1667 2276 1770 2302 con-

146 2344 289 2377 uertat
310 2339 510 2390 gloriam.

196 2422 234 2460 4.
296 2412 359 2449 De
395 2411 647 2450 leuiusculis
682 2411 940 2462 quibusdam
974 2411 1373 2462 persecutionibus,
1411 2422 1523 2460 quae
1554 2410 1768 2448 Societati

145 2494 400 2520 communes
422 2483 698 2533 contingunt,
723 2482 943 2521 disserere
967 2483 1101 2520 multa
1116 2495 1201 2520 non
1222 2487 1289 2519 est
1306 2482 1550 2532 praesentis
1567 2482 1767 2527 instituti,

145 2565 242 2591 cum
277 2554 320 2592 in
350 2552 506 2603 ijsdem
537 2567 640 2592 sane
671 2555 713 2592 in
744 2554 920 2592 Christo
959 2567 1055 2592 cum
1086 2553 1188 2592 diuo
1221 2553 1356 2591 Paulo
1396 2554 1574 2603 gloriari
1610 2552 1770 2591 debea-

194 2788 212 2806 a
265 2779 495 2816 haereticae
515 2789 596 2816 ms.
650 2779 715 2804 —b
735 2778 908 2815 alicuius
928 2789 1007 2814 ms.

194 2989 203 3008 ¹
257 2987 458 3025 Albertus
476 2987 531 3033 V,
551 2987 755 3024 Bavariae
774 2988 866 3025 dux.

193 3047 206 3066 ²
257 3047 395 3089 Anna.
416 3046 665 3084 Ferdinandi
684 3047 941 3094 imperatoris
960 3046 1054 3083 filia.
