1908 3446
430 219 819 259 296.—V1N120130NA
851 222 862 256 1
893 219 1155 258 Saprssussms
1187 220 1275 257 1559
1557 218 1626 257 323

49 333 126 374 ter,
160 324 430 365 confidenter
460 323 692 374 alloquitur
724 337 775 363 ac
801 324 882 363 illis
917 333 1228 375 nonnunquam
1250 328 1425 361 secreta
1448 323 1671 373 quaedam

50 397 186 438 cordis
207 397 271 434 sui
292 397 444 447 aperit,
470 402 515 434 ut
546 409 633 435 non
656 397 793 435 semel
815 397 914 443 iam,
940 394 1017 433 sed
1039 394 1296 446 frequenter
1319 395 1554 445 contigerit
1575 407 1675 445 pro-

51 481 170 508 ceres
192 467 401 518 quosdam
418 468 491 518 qui
512 468 737 520 legatione
759 481 810 507 ac
832 469 964 506 rebus
994 467 1133 518 gestis
1156 479 1341 518 magnae
1364 478 1538 516 semper
1561 465 1674 516 apud

50 552 292 581 caesaream
323 539 599 578 maiestatem
634 553 768 579 snam
803 540 976 578 fuerant
1012 537 1306 585 authoritatis,
1332 537 1573 576 diutissime
1598 549 1670 574 ex-

4 598 5 607 *
49 616 280 664 spectasse,
312 610 456 650 donec
485 611 557 662 qui
593 624 691 650 cum
727 610 1073 651 clevnfzentz'ssz'mo
1104 612 1262 649 nostro
1299 621 1480 647 caesare
1517 612 1609 646 erat
1647 621 1669 645 e

48 683 215 729 nostris,
240 682 544 733 egrederetur.
570 683 660 721 Imo
683 695 788 721 sane
811 683 996 734 contigit
1018 681 1267 732 aliquando,
1300 686 1346 719 ut
1379 694 1476 720 curn
1498 679 1670 731 quidam

3 741 5 795 i
49 753 244 793 enostris
281 754 480 792 Patribus
510 755 642 793 finem
679 755 899 805 colloquio
935 755 1162 805 imponere
1200 759 1244 791 et
1280 753 1481 791 cubiculo
1521 751 1673 802 egredi

47 825 318 877 imperatorio
348 832 367 850 ³
389 826 523 863 uellet
545 826 715 875 (caesar
735 826 847 864 enim
870 825 1046 864 nomine
1065 824 1290 863 cuiusdam
1308 836 1502 862 summae
1520 823 1672 861 autho-

47 896 178 936 ritatis
197 897 399 948 principis
422 909 475 935 eo
494 902 696 948 tempore
714 897 1094 948 interpellebatur)
1114 895 1225 947 [sich
1244 895 1376 934 fuerit
1392 894 1673 933 nihilominus

4 1016 5 1027 ἵ
47 969 96 1008 ab
115 969 207 1019 ipso
224 967 432 1019 pz‘jssimo
455 967 748 1007 Fe-rdinando
770 970 810 1008 et
830 968 1075 1018 prohibitus
1099 973 1142 1006 et
1163 966 1205 1005 in
1223 966 1425 1006 cubiculo
1445 965 1668 1012 detentus,

46 1039 154 1079 adeo
176 1039 356 1078 mirifice
377 1040 449 1077 ille
472 1040 673 1091 alloquijs
694 1052 1004 1090 nonnunquam
1027 1039 1274 1077 delectatur
1295 1043 1562 1076 nostrorum.

99 1121 135 1150 2.
192 1110 507 1149 Serenissirnus
537 1115 771 1162 praeterea
801 1123 879 1149 rex
913 1111 1228 1148 Maximilianus
1260 1122 1314 1147 ex
1345 1108 1506 1149 nostris
1537 1109 1671 1146 Patri-

3 1187 6 1219 ζ
47 1183 121 1221 bus
142 1182 355 1232 quendam
377 1182 609 1234 aliquando
633 1181 798 1234 regiam
832 1182 944 1220 illius
966 1182 1243 1220 maiestatem
1265 1181 1572 1227 accedentem,
1597 1181 1670 1218 be-

45 1253 169 1306 nigne
192 1266 294 1293 sane
324 1267 411 1293 non
441 1255 580 1293 semel
604 1254 796 1305 excepit,
820 1267 871 1292 ac
901 1254 1043 1293 amice
1068 1266 1242 1292 omnem
1273 1266 1394 1291 suam
1420 1265 1597 1304 operam
1626 1258 1669 1290 et

46 1326 227 1366 officium
251 1326 422 1365 obtulit.
447 1326 495 1364 Id
515 1332 748 1378 praeterea
769 1338 867 1365 cum
891 1338 944 1365 eo
969 1327 1208 1365 clementer
1230 1327 1323 1363 Rex
1346 1324 1539 1374 inclytus
1562 1324 1666 1375 egit,

0 1410 8 1442 Α
45 1402 87 1436 ut
118 1397 355 1450 singulari
383 1398 665 1438 contentione
697 1411 750 1437 ea
781 1398 925 1437 omnia
955 1397 1172 1436 suauitate
1200 1397 1385 1448 quadarn
1418 1397 1668 1434 christiana-

0 1463 7 1506 ’ἶ
43 1482 122 1521 que
143 1469 356 1509 modestia
376 1470 515 1509 libere
537 1471 579 1509 in
611 1470 849 1510 Germania
871 1475 915 1508 et
947 1470 1161 1509 Bohemia
1181 1469 1397 1520 perficere
1428 1467 1668 1506 niteremur

3 1949 10 2013 -=-†
6 1821 8 1932 -Ϋᾼᾼ

43 1554 146 1592 quae
168 1554 287 1581 caes.
316 1542 402 1581 M.ti
424 1547 549 1594 grata
581 1555 680 1581 esse
710 1541 1082 1593 intelligerentur3
1105 1541 1225 1592 quod
1247 1544 1292 1579 ut
1322 1540 1451 1578 fieret
1481 1540 1665 1590 plenius,

42 1611 250 1664 pollicitus
271 1617 337 1652 est
358 1614 469 1661 fore,
492 1626 548 1652 ne
569 1614 723 1653 fauore
755 1626 943 1664 unquam
965 1612 1314 1651 destitueremur
1337 1624 1434 1649 suo.

89 1694 126 1732 3.
183 1685 408 1724 Accrescit
430 1686 495 1736 (vt
513 1685 567 1724 de
590 1685 873 1724 serenissima
895 1685 1137 1723 Bohemiae
1160 1682 1315 1735 regina
1337 1684 1362 1730 ¹,
1386 1694 1499 1734 quae
1523 1686 1565 1719 et
1587 1694 1667 1719 nos

43 1768 185 1795 omnes
207 1760 250 1795 et
271 1757 480 1808 templum
510 1762 708 1796 nostrum
729 1753 1094 1808 praeclarissimis
1115 1754 1374 1807 quibusdam
1396 1751 1664 1799 muneribus,

43 1832 84 1865 et
104 1840 254 1866 ornare
277 1833 322 1866 et
342 1828 508 1867 donare
529 1828 661 1867 finem
691 1841 779 1866 non
806 1828 925 1875 facit,
960 1826 1134 1866 interim
1170 1826 1274 1864 nihil
1310 1824 1487 1873 dicam);
1519 1837 1665 1863 accre-

43 1899 130 1947 scit,
153 1900 337 1951 inquam,
363 1901 493 1939 etiam
514 1901 556 1939 in
579 1900 673 1939 dies
695 1900 834 1952 magis
866 1912 918 1939 ac
948 1900 1086 1950 magis
1117 1898 1368 1944 multorum,
1404 1901 1447 1935 et
1477 1896 1664 1934 maxime

42 1977 294 2023 magnatum,
320 1984 426 2024 erga
458 1985 538 2012 nos
568 1972 692 2011 fauor
725 1977 768 2011 et
798 1970 1130 2018 beneuolentia3
1161 1969 1280 2021 quod
1310 1968 1487 2020 quidem
1519 1967 1664 2005 multis

6 2044 9 2088 ξ
41 2054 137 2081 sane
158 2043 288 2095 signis
311 2049 584 2095 compertum
605 2043 834 2082 habemus.
856 2041 1055 2093 Contigit
1079 2042 1192 2079 enim
1214 2052 1430 2091 persaepe
1453 2042 1498 2077 ut
1522 2039 1665 2077 coacti

41 2113 90 2152 ab
121 2114 265 2153 amicis
294 2116 432 2154 nostri
465 2115 696 2166 pecuniam
731 2126 816 2165 qua
852 2113 1042 2164 collegio
1079 2111 1415 2163 pernecessaria
1449 2109 1663 2161 quaedam

42 2186 216 2236 empturi
238 2191 374 2234 erant,
399 2186 576 2225 domum
599 2199 697 2225 cum
719 2186 851 2224 rebus
881 2184 985 2236 ipsis
1016 2184 1172 2234 quibus
1209 2182 1445 2233 collegium
1483 2181 1660 2231 egebat,

8 2267 10 2316 ζ
39 2261 318 2307 reportarent,
341 2257 459 2308 quod
478 2259 550 2296 uel
572 2259 641 2308 alij
665 2259 684 2283 b
710 2258 936 2297 soluerent
959 2255 1247 2294 libentissime
1271 2253 1431 2300 omnia,
1455 2253 1525 2290 uel
1548 2264 1661 2289 mer-

9 2377 11 2385 !
45 2332 156 2366 cator
176 2328 268 2379 ipse
289 2330 492 2380 accipere
514 2330 647 2380 plane
670 2330 888 2368 voluisset
923 2327 1043 2366 nihil.
1073 2326 1309 2377 Negabant
1344 2324 1483 2362 nostri
1520 2321 1656 2374 gratis

10 2406 11 2443 5
41 2397 194 2449 absque
214 2401 325 2439 scitu
341 2400 552 2440 maiorum
574 2413 623 2440 se
642 2401 845 2452 accipere
866 2411 999 2451 posse
1021 2398 1267 2449 quicquam.
1292 2395 1580 2433 Affirmabant
1602 2393 1661 2432 illi

10 2462 11 2468 ¹
41 2481 84 2508 se
109 2483 238 2521 posse
257 2470 362 2510 dare
394 2473 539 2511 omnia
567 2473 723 2519 libere,
755 2471 842 2523 qui,
875 2470 993 2522 quod
1025 2482 1104 2521 pro
1137 2480 1295 2519 magno
1327 2470 1583 2517 reputarent
1615 2477 1662 2502 se

39 2539 203 2591 aliquod
230 2543 536 2593 propensionis
566 2543 632 2582 sui
663 2555 769 2594 erga
803 2555 883 2581 nos
920 2539 1048 2580 animi
1070 2540 1243 2590 signum
1267 2537 1461 2584 dedisse,
1488 2548 1660 2574 omnem

39 2611 204 2651 tandem
224 2615 461 2653 mouebant
482 2614 686 2666 lapidem,
710 2620 757 2652 ut
778 2614 973 2652 uictores
997 2624 1049 2650 ea
1069 2611 1111 2649 in
1136 2622 1182 2648 re
1206 2607 1465 2655 euaderent,
1489 2619 1658 2657 nosque

39 2682 184 2733 officijs
203 2685 378 2736 pietatis
398 2687 644 2726 uincerent.
668 2687 941 2724 Peruenerat
962 2683 1078 2722 forte
1099 2682 1275 2720 fortuna
1291 2680 1346 2719 ad
1367 2692 1496 2718 aures
1514 2679 1661 2718 cuius-

80 2861 96 2880 ²¹
141 2862 404 2911 imperatoris.
458 2864 523 2890 —b
551 2862 737 2901 Emend.
759 2873 811 2900 ex
831 2861 936 2910 alijs.

82 3035 92 3056 ¹
139 3035 269 3074 Maria
289 3037 521 3081 Austriaca,
544 3036 812 3074 Maximiliani
832 3047 947 3073 uxor.
