<?xml version="1.0" encoding="UTF-8"?>
<!DOCTYPE html PUBLIC "-//W3C//DTD XHTML 1.0 Transitional//EN"
    "http://www.w3.org/TR/xhtml1/DTD/xhtml1-transitional.dtd">
<html xmlns="http://www.w3.org/1999/xhtml" xml:lang="en" lang="en">
 <head>
  <title>
</title>
<meta http-equiv="Content-Type" content="text/html;charset=utf-8" />
  <meta name='ocr-system' content='tesseract 3.04.00' />
  <meta name='ocr-capabilities' content='ocr_page ocr_carea ocr_par ocr_line ocrx_word'/>
</head>
<body>
  <div class='ocr_page' id='page_1' title='image "./litteraequadrime1806lain_0323.png"; bbox 0 0 1908 3446; ppageno 0'>
   <div class='ocr_carea' id='block_1_1' title="bbox 566 205 1673 246">
    <p class='ocr_par' dir='ltr' id='par_1_1' title="bbox 566 205 1673 246">
     <span class='ocr_line' id='line_1_1' title="bbox 566 205 1673 246; baseline 0.002 -2"><span class='ocrx_word' id='word_1_1' title='bbox 566 205 854 245; x_wconf 65' lang='lat' dir='ltr'><strong>290.—PRA0A</strong></span> <span class='ocrx_word' id='word_1_2' title='bbox 880 207 927 244; x_wconf 81' lang='lat'><strong>30</strong></span> <span class='ocrx_word' id='word_1_3' title='bbox 954 208 1149 244; x_wconf 71' lang='lat' dir='ltr'><strong>Aucusn</strong></span> <span class='ocrx_word' id='word_1_4' title='bbox 1179 208 1269 244; x_wconf 80' lang='lat'>1559</span> <span class='ocrx_word' id='word_1_5' title='bbox 1605 210 1673 246; x_wconf 73' lang='lat'><strong>303</strong></span> 
     </span>
    </p>
   </div>
   <div class='ocr_carea' id='block_1_2' title="bbox 88 307 1724 1210">
    <p class='ocr_par' dir='ltr' id='par_1_2' title="bbox 90 307 1723 860">
     <span class='ocr_line' id='line_1_2' title="bbox 92 307 1719 359; baseline 0.002 -13"><span class='ocrx_word' id='word_1_6' title='bbox 92 308 233 359; x_wconf 88' lang='lat' dir='ltr'><strong>phiae,</strong></span> <span class='ocrx_word' id='word_1_7' title='bbox 265 313 309 346; x_wconf 89' lang='lat' dir='ltr'><strong>et</strong></span> <span class='ocrx_word' id='word_1_8' title='bbox 329 308 452 359; x_wconf 84' lang='lat' dir='ltr'>quasi</span> <span class='ocrx_word' id='word_1_9' title='bbox 480 307 729 358; x_wconf 90' lang='lat' dir='ltr'><strong>primarium</strong></span> <span class='ocrx_word' id='word_1_10' title='bbox 760 308 1041 347; x_wconf 77' lang='lat' dir='ltr'><strong>defensorem</strong></span> <span class='ocrx_word' id='word_1_11' title='bbox 1072 309 1310 348; x_wconf 90' lang='lat' dir='ltr'><strong>hussiticae</strong></span> <span class='ocrx_word' id='word_1_12' title='bbox 1341 316 1492 348; x_wconf 89' lang='lat' dir='ltr'><strong>sectae</strong></span> <span class='ocrx_word' id='word_1_13' title='bbox 1516 317 1541 348; x_wconf 85' lang='lat'><strong>¹.</strong></span> <span class='ocrx_word' id='word_1_14' title='bbox 1567 311 1643 349; x_wconf 91' lang='lat' dir='ltr'><strong>Ille</strong></span> <span class='ocrx_word' id='word_1_15' title='bbox 1678 312 1719 349; x_wconf 93' lang='lat' dir='ltr'><strong>in</strong></span> 
     </span>
     <span class='ocr_line' id='line_1_3' title="bbox 91 377 1721 433; baseline 0.002 -16"><span class='ocrx_word' id='word_1_16' title='bbox 91 377 240 430; x_wconf 85' lang='lat' dir='ltr'><strong>spiritu</strong></span> <span class='ocrx_word' id='word_1_17' title='bbox 261 380 443 417; x_wconf 90' lang='lat' dir='ltr'><strong>multum</strong></span> <span class='ocrx_word' id='word_1_18' title='bbox 473 379 675 430; x_wconf 81' lang='lat' dir='ltr'><strong>profecit,</strong></span> <span class='ocrx_word' id='word_1_19' title='bbox 700 380 771 418; x_wconf 90' lang='lat' dir='ltr'><strong>hic</strong></span> <span class='ocrx_word' id='word_1_20' title='bbox 791 380 845 418; x_wconf 89' lang='lat' dir='ltr'><strong>ad</strong></span> <span class='ocrx_word' id='word_1_21' title='bbox 875 380 1116 418; x_wconf 87' lang='lat' dir='ltr'><strong>secundam</strong></span> <span class='ocrx_word' id='word_1_22' title='bbox 1148 381 1470 420; x_wconf 80' lang='lat' dir='ltr'><strong>hebdomadam</strong></span> <span class='ocrx_word' id='word_1_23' title='bbox 1506 395 1593 421; x_wconf 90' lang='lat' dir='ltr'><strong>non</strong></span> <span class='ocrx_word' id='word_1_24' title='bbox 1624 396 1721 433; x_wconf 90' lang='lat' dir='ltr'><strong>per-</strong></span> 
     </span>
     <span class='ocr_line' id='line_1_4' title="bbox 91 450 1721 505; baseline 0.002 -16"><span class='ocrx_word' id='word_1_25' title='bbox 91 452 225 497; x_wconf 91' lang='lat' dir='ltr'><strong>uenit,</strong></span> <span class='ocrx_word' id='word_1_26' title='bbox 249 450 366 501; x_wconf 91' lang='lat' dir='ltr'><strong>quod</strong></span> <span class='ocrx_word' id='word_1_27' title='bbox 387 464 467 489; x_wconf 91' lang='lat' dir='ltr'><strong>nos</strong></span> <span class='ocrx_word' id='word_1_28' title='bbox 488 463 678 502; x_wconf 82' lang='lat' dir='ltr'><strong>pergere</strong></span> <span class='ocrx_word' id='word_1_29' title='bbox 699 452 843 490; x_wconf 87' lang='lat' dir='ltr'><strong>iuxtas</strong></span> <span class='ocrx_word' id='word_1_30' title='bbox 867 453 922 490; x_wconf 90' lang='lat' dir='ltr'><strong>ob</strong></span> <span class='ocrx_word' id='word_1_31' title='bbox 946 464 1099 490; x_wconf 79' lang='lat' dir='ltr'>causas</span> <span class='ocrx_word' id='word_1_32' title='bbox 1119 453 1352 501; x_wconf 88' lang='lat' dir='ltr'><strong>nollemus,</strong></span> <span class='ocrx_word' id='word_1_33' title='bbox 1377 453 1495 504; x_wconf 90' lang='lat' dir='ltr'><strong>quod</strong></span> <span class='ocrx_word' id='word_1_34' title='bbox 1516 454 1609 505; x_wconf 88' lang='lat' dir='ltr'><strong>ipse</strong></span> <span class='ocrx_word' id='word_1_35' title='bbox 1632 455 1721 505; x_wconf 83' lang='lat' dir='ltr'><strong>qui-</strong></span> 
     </span>
     <span class='ocr_line' id='line_1_5' title="bbox 92 521 1722 573; baseline 0.002 -13"><span class='ocrx_word' id='word_1_36' title='bbox 92 522 190 560; x_wconf 89' lang='lat' dir='ltr'><strong>dem</strong></span> <span class='ocrx_word' id='word_1_37' title='bbox 212 521 458 573; x_wconf 82' lang='lat' dir='ltr'><strong>aegerrime</strong></span> <span class='ocrx_word' id='word_1_38' title='bbox 479 523 592 560; x_wconf 88' lang='lat' dir='ltr'><strong>tulit.</strong></span> <span class='ocrx_word' id='word_1_39' title='bbox 613 523 697 561; x_wconf 90' lang='lat' dir='ltr'><strong>Hic</strong></span> <span class='ocrx_word' id='word_1_40' title='bbox 718 524 915 573; x_wconf 86' lang='lat' dir='ltr'><strong>quamuis</strong></span> <span class='ocrx_word' id='word_1_41' title='bbox 936 524 1018 562; x_wconf 87' lang='lat' dir='ltr'><strong>hac</strong></span> <span class='ocrx_word' id='word_1_42' title='bbox 1040 529 1133 562; x_wconf 84' lang='lat' dir='ltr'><strong>arte</strong></span> <span class='ocrx_word' id='word_1_43' title='bbox 1157 537 1400 562; x_wconf 87' lang='lat' dir='ltr'><strong>conuersus</strong></span> <span class='ocrx_word' id='word_1_44' title='bbox 1422 538 1509 563; x_wconf 93' lang='lat' dir='ltr'><strong>non</strong></span> <span class='ocrx_word' id='word_1_45' title='bbox 1527 526 1596 573; x_wconf 87' lang='lat' dir='ltr'><strong>sit,</strong></span> <span class='ocrx_word' id='word_1_46' title='bbox 1621 527 1722 563; x_wconf 87' lang='lat' dir='ltr'><strong>ami-</strong></span> 
     </span>
     <span class='ocr_line' id='line_1_6' title="bbox 93 593 1722 647; baseline 0.001 -15"><span class='ocrx_word' id='word_1_47' title='bbox 93 606 166 633; x_wconf 86' lang='lat' dir='ltr'><strong>cus</strong></span> <span class='ocrx_word' id='word_1_48' title='bbox 186 598 333 631; x_wconf 89' lang='lat' dir='ltr'><strong>tamen</strong></span> <span class='ocrx_word' id='word_1_49' title='bbox 355 595 509 632; x_wconf 77' lang='lat' dir='ltr'><strong>noster</strong></span> <span class='ocrx_word' id='word_1_50' title='bbox 528 595 547 612; x_wconf 69' lang='lat'><strong>⁰²</strong></span> <span class='ocrx_word' id='word_1_51' title='bbox 568 594 699 645; x_wconf 79' lang='lat' dir='ltr'><strong>longe</strong></span> <span class='ocrx_word' id='word_1_52' title='bbox 723 593 869 633; x_wconf 81' lang='lat' dir='ltr'><strong>maior</strong></span> <span class='ocrx_word' id='word_1_53' title='bbox 898 595 917 619; x_wconf 77' lang='lat'><strong>¹³</strong></span> <span class='ocrx_word' id='word_1_54' title='bbox 952 608 1080 645; x_wconf 86' lang='lat' dir='ltr'><strong>quam</strong></span> <span class='ocrx_word' id='word_1_55' title='bbox 1112 601 1242 634; x_wconf 90' lang='lat' dir='ltr'><strong>antea</strong></span> <span class='ocrx_word' id='word_1_56' title='bbox 1273 596 1461 634; x_wconf 82' lang='lat' dir='ltr'><strong>effectus</strong></span> <span class='ocrx_word' id='word_1_57' title='bbox 1490 601 1573 644; x_wconf 80' lang='lat' dir='ltr'><strong>est3</strong></span> <span class='ocrx_word' id='word_1_58' title='bbox 1599 602 1643 635; x_wconf 88' lang='lat' dir='ltr'><strong>et</strong></span> <span class='ocrx_word' id='word_1_59' title='bbox 1664 598 1722 647; x_wconf 84' lang='lat' dir='ltr'><strong>(ni</strong></span> 
     </span>
     <span class='ocr_line' id='line_1_7' title="bbox 90 665 1722 719; baseline 0.002 -16"><span class='ocrx_word' id='word_1_60' title='bbox 90 665 232 714; x_wconf 89' lang='lat' dir='ltr'><strong>fallor)</strong></span> <span class='ocrx_word' id='word_1_61' title='bbox 253 665 312 702; x_wconf 84' lang='lat' dir='ltr'><strong>ita</strong></span> <span class='ocrx_word' id='word_1_62' title='bbox 335 665 450 704; x_wconf 90' lang='lat' dir='ltr'><strong>circa</strong></span> <span class='ocrx_word' id='word_1_63' title='bbox 471 665 583 703; x_wconf 88' lang='lat' dir='ltr'><strong>illius</strong></span> <span class='ocrx_word' id='word_1_64' title='bbox 613 666 930 704; x_wconf 65' lang='lat' dir='ltr'><strong>conscientiam</strong></span> <span class='ocrx_word' id='word_1_65' title='bbox 960 667 1205 705; x_wconf 85' lang='lat' dir='ltr'><strong>laboratum</strong></span> <span class='ocrx_word' id='word_1_66' title='bbox 1240 673 1322 715; x_wconf 88' lang='lat' dir='ltr'><strong>est,</strong></span> <span class='ocrx_word' id='word_1_67' title='bbox 1359 673 1405 706; x_wconf 91' lang='lat' dir='ltr'><strong>ut</strong></span> <span class='ocrx_word' id='word_1_68' title='bbox 1450 680 1623 719; x_wconf 85' lang='lat' dir='ltr'><strong>sperem</strong></span> <span class='ocrx_word' id='word_1_69' title='bbox 1645 681 1722 706; x_wconf 90' lang='lat' dir='ltr'><strong>suo</strong></span> 
     </span>
     <span class='ocr_line' id='line_1_8' title="bbox 91 735 1723 790; baseline 0.002 -16"><span class='ocrx_word' id='word_1_70' title='bbox 91 735 264 774; x_wconf 89' lang='lat' dir='ltr'><strong>demum</strong></span> <span class='ocrx_word' id='word_1_71' title='bbox 295 740 497 787; x_wconf 88' lang='lat' dir='ltr'><strong>tempore</strong></span> <span class='ocrx_word' id='word_1_72' title='bbox 531 749 659 775; x_wconf 89' lang='lat' dir='ltr'><strong>omne</strong></span> <span class='ocrx_word' id='word_1_73' title='bbox 692 737 883 776; x_wconf 88' lang='lat' dir='ltr'><strong>studium</strong></span> <span class='ocrx_word' id='word_1_74' title='bbox 917 744 1115 776; x_wconf 89' lang='lat' dir='ltr'><strong>nostrum</strong></span> <span class='ocrx_word' id='word_1_75' title='bbox 1138 740 1208 777; x_wconf 92' lang='lat' dir='ltr'><strong>uel</strong></span> <span class='ocrx_word' id='word_1_76' title='bbox 1239 738 1280 776; x_wconf 88' lang='lat' dir='ltr'><strong>in</strong></span> <span class='ocrx_word' id='word_1_77' title='bbox 1310 738 1422 790; x_wconf 89' lang='lat' dir='ltr'><strong>ipso,</strong></span> <span class='ocrx_word' id='word_1_78' title='bbox 1454 741 1526 778; x_wconf 93' lang='lat' dir='ltr'><strong>uel</strong></span> <span class='ocrx_word' id='word_1_79' title='bbox 1557 739 1599 777; x_wconf 91' lang='lat' dir='ltr'><strong>in</strong></span> <span class='ocrx_word' id='word_1_80' title='bbox 1629 740 1723 789; x_wconf 87' lang='lat' dir='ltr'><strong>alijs</strong></span> 
     </span>
     <span class='ocr_line' id='line_1_9' title="bbox 96 808 1168 860; baseline 0.001 -13"><span class='ocrx_word' id='word_1_81' title='bbox 96 820 192 847; x_wconf 87' lang='lat' dir='ltr'><strong>cum</strong></span> <span class='ocrx_word' id='word_1_82' title='bbox 213 808 399 846; x_wconf 91' lang='lat' dir='ltr'><strong>foenore</strong></span> <span class='ocrx_word' id='word_1_83' title='bbox 422 821 546 846; x_wconf 89' lang='lat' dir='ltr'><strong>suum</strong></span> <span class='ocrx_word' id='word_1_84' title='bbox 567 808 757 846; x_wconf 86' lang='lat' dir='ltr'><strong>fructum</strong></span> <span class='ocrx_word' id='word_1_85' title='bbox 780 813 1168 860; x_wconf 88' lang='lat' dir='ltr'><strong>consequuturum.</strong></span> 
     </span>
    </p>

    <p class='ocr_par' dir='ltr' id='par_1_3' title="bbox 88 880 1724 1210">
     <span class='ocr_line' id='line_1_10' title="bbox 142 880 1723 934; baseline 0.002 -16"><span class='ocrx_word' id='word_1_86' title='bbox 142 881 178 918; x_wconf 88' lang='lat'><strong>8.</strong></span> <span class='ocrx_word' id='word_1_87' title='bbox 238 881 285 918; x_wconf 92' lang='lat' dir='ltr'><strong>In</strong></span> <span class='ocrx_word' id='word_1_88' title='bbox 307 880 471 930; x_wconf 89' lang='lat' dir='ltr'><strong>templo</strong></span> <span class='ocrx_word' id='word_1_89' title='bbox 494 885 649 918; x_wconf 89' lang='lat' dir='ltr'><strong>nostro</strong></span> <span class='ocrx_word' id='word_1_90' title='bbox 668 893 1007 931; x_wconf 87' lang='lat' dir='ltr'><strong>perseueramus</strong></span> <span class='ocrx_word' id='word_1_91' title='bbox 1028 882 1071 919; x_wconf 91' lang='lat' dir='ltr'><strong>in</strong></span> <span class='ocrx_word' id='word_1_92' title='bbox 1100 881 1256 920; x_wconf 89' lang='lat' dir='ltr'><strong>diuinis</strong></span> <span class='ocrx_word' id='word_1_93' title='bbox 1280 882 1421 931; x_wconf 90' lang='lat' dir='ltr'><strong>oficijs</strong></span> <span class='ocrx_word' id='word_1_94' title='bbox 1444 895 1541 921; x_wconf 91' lang='lat' dir='ltr'><strong>cum</strong></span> <span class='ocrx_word' id='word_1_95' title='bbox 1564 895 1723 934; x_wconf 82' lang='lat' dir='ltr'><strong>magno</strong></span> 
     </span>
     <span class='ocr_line' id='line_1_11' title="bbox 90 952 1724 1004; baseline 0.001 -13"><span class='ocrx_word' id='word_1_96' title='bbox 90 956 310 1003; x_wconf 89' lang='lat' dir='ltr'><strong>utcunque</strong></span> <span class='ocrx_word' id='word_1_97' title='bbox 327 965 510 990; x_wconf 90' lang='lat' dir='ltr'><strong>numero</strong></span> <span class='ocrx_word' id='word_1_98' title='bbox 529 956 573 990; x_wconf 89' lang='lat' dir='ltr'><strong>et</strong></span> <span class='ocrx_word' id='word_1_99' title='bbox 589 952 831 991; x_wconf 89' lang='lat' dir='ltr'><strong>deuotione</strong></span> <span class='ocrx_word' id='word_1_100' title='bbox 854 954 1016 1004; x_wconf 89' lang='lat' dir='ltr'><strong>populi,</strong></span> <span class='ocrx_word' id='word_1_101' title='bbox 1037 954 1108 1003; x_wconf 86' lang='lat' dir='ltr'><strong>qui</strong></span> <span class='ocrx_word' id='word_1_102' title='bbox 1130 953 1171 991; x_wconf 93' lang='lat' dir='ltr'><strong>in</strong></span> <span class='ocrx_word' id='word_1_103' title='bbox 1188 954 1281 992; x_wconf 91' lang='lat' dir='ltr'><strong>dies</strong></span> <span class='ocrx_word' id='word_1_104' title='bbox 1300 960 1446 992; x_wconf 89' lang='lat' dir='ltr'><strong>tamen</strong></span> <span class='ocrx_word' id='word_1_105' title='bbox 1463 967 1724 993; x_wconf 77' lang='lat' dir='ltr'><strong>accrescere</strong></span> 
     </span>
     <span class='ocr_line' id='line_1_12' title="bbox 89 1023 1724 1073; baseline 0.002 -11"><span class='ocrx_word' id='word_1_106' title='bbox 89 1023 275 1062; x_wconf 88' lang='lat' dir='ltr'><strong>uidetur.</strong></span> <span class='ocrx_word' id='word_1_107' title='bbox 302 1025 351 1062; x_wconf 93' lang='lat' dir='ltr'><strong>D.</strong></span> <span class='ocrx_word' id='word_1_108' title='bbox 375 1024 592 1062; x_wconf 89' lang='lat' dir='ltr'><strong>Henricus</strong></span> <span class='ocrx_word' id='word_1_109' title='bbox 631 1023 673 1061; x_wconf 91' lang='lat' dir='ltr'><strong>in</strong></span> <span class='ocrx_word' id='word_1_110' title='bbox 704 1036 805 1062; x_wconf 84' lang='lat' dir='ltr'><strong>arce</strong></span> <span class='ocrx_word' id='word_1_111' title='bbox 842 1038 990 1063; x_wconf 84' lang='lat' dir='ltr'><strong>coram</strong></span> <span class='ocrx_word' id='word_1_112' title='bbox 1022 1025 1257 1064; x_wconf 84' lang='lat' dir='ltr'><strong>archiduce</strong></span> <span class='ocrx_word' id='word_1_113' title='bbox 1280 1032 1311 1073; x_wconf 80' lang='lat'><strong>0,</strong></span> <span class='ocrx_word' id='word_1_114' title='bbox 1347 1031 1392 1064; x_wconf 91' lang='lat' dir='ltr'><strong>et</strong></span> <span class='ocrx_word' id='word_1_115' title='bbox 1422 1026 1477 1064; x_wconf 92' lang='lat' dir='ltr'><strong>M.</strong></span> <span class='ocrx_word' id='word_1_116' title='bbox 1512 1028 1724 1065; x_wconf 89' lang='lat' dir='ltr'><strong>Wences-</strong></span> 
     </span>
     <span class='ocr_line' id='line_1_13' title="bbox 88 1095 1723 1147; baseline 0.002 -14"><span class='ocrx_word' id='word_1_117' title='bbox 88 1096 178 1134; x_wconf 89' lang='lat' dir='ltr'><strong>laus</strong></span> <span class='ocrx_word' id='word_1_118' title='bbox 213 1097 226 1116; x_wconf 86' lang='lat'><strong>²</strong></span> <span class='ocrx_word' id='word_1_119' title='bbox 258 1095 301 1134; x_wconf 88' lang='lat' dir='ltr'><strong>in</strong></span> <span class='ocrx_word' id='word_1_120' title='bbox 340 1097 506 1147; x_wconf 89' lang='lat' dir='ltr'><strong>templo</strong></span> <span class='ocrx_word' id='word_1_121' title='bbox 542 1102 693 1135; x_wconf 88' lang='lat' dir='ltr'><strong>nostro</strong></span> <span class='ocrx_word' id='word_1_122' title='bbox 731 1098 933 1135; x_wconf 89' lang='lat' dir='ltr'><strong>boemice</strong></span> <span class='ocrx_word' id='word_1_123' title='bbox 967 1098 986 1122; x_wconf 72' lang='lat' dir='ltr'><strong>d</strong></span> <span class='ocrx_word' id='word_1_124' title='bbox 1022 1098 1353 1137; x_wconf 86' lang='lat' dir='ltr'><strong>concionantur.</strong></span> <span class='ocrx_word' id='word_1_125' title='bbox 1392 1100 1556 1137; x_wconf 88' lang='lat' dir='ltr'><strong>Noster</strong></span> <span class='ocrx_word' id='word_1_126' title='bbox 1593 1099 1723 1137; x_wconf 87' lang='lat' dir='ltr'><strong>etiam</strong></span> 
     </span>
     <span class='ocr_line' id='line_1_14' title="bbox 89 1167 1721 1210; baseline 0.002 -5"><span class='ocrx_word' id='word_1_127' title='bbox 89 1168 136 1206; x_wconf 88' lang='lat' dir='ltr'><strong>R.</strong></span> <span class='ocrx_word' id='word_1_128' title='bbox 161 1168 207 1206; x_wconf 89' lang='grc' dir='ltr'><strong>Ρ.</strong></span> <span class='ocrx_word' id='word_1_129' title='bbox 226 1173 373 1206; x_wconf 88' lang='lat' dir='ltr'><strong>rector</strong></span> <span class='ocrx_word' id='word_1_130' title='bbox 395 1173 407 1192; x_wconf 79' lang='lat'><strong>³</strong></span> <span class='ocrx_word' id='word_1_131' title='bbox 429 1168 600 1206; x_wconf 90' lang='lat' dir='ltr'><strong>festiuis</strong></span> <span class='ocrx_word' id='word_1_132' title='bbox 619 1167 774 1207; x_wconf 87' lang='lat' dir='ltr'><strong>diebus</strong></span> <span class='ocrx_word' id='word_1_133' title='bbox 796 1168 1035 1208; x_wconf 86' lang='lat' dir='ltr'><strong>lectionem</strong></span> <span class='ocrx_word' id='word_1_134' title='bbox 1058 1169 1231 1208; x_wconf 88' lang='lat' dir='ltr'><strong>solitam</strong></span> <span class='ocrx_word' id='word_1_135' title='bbox 1255 1171 1542 1209; x_wconf 84' lang='lat' dir='ltr'><strong>cathechismi</strong></span> <span class='ocrx_word' id='word_1_136' title='bbox 1565 1178 1581 1196; x_wconf 70' lang='grc' dir='ltr'>θ</span> <span class='ocrx_word' id='word_1_137' title='bbox 1603 1171 1721 1210; x_wconf 84' lang='lat' dir='ltr'><strong>facit.</strong></span> 
     </span>
    </p>
   </div>
   <div class='ocr_carea' id='block_1_3' title="bbox 30 1239 1722 1293">
    <p class='ocr_par' dir='ltr' id='par_1_4' title="bbox 30 1239 1722 1293">
     <span class='ocr_line' id='line_1_15' title="bbox 30 1239 1722 1293; baseline 0.003 -16"><span class='ocrx_word' id='word_1_138' title='bbox 30 1288 31 1292; x_wconf 13' lang='grc' dir='ltr'><strong>Ἰ</strong></span> <span class='ocrx_word' id='word_1_139' title='bbox 89 1239 234 1278; x_wconf 78' lang='lat' dir='ltr'><strong>Plura</strong></span> <span class='ocrx_word' id='word_1_140' title='bbox 267 1240 279 1264; x_wconf 80' lang='lat' dir='ltr'>f</span> <span class='ocrx_word' id='word_1_141' title='bbox 306 1251 412 1278; x_wconf 91' lang='lat' dir='ltr'><strong>uero</strong></span> <span class='ocrx_word' id='word_1_142' title='bbox 438 1239 714 1278; x_wconf 80' lang='lat' dir='ltr'><strong>exhibuimus</strong></span> <span class='ocrx_word' id='word_1_143' title='bbox 736 1241 777 1278; x_wconf 91' lang='lat' dir='ltr'><strong>in</strong></span> <span class='ocrx_word' id='word_1_144' title='bbox 799 1241 914 1280; x_wconf 86' lang='lat' dir='ltr'><strong>festo</strong></span> <span class='ocrx_word' id='word_1_145' title='bbox 938 1242 1149 1293; x_wconf 86' lang='lat' dir='ltr'><strong>Corporis</strong></span> <span class='ocrx_word' id='word_1_146' title='bbox 1171 1243 1335 1281; x_wconf 87' lang='lat' dir='ltr'><strong>Christi</strong></span> <span class='ocrx_word' id='word_1_147' title='bbox 1357 1248 1401 1281; x_wconf 91' lang='lat' dir='ltr'><strong>et</strong></span> <span class='ocrx_word' id='word_1_148' title='bbox 1424 1243 1467 1281; x_wconf 87' lang='lat' dir='ltr'><strong>S.</strong></span> <span class='ocrx_word' id='word_1_149' title='bbox 1494 1243 1722 1282; x_wconf 86' lang='lat' dir='ltr'><strong>Bartholo-</strong></span> 
     </span>
    </p>
   </div>
   <div class='ocr_carea' id='block_1_4' title="bbox 34 1802 44 2904">
    <p class='ocr_par' dir='ltr' id='par_1_5' title="bbox 34 1802 44 2904">
     <span class='ocr_line' id='line_1_16' title="bbox 34 1802 44 2904; baseline 0 0"><span class='ocrx_word' id='word_1_150' title='bbox 34 1802 44 2904; x_wconf 95' lang='lat' dir='ltr'><strong> </strong></span> 
     </span>
    </p>
   </div>
   <div class='ocr_carea' id='block_1_5' title="bbox 41 3011 45 3037">
    <p class='ocr_par' dir='ltr' id='par_1_6' title="bbox 41 3011 45 3037">
     <span class='ocr_line' id='line_1_17' title="bbox 41 3011 45 3037; baseline 0 0"><span class='ocrx_word' id='word_1_151' title='bbox 41 3011 45 3037; x_wconf 77' lang='grc' dir='ltr'><strong>ι’</strong></span> 
     </span>
    </p>
   </div>
   <div class='ocr_carea' id='block_1_6' title="bbox 61 1311 1727 2301">
    <p class='ocr_par' dir='ltr' id='par_1_7' title="bbox 61 1311 1725 1924">
     <span class='ocr_line' id='line_1_18' title="bbox 89 1311 1725 1364; baseline 0.003 -15"><span class='ocrx_word' id='word_1_152' title='bbox 89 1312 198 1350; x_wconf 88' lang='lat' dir='ltr'><strong>maei</strong></span> <span class='ocrx_word' id='word_1_153' title='bbox 216 1311 358 1362; x_wconf 87' lang='lat' dir='ltr'><strong>(cuius</strong></span> <span class='ocrx_word' id='word_1_154' title='bbox 380 1312 588 1350; x_wconf 87' lang='lat' dir='ltr'><strong>sacellum</strong></span> <span class='ocrx_word' id='word_1_155' title='bbox 611 1313 856 1362; x_wconf 83' lang='lat' dir='ltr'><strong>habemus),</strong></span> <span class='ocrx_word' id='word_1_156' title='bbox 877 1315 1041 1364; x_wconf 91' lang='lat' dir='ltr'><strong>templo</strong></span> <span class='ocrx_word' id='word_1_157' title='bbox 1060 1315 1354 1364; x_wconf 85' lang='lat' dir='ltr'><strong>pulcherrime</strong></span> <span class='ocrx_word' id='word_1_158' title='bbox 1375 1321 1545 1363; x_wconf 86' lang='lat' dir='ltr'><strong>ornato,</strong></span> <span class='ocrx_word' id='word_1_159' title='bbox 1566 1316 1725 1354; x_wconf 83' lang='lat' dir='ltr'><strong>habitis</strong></span> 
     </span>
     <span class='ocr_line' id='line_1_19' title="bbox 90 1383 1725 1438; baseline 0.002 -16"><span class='ocrx_word' id='word_1_160' title='bbox 90 1383 218 1422; x_wconf 87' lang='lat' dir='ltr'><strong>etiam</strong></span> <span class='ocrx_word' id='word_1_161' title='bbox 250 1384 521 1422; x_wconf 86' lang='lat' dir='ltr'><strong>orationibus</strong></span> <span class='ocrx_word' id='word_1_162' title='bbox 557 1384 714 1431; x_wconf 88' lang='lat' dir='ltr'><strong>latinis,</strong></span> <span class='ocrx_word' id='word_1_163' title='bbox 740 1385 934 1423; x_wconf 86' lang='lat' dir='ltr'><strong>recitatis</strong></span> <span class='ocrx_word' id='word_1_164' title='bbox 967 1386 1246 1433; x_wconf 80' lang='lat' dir='ltr'><strong>carminibus,</strong></span> <span class='ocrx_word' id='word_1_165' title='bbox 1279 1392 1455 1438; x_wconf 89' lang='lat' dir='ltr'><strong>praeter</strong></span> <span class='ocrx_word' id='word_1_166' title='bbox 1485 1388 1725 1426; x_wconf 83' lang='lat' dir='ltr'><strong>conciones</strong></span> 
     </span>
     <span class='ocr_line' id='line_1_20' title="bbox 87 1454 1725 1508; baseline 0.002 -14"><span class='ocrx_word' id='word_1_167' title='bbox 87 1454 340 1494; x_wconf 90' lang='lat' dir='ltr'><strong>bohemicas</strong></span> <span class='ocrx_word' id='word_1_168' title='bbox 363 1461 406 1493; x_wconf 91' lang='lat' dir='ltr'><strong>et</strong></span> <span class='ocrx_word' id='word_1_169' title='bbox 428 1456 717 1506; x_wconf 78' lang='lat' dir='ltr'><strong>germanicas,</strong></span> <span class='ocrx_word' id='word_1_170' title='bbox 742 1463 977 1506; x_wconf 81' lang='lat' dir='ltr'><strong>praesente</strong></span> <span class='ocrx_word' id='word_1_171' title='bbox 1002 1470 1158 1508; x_wconf 74' lang='lat' dir='ltr'><strong>magna</strong></span> <span class='ocrx_word' id='word_1_172' title='bbox 1179 1459 1326 1508; x_wconf 86' lang='lat' dir='ltr'><strong>populi</strong></span> <span class='ocrx_word' id='word_1_173' title='bbox 1346 1459 1640 1506; x_wconf 81' lang='lat' dir='ltr'><strong>multitudine,</strong></span> <span class='ocrx_word' id='word_1_174' title='bbox 1665 1464 1725 1497; x_wconf 84' lang='lat' dir='ltr'><strong>at-</strong></span> 
     </span>
     <span class='ocr_line' id='line_1_21' title="bbox 88 1526 1724 1580; baseline 0.003 -17"><span class='ocrx_word' id='word_1_175' title='bbox 88 1538 170 1577; x_wconf 92' lang='lat' dir='ltr'><strong>que</strong></span> <span class='ocrx_word' id='word_1_176' title='bbox 189 1526 318 1564; x_wconf 89' lang='lat' dir='ltr'><strong>etiarn</strong></span> <span class='ocrx_word' id='word_1_177' title='bbox 337 1527 445 1564; x_wconf 85' lang='lat' dir='ltr'><strong>R.¹1¹0</strong></span> <span class='ocrx_word' id='word_1_178' title='bbox 478 1526 674 1565; x_wconf 89' lang='lat' dir='ltr'><strong>vienensi</strong></span> <span class='ocrx_word' id='word_1_179' title='bbox 696 1534 709 1552; x_wconf 73' lang='lat'><strong>⁴</strong></span> <span class='ocrx_word' id='word_1_180' title='bbox 733 1532 775 1565; x_wconf 91' lang='lat' dir='ltr'><strong>et</strong></span> <span class='ocrx_word' id='word_1_181' title='bbox 792 1529 1084 1566; x_wconf 81' lang='lat' dir='ltr'><strong>illustrissimo</strong></span> <span class='ocrx_word' id='word_1_182' title='bbox 1102 1528 1296 1580; x_wconf 88' lang='lat' dir='ltr'><strong>principe</strong></span> <span class='ocrx_word' id='word_1_183' title='bbox 1316 1531 1546 1577; x_wconf 83' lang='lat' dir='ltr'><strong>Bauariae,</strong></span> <span class='ocrx_word' id='word_1_184' title='bbox 1567 1531 1724 1568; x_wconf 88' lang='lat' dir='ltr'><strong>Ernes-</strong></span> 
     </span>
     <span class='ocr_line' id='line_1_22' title="bbox 88 1598 1725 1652; baseline 0.003 -16"><span class='ocrx_word' id='word_1_185' title='bbox 88 1603 148 1646; x_wconf 91' lang='lat' dir='ltr'><strong>to,</strong></span> <span class='ocrx_word' id='word_1_186' title='bbox 184 1598 255 1649; x_wconf 88' lang='lat' dir='ltr'><strong>qui</strong></span> <span class='ocrx_word' id='word_1_187' title='bbox 291 1598 470 1650; x_wconf 79' lang='lat' dir='ltr'><strong>singulis</strong></span> <span class='ocrx_word' id='word_1_188' title='bbox 507 1599 737 1638; x_wconf 88' lang='lat' dir='ltr'><strong>dominicis</strong></span> <span class='ocrx_word' id='word_1_189' title='bbox 775 1600 858 1637; x_wconf 88' lang='lat' dir='ltr'><strong>iam</strong></span> <span class='ocrx_word' id='word_1_190' title='bbox 895 1613 919 1638; x_wconf 87' lang='lat' dir='ltr'><strong>a</strong></span> <span class='ocrx_word' id='word_1_191' title='bbox 955 1601 1090 1639; x_wconf 87' lang='lat' dir='ltr'><strong>multo</strong></span> <span class='ocrx_word' id='word_1_192' title='bbox 1131 1606 1335 1651; x_wconf 89' lang='lat' dir='ltr'><strong>tempore</strong></span> <span class='ocrx_word' id='word_1_193' title='bbox 1370 1602 1530 1640; x_wconf 86' lang='lat' dir='ltr'><strong>nostris</strong></span> <span class='ocrx_word' id='word_1_194' title='bbox 1568 1602 1725 1652; x_wconf 85' lang='lat' dir='ltr'><strong>officijs</strong></span> 
     </span>
     <span class='ocr_line' id='line_1_23' title="bbox 87 1669 1723 1725; baseline 0.002 -17"><span class='ocrx_word' id='word_1_195' title='bbox 87 1669 301 1708; x_wconf 87' lang='lat' dir='ltr'><strong>interesse</strong></span> <span class='ocrx_word' id='word_1_196' title='bbox 324 1670 431 1718; x_wconf 87' lang='lat' dir='ltr'><strong>uult,</strong></span> <span class='ocrx_word' id='word_1_197' title='bbox 455 1671 574 1722; x_wconf 89' lang='lat' dir='ltr'><strong>quod</strong></span> <span class='ocrx_word' id='word_1_198' title='bbox 597 1672 637 1709; x_wconf 91' lang='lat' dir='ltr'><strong>ei</strong></span> <span class='ocrx_word' id='word_1_199' title='bbox 659 1671 814 1710; x_wconf 79' lang='lat' dir='ltr'><strong>modus</strong></span> <span class='ocrx_word' id='word_1_200' title='bbox 832 1678 984 1710; x_wconf 87' lang='lat' dir='ltr'><strong>noster</strong></span> <span class='ocrx_word' id='word_1_201' title='bbox 1006 1673 1215 1723; x_wconf 78' lang='lat' dir='ltr'><strong>imprimis</strong></span> <span class='ocrx_word' id='word_1_202' title='bbox 1236 1674 1407 1724; x_wconf 86' lang='lat' dir='ltr'><strong>placeat</strong></span> <span class='ocrx_word' id='word_1_203' title='bbox 1429 1681 1465 1712; x_wconf 71' lang='lat' dir='ltr'><strong>g.</strong></span> <span class='ocrx_word' id='word_1_204' title='bbox 1491 1674 1537 1712; x_wconf 90' lang='lat' dir='ltr'><strong>In</strong></span> <span class='ocrx_word' id='word_1_205' title='bbox 1558 1675 1723 1725; x_wconf 89' lang='lat' dir='ltr'><strong>templo</strong></span> 
     </span>
     <span class='ocr_line' id='line_1_24' title="bbox 87 1742 1725 1796; baseline 0.002 -16"><span class='ocrx_word' id='word_1_206' title='bbox 87 1748 237 1781; x_wconf 90' lang='lat' dir='ltr'><strong>nostro</strong></span> <span class='ocrx_word' id='word_1_207' title='bbox 259 1742 302 1780; x_wconf 89' lang='lat' dir='ltr'><strong>in</strong></span> <span class='ocrx_word' id='word_1_208' title='bbox 324 1743 438 1781; x_wconf 88' lang='lat' dir='ltr'><strong>festo</strong></span> <span class='ocrx_word' id='word_1_209' title='bbox 462 1743 771 1794; x_wconf 72' lang='lat' dir='ltr'><strong>assumptionis</strong></span> <span class='ocrx_word' id='word_1_210' title='bbox 800 1745 850 1781; x_wconf 81' lang='grc' dir='ltr'><strong>Β.</strong></span> <span class='ocrx_word' id='word_1_211' title='bbox 878 1745 1068 1795; x_wconf 77' lang='lat' dir='ltr'><strong>Virginis</strong></span> <span class='ocrx_word' id='word_1_212' title='bbox 1090 1746 1338 1793; x_wconf 83' lang='lat' dir='ltr'><strong>habuimus,</strong></span> <span class='ocrx_word' id='word_1_213' title='bbox 1362 1752 1539 1796; x_wconf 88' lang='lat' dir='ltr'><strong>praeter</strong></span> <span class='ocrx_word' id='word_1_214' title='bbox 1566 1746 1725 1784; x_wconf 82' lang='lat' dir='ltr'><strong>fratres</strong></span> 
     </span>
     <span class='ocr_line' id='line_1_25' title="bbox 86 1813 1724 1869; baseline 0.003 -18"><span class='ocrx_word' id='word_1_215' title='bbox 86 1819 275 1862; x_wconf 86' lang='lat' dir='ltr'><strong>nostros,</strong></span> <span class='ocrx_word' id='word_1_216' title='bbox 296 1813 470 1853; x_wconf 88' lang='lat' dir='ltr'><strong>circiter</strong></span> <span class='ocrx_word' id='word_1_217' title='bbox 486 1814 641 1866; x_wconf 81' lang='lat' dir='ltr'><strong>uiginti</strong></span> <span class='ocrx_word' id='word_1_218' title='bbox 664 1815 1039 1854; x_wconf 84' lang='lat' dir='ltr'><strong>communicantes</strong></span> <span class='ocrx_word' id='word_1_219' title='bbox 1061 1817 1096 1864; x_wconf 80' lang='lat' dir='ltr'><strong>h,</strong></span> <span class='ocrx_word' id='word_1_220' title='bbox 1122 1830 1219 1855; x_wconf 92' lang='lat' dir='ltr'><strong>cum</strong></span> <span class='ocrx_word' id='word_1_221' title='bbox 1242 1830 1399 1869; x_wconf 78' lang='lat' dir='ltr'><strong>magna</strong></span> <span class='ocrx_word' id='word_1_222' title='bbox 1417 1818 1724 1856; x_wconf 88' lang='lat' dir='ltr'><strong>consolatione</strong></span> 
     </span>
     <span class='ocr_line' id='line_1_26' title="bbox 61 1891 246 1924; baseline 0.005 -1"><span class='ocrx_word' id='word_1_223' title='bbox 61 1893 64 1896; x_wconf 83' lang='grc'><strong><em>’</em></strong></span> <span class='ocrx_word' id='word_1_224' title='bbox 86 1891 246 1924; x_wconf 91' lang='lat' dir='ltr'><strong>nostra.</strong></span> 
     </span>
    </p>

    <p class='ocr_par' dir='ltr' id='par_1_8' title="bbox 87 1958 1727 2301">
     <span class='ocr_line' id='line_1_27' title="bbox 137 1958 1725 2007; baseline 0.002 -11"><span class='ocrx_word' id='word_1_225' title='bbox 137 1969 175 2007; x_wconf 89' lang='lat'><strong>9.</strong></span> <span class='ocrx_word' id='word_1_226' title='bbox 234 1958 364 1997; x_wconf 93' lang='lat' dir='ltr'><strong>Domi</strong></span> <span class='ocrx_word' id='word_1_227' title='bbox 383 1963 562 1997; x_wconf 88' lang='lat' dir='ltr'><strong>nostrae</strong></span> <span class='ocrx_word' id='word_1_228' title='bbox 581 1960 891 1998; x_wconf 85' lang='lat' dir='ltr'><strong>renouauimus</strong></span> <span class='ocrx_word' id='word_1_229' title='bbox 911 1973 1063 1998; x_wconf 89' lang='lat' dir='ltr'><strong>omnes</strong></span> <span class='ocrx_word' id='word_1_230' title='bbox 1080 1966 1186 1999; x_wconf 86' lang='lat' dir='ltr'><strong>uota</strong></span> <span class='ocrx_word' id='word_1_231' title='bbox 1202 1961 1245 1998; x_wconf 93' lang='lat' dir='ltr'><strong>in</strong></span> <span class='ocrx_word' id='word_1_232' title='bbox 1262 1960 1378 1999; x_wconf 87' lang='lat' dir='ltr'><strong>festo</strong></span> <span class='ocrx_word' id='word_1_233' title='bbox 1398 1961 1725 2000; x_wconf 81' lang='lat' dir='ltr'><strong>Pentecosthes</strong></span> 
     </span>
     <span class='ocr_line' id='line_1_28' title="bbox 89 2030 1725 2079; baseline 0.002 -11"><span class='ocrx_word' id='word_1_234' title='bbox 89 2030 339 2069; x_wconf 86' lang='lat' dir='ltr'><strong>celebrante</strong></span> <span class='ocrx_word' id='word_1_235' title='bbox 362 2032 409 2068; x_wconf 84' lang='lat' dir='ltr'><strong>R.</strong></span> <span class='ocrx_word' id='word_1_236' title='bbox 443 2031 490 2069; x_wconf 89' lang='grc' dir='ltr'><strong>Ρ.</strong></span> <span class='ocrx_word' id='word_1_237' title='bbox 514 2031 726 2079; x_wconf 87' lang='lat' dir='ltr'><strong>Victoria,</strong></span> <span class='ocrx_word' id='word_1_238' title='bbox 753 2037 796 2070; x_wconf 89' lang='lat' dir='ltr'><strong>et</strong></span> <span class='ocrx_word' id='word_1_239' title='bbox 817 2032 899 2070; x_wconf 86' lang='lat' dir='ltr'><strong>fuit</strong></span> <span class='ocrx_word' id='word_1_240' title='bbox 930 2033 1061 2071; x_wconf 89' lang='lat' dir='ltr'><strong>etiam</strong></span> <span class='ocrx_word' id='word_1_241' title='bbox 1084 2039 1188 2071; x_wconf 89' lang='lat' dir='ltr'><strong>tunc</strong></span> <span class='ocrx_word' id='word_1_242' title='bbox 1215 2038 1370 2072; x_wconf 91' lang='lat' dir='ltr'><strong>auctus</strong></span> <span class='ocrx_word' id='word_1_243' title='bbox 1405 2046 1613 2071; x_wconf 89' lang='lat' dir='ltr'><strong>numerus</strong></span> <span class='ocrx_word' id='word_1_244' title='bbox 1650 2046 1725 2072; x_wconf 90' lang='lat' dir='ltr'><strong>uo-</strong></span> 
     </span>
     <span class='ocr_line' id='line_1_29' title="bbox 88 2102 1726 2154; baseline 0.003 -15"><span class='ocrx_word' id='word_1_245' title='bbox 88 2106 230 2141; x_wconf 89' lang='lat' dir='ltr'><strong>torum</strong></span> <span class='ocrx_word' id='word_1_246' title='bbox 253 2115 308 2141; x_wconf 84' lang='lat' dir='ltr'><strong>ex</strong></span> <span class='ocrx_word' id='word_1_247' title='bbox 334 2102 593 2142; x_wconf 84' lang='lat' dir='ltr'><strong>accessione</strong></span> <span class='ocrx_word' id='word_1_248' title='bbox 629 2104 854 2142; x_wconf 90' lang='lat' dir='ltr'><strong>cuiusdam</strong></span> <span class='ocrx_word' id='word_1_249' title='bbox 881 2104 1042 2152; x_wconf 85' lang='lat' dir='ltr'><strong>fratris,</strong></span> <span class='ocrx_word' id='word_1_250' title='bbox 1079 2104 1256 2143; x_wconf 91' lang='lat' dir='ltr'><strong>nomine</strong></span> <span class='ocrx_word' id='word_1_251' title='bbox 1293 2105 1536 2154; x_wconf 88' lang='lat' dir='ltr'><strong>Catherinj.</strong></span> <span class='ocrx_word' id='word_1_252' title='bbox 1572 2105 1726 2144; x_wconf 80' lang='lat' dir='ltr'><strong>Perse-</strong></span> 
     </span>
     <span class='ocr_line' id='line_1_30' title="bbox 87 2174 1727 2227; baseline 0.002 -15"><span class='ocrx_word' id='word_1_253' title='bbox 87 2186 302 2213; x_wconf 75' lang='lat' dir='ltr'><strong>ueramus</strong></span> <span class='ocrx_word' id='word_1_254' title='bbox 322 2174 371 2213; x_wconf 79' lang='lat' dir='ltr'><strong>in</strong></span> <span class='ocrx_word' id='word_1_255' title='bbox 391 2174 576 2226; x_wconf 73' lang='lat' dir='ltr'><strong>letam&#39;js</strong></span> <span class='ocrx_word' id='word_1_256' title='bbox 597 2174 796 2225; x_wconf 73' lang='lat' dir='ltr'><strong>quotidie</strong></span> <span class='ocrx_word' id='word_1_257' title='bbox 818 2175 1085 2223; x_wconf 71' lang='lat' dir='ltr'><strong>recitandis,</strong></span> <span class='ocrx_word' id='word_1_258' title='bbox 1111 2178 1244 2226; x_wconf 74' lang='lat' dir='ltr'><strong>atque</strong></span> <span class='ocrx_word' id='word_1_259' title='bbox 1265 2176 1403 2216; x_wconf 76' lang='lat' dir='ltr'><strong>etiam</strong></span> <span class='ocrx_word' id='word_1_260' title='bbox 1425 2175 1473 2215; x_wconf 80' lang='lat' dir='ltr'><strong>in</strong></span> <span class='ocrx_word' id='word_1_261' title='bbox 1484 2176 1646 2227; x_wconf 77' lang='lat' dir='ltr'><strong>facien</strong></span> <span class='ocrx_word' id='word_1_262' title='bbox 1656 2176 1727 2215; x_wconf 80' lang='lat' dir='ltr'><strong>dis</strong></span> 
     </span>
     <span class='ocr_line' id='line_1_31' title="bbox 89 2245 1724 2301; baseline 0.002 -17"><span class='ocrx_word' id='word_1_263' title='bbox 89 2245 339 2297; x_wconf 75' lang='lat' dir='ltr'><strong>disciplinis</strong></span> <span class='ocrx_word' id='word_1_264' title='bbox 354 2249 790 2298; x_wconf 73' lang='lat' dir='ltr'><strong>perseuerassemus‚</strong></span> <span class='ocrx_word' id='word_1_265' title='bbox 809 2247 902 2286; x_wconf 78' lang='lat' dir='ltr'><strong>nisi</strong></span> <span class='ocrx_word' id='word_1_266' title='bbox 918 2248 969 2286; x_wconf 75' lang='lat' dir='ltr'><strong>R.</strong></span> <span class='ocrx_word' id='word_1_267' title='bbox 988 2249 1037 2286; x_wconf 82' lang='lat' dir='ltr'><strong>P.</strong></span> <span class='ocrx_word' id='word_1_268' title='bbox 1068 2248 1270 2287; x_wconf 76' lang='lat' dir='ltr'><strong>Victoria</strong></span> <span class='ocrx_word' id='word_1_269' title='bbox 1294 2250 1379 2288; x_wconf 81' lang='lat' dir='ltr'><strong>hoc</strong></span> <span class='ocrx_word' id='word_1_270' title='bbox 1411 2249 1611 2299; x_wconf 77' lang='lat' dir='ltr'><strong>amplius</strong></span> <span class='ocrx_word' id='word_1_271' title='bbox 1635 2248 1724 2301; x_wconf 81' lang='lat' dir='ltr'><strong>fie-</strong></span> 
     </span>
    </p>
   </div>
   <div class='ocr_carea' id='block_1_7' title="bbox 88 2467 1725 2636">
    <p class='ocr_par' dir='ltr' id='par_1_9' title="bbox 88 2467 1725 2636">
     <span class='ocr_line' id='line_1_32' title="bbox 133 2467 1721 2516; baseline 0.001 -11"><span class='ocrx_word' id='word_1_272' title='bbox 133 2467 152 2487; x_wconf 90' lang='lat' dir='ltr'><strong>a</strong></span> <span class='ocrx_word' id='word_1_273' title='bbox 201 2468 328 2506; x_wconf 87' lang='lat' dir='ltr'><strong>nobis.</strong></span> <span class='ocrx_word' id='word_1_274' title='bbox 383 2470 448 2495; x_wconf 83' lang='lat' dir='ltr'><strong>—b</strong></span> <span class='ocrx_word' id='word_1_275' title='bbox 468 2471 612 2516; x_wconf 86' lang='lat' dir='ltr'><strong>magis.</strong></span> <span class='ocrx_word' id='word_1_276' title='bbox 668 2477 732 2494; x_wconf 84' lang='lat'><strong>-0</strong></span> <span class='ocrx_word' id='word_1_277' title='bbox 751 2470 1007 2516; x_wconf 87' lang='lat' dir='ltr'><strong>germanice.</strong></span> <span class='ocrx_word' id='word_1_278' title='bbox 1079 2470 1145 2495; x_wconf 80' lang='lat' dir='ltr'><strong>-d</strong></span> <span class='ocrx_word' id='word_1_279' title='bbox 1172 2469 1328 2507; x_wconf 80' lang='lat' dir='ltr'><strong>Praec.</strong></span> <span class='ocrx_word' id='word_1_280' title='bbox 1361 2481 1400 2508; x_wconf 86' lang='lat' dir='ltr'><strong>v.</strong></span> <span class='ocrx_word' id='word_1_281' title='bbox 1433 2470 1476 2507; x_wconf 73' lang='lat' dir='ltr'><strong>In</strong></span> <span class='ocrx_word' id='word_1_282' title='bbox 1508 2471 1721 2516; x_wconf 77' lang='lat' dir='ltr'><strong>margine.</strong></span> 
     </span>
     <span class='ocr_line' id='line_1_33' title="bbox 88 2528 1725 2567; baseline 0.001 -2"><span class='ocrx_word' id='word_1_283' title='bbox 88 2535 152 2566; x_wconf 60' lang='grc' dir='ltr'><strong>-β</strong></span> <span class='ocrx_word' id='word_1_284' title='bbox 183 2528 362 2566; x_wconf 82' lang='lat' dir='ltr'><strong>Videtur</strong></span> <span class='ocrx_word' id='word_1_285' title='bbox 379 2529 549 2566; x_wconf 86' lang='lat' dir='ltr'><strong>emend.</strong></span> <span class='ocrx_word' id='word_1_286' title='bbox 571 2539 622 2566; x_wconf 87' lang='lat' dir='ltr'><strong>ex</strong></span> <span class='ocrx_word' id='word_1_287' title='bbox 651 2529 692 2565; x_wconf 91' lang='lat' dir='ltr'><strong>in</strong></span> <span class='ocrx_word' id='word_1_288' title='bbox 722 2529 1010 2566; x_wconf 85' lang='lat' dir='ltr'><strong>cathechismo.</strong></span> <span class='ocrx_word' id='word_1_289' title='bbox 1081 2550 1108 2554; x_wconf 79' lang='lat'><em>—</em></span> <span class='ocrx_word' id='word_1_290' title='bbox 1127 2530 1139 2554; x_wconf 78' lang='lat' dir='ltr'>f</span> <span class='ocrx_word' id='word_1_291' title='bbox 1166 2530 1307 2567; x_wconf 88' lang='lat' dir='ltr'><strong>multa.</strong></span> <span class='ocrx_word' id='word_1_292' title='bbox 1362 2537 1432 2564; x_wconf 76' lang='lat' dir='ltr'><strong>-g</strong></span> <span class='ocrx_word' id='word_1_293' title='bbox 1452 2529 1640 2567; x_wconf 83' lang='lat' dir='ltr'><strong>Emend.</strong></span> <span class='ocrx_word' id='word_1_294' title='bbox 1675 2541 1725 2567; x_wconf 86' lang='lat' dir='ltr'><strong>ex</strong></span> 
     </span>
     <span class='ocr_line' id='line_1_34' title="bbox 89 2587 1525 2636; baseline 0.001 -12"><span class='ocrx_word' id='word_1_295' title='bbox 89 2587 232 2634; x_wconf 82' lang='lat' dir='ltr'><strong>placet.</strong></span> <span class='ocrx_word' id='word_1_296' title='bbox 285 2589 353 2613; x_wconf 77' lang='lat' dir='ltr'><strong>—h</strong></span> <span class='ocrx_word' id='word_1_297' title='bbox 374 2588 457 2635; x_wconf 91' lang='lat' dir='ltr'><strong>(qui</strong></span> <span class='ocrx_word' id='word_1_298' title='bbox 476 2601 669 2626; x_wconf 89' lang='lat' dir='ltr'><strong>numerus</strong></span> <span class='ocrx_word' id='word_1_299' title='bbox 687 2588 850 2636; x_wconf 86' lang='lat' dir='ltr'><strong>Pragae</strong></span> <span class='ocrx_word' id='word_1_300' title='bbox 868 2601 948 2625; x_wconf 89' lang='lat' dir='ltr'><strong>non</strong></span> <span class='ocrx_word' id='word_1_301' title='bbox 966 2588 1208 2635; x_wconf 86' lang='lat' dir='ltr'><strong>penitendus</strong></span> <span class='ocrx_word' id='word_1_302' title='bbox 1228 2589 1356 2626; x_wconf 88' lang='lat' dir='ltr'><strong>videri</strong></span> <span class='ocrx_word' id='word_1_303' title='bbox 1371 2589 1525 2634; x_wconf 89' lang='lat' dir='ltr'><strong>debet).</strong></span> 
     </span>
    </p>
   </div>
   <div class='ocr_carea' id='block_1_8' title="bbox 90 2797 1720 3076">
    <p class='ocr_par' dir='ltr' id='par_1_10' title="bbox 90 2797 1720 2907">
     <span class='ocr_line' id='line_1_35' title="bbox 134 2797 1720 2846; baseline 0.002 -10"><span class='ocrx_word' id='word_1_304' title='bbox 134 2797 144 2817; x_wconf 82' lang='lat'>¹</span> <span class='ocrx_word' id='word_1_305' title='bbox 194 2797 396 2846; x_wconf 87' lang='lat' dir='ltr'><strong>Magister</strong></span> <span class='ocrx_word' id='word_1_306' title='bbox 425 2797 574 2836; x_wconf 89' lang='lat' dir='ltr'><strong>Gallus</strong></span> <span class='ocrx_word' id='word_1_307' title='bbox 609 2797 818 2837; x_wconf 86' lang='lat' dir='ltr'><strong>Gelastus.</strong></span> <span class='ocrx_word' id='word_1_308' title='bbox 852 2798 1032 2845; x_wconf 74' lang='lat' dir='ltr'><strong>KRoass,</strong></span> <span class='ocrx_word' id='word_1_309' title='bbox 1072 2799 1322 2838; x_wconf 80' lang='lat' dir='ltr'><strong>Geschz&#39;chte</strong></span> <span class='ocrx_word' id='word_1_310' title='bbox 1357 2800 1436 2838; x_wconf 79' lang='lat' dir='ltr'><strong>der</strong></span> <span class='ocrx_word' id='word_1_311' title='bbox 1470 2800 1720 2839; x_wconf 62' lang='lat' dir='ltr'><strong>bomischen</strong></span> 
     </span>
     <span class='ocr_line' id='line_1_36' title="bbox 90 2855 972 2907; baseline 0.003 -14"><span class='ocrx_word' id='word_1_312' title='bbox 90 2855 280 2896; x_wconf 75' lang='lat' dir='ltr'><strong>Provinz</strong></span> <span class='ocrx_word' id='word_1_313' title='bbox 298 2858 379 2896; x_wconf 85' lang='lat' dir='ltr'><strong>der</strong></span> <span class='ocrx_word' id='word_1_314' title='bbox 396 2858 680 2906; x_wconf 82' lang='lat' dir='ltr'><strong>Gesellschaft</strong></span> <span class='ocrx_word' id='word_1_315' title='bbox 691 2860 818 2907; x_wconf 79' lang='lat' dir='ltr'><strong>Jesu.</strong></span> <span class='ocrx_word' id='word_1_316' title='bbox 839 2859 869 2905; x_wconf 81' lang='lat' dir='ltr'><strong>I,</strong></span> <span class='ocrx_word' id='word_1_317' title='bbox 890 2858 972 2896; x_wconf 73' lang='lat'><strong>204.</strong></span> 
     </span>
    </p>

    <p class='ocr_par' dir='ltr' id='par_1_11' title="bbox 135 2916 706 2957">
     <span class='ocr_line' id='line_1_37' title="bbox 135 2916 706 2957; baseline 0.004 -2"><span class='ocrx_word' id='word_1_318' title='bbox 135 2916 148 2936; x_wconf 80' lang='lat'>²</span> <span class='ocrx_word' id='word_1_319' title='bbox 194 2917 469 2956; x_wconf 85' lang='lat' dir='ltr'><strong>Wenceslaus</strong></span> <span class='ocrx_word' id='word_1_320' title='bbox 487 2918 706 2957; x_wconf 88' lang='lat' dir='ltr'><strong>Sturmius.</strong></span> 
     </span>
    </p>

    <p class='ocr_par' dir='ltr' id='par_1_12' title="bbox 133 2975 648 3016">
     <span class='ocr_line' id='line_1_38' title="bbox 133 2975 648 3016; baseline 0.002 -3"><span class='ocrx_word' id='word_1_321' title='bbox 133 2975 147 2996; x_wconf 85' lang='lat'>⁸</span> <span class='ocrx_word' id='word_1_322' title='bbox 196 2975 241 3014; x_wconf 90' lang='lat' dir='ltr'><strong>P.</strong></span> <span class='ocrx_word' id='word_1_323' title='bbox 261 2977 415 3016; x_wconf 87' lang='lat' dir='ltr'><strong>Paulus</strong></span> <span class='ocrx_word' id='word_1_324' title='bbox 433 2978 648 3016; x_wconf 76' lang='lat' dir='ltr'><strong>Hoffaeus.</strong></span> 
     </span>
    </p>

    <p class='ocr_par' dir='ltr' id='par_1_13' title="bbox 132 3035 538 3076">
     <span class='ocr_line' id='line_1_39' title="bbox 132 3035 538 3076; baseline 0.005 -2"><span class='ocrx_word' id='word_1_325' title='bbox 132 3035 148 3056; x_wconf 82' lang='lat'><strong>⁴</strong></span> <span class='ocrx_word' id='word_1_326' title='bbox 196 3036 402 3076; x_wconf 87' lang='lat' dir='ltr'><strong>Antonius</strong></span> <span class='ocrx_word' id='word_1_327' title='bbox 421 3037 538 3076; x_wconf 86' lang='lat' dir='ltr'><strong>Brus.</strong></span> 
     </span>
    </p>
   </div>
  </div>
 </body>
</html>
