1908 3446
244 252 289 289 61
710 251 933 291 LITTERAE
959 253 1318 299 QUADRIMESTRES

197 351 258 387 est
280 357 298 375 a
323 363 422 401 spes
449 356 733 400 peccatorum
765 352 798 397 ¹),
842 350 1053 390 succurrit
1084 351 1268 397 miseris,
1292 351 1412 388 iuuat
1448 350 1742 400 pusillanimes
1773 362 1823 388 ac

196 421 370 458 refovet
408 420 611 472 [fleriles
648 429 663 447 0
693 422 736 460 in
772 423 858 461 hoc
895 422 1126 473 presertim
1164 421 1436 460 sanctissimo
1470 422 1569 459 1000
1593 422 1665 459 vbi
1701 434 1747 459 se
1782 422 1822 459 in

198 492 363 531 sllamd
384 493 612 544 plenitudo
647 494 885 532 diuinitatis
916 494 1122 532 infundit?
1139 493 1225 531 Sed
1259 506 1369 544 quae
1403 498 1635 544 supersunt
1662 493 1824 542 paucis

196 577 525 614 prosequamur.

250 646 285 684 5.
347 637 413 674 Ab
445 650 497 675 eo
530 643 730 687 tempore
761 651 845 687 quo
888 639 1016 675 ΚΛΜΝ
1046 638 1161 675 card.
1197 637 1417 687 carpensis
1458 644 1480 679 ¹,
1514 636 1750 674 Societatis
1781 642 1824 673 et

196 708 321 746 huius
343 709 481 747 almae
503 707 658 747 domus
679 714 921 759 protector,
946 710 1116 759 plenam
1140 709 1521 746 distribuendarun
1540 707 1824 745 eleemosina-

194 792 286 817 rum
308 780 620 818 authoritatem
642 781 767 818 nobis
790 781 1009 818 concessit
1031 778 1058 828 ²,
1082 780 1276 818 nonnulli
1299 793 1353 817 ex
1374 780 1534 818 nostris
1556 779 1609 817 ad
1631 779 1717 817 tale
1735 793 1825 816 11111-

194 865 273 888 nus
297 850 545 889 obeundum
564 851 760 901 deputati
779 865 945 889 summa
962 851 1187 902 diligentia
1208 864 1259 890 ac
1274 852 1439 902 pietate
1458 864 1504 888 se
1527 851 1568 888 111
1585 863 1823 901 pauperum

195 921 433 960 subsidium
461 922 782 973 impenderunt,
817 927 860 959 et
882 935 968 960 non
1000 923 1139 960 solum
1162 922 1451 960 aduenientes
1482 921 1678 972 quotidie
1700 933 1824 971 pere-

195 995 344 1042 grinos
362 995 479 1032 omni
501 993 648 1032 officio
673 1000 959 1045 exceperunt,
981 993 1057 1031 sed
1076 993 1232 1032 domos
1256 994 1385 1031 etiam
1403 993 1705 1031 honestiorum
1723 1004 1825 1042 pau-

197 1078 346 1116 perum
374 1066 706 1116 perlustrantes,
740 1066 990 1103 necessaria
1018 1066 1414 1103 subministrarunt.
1447 1066 1511 1102 Ex
1533 1077 1618 1114 quo
1650 1064 1824 1114 pietatis

197 1138 343 1175 officio
366 1138 477 1174 hanc
500 1137 629 1174 etiam
654 1135 884 1174 vtilitatem
907 1137 1088 1187 collegit
1110 1138 1244 1183 Deus,
1268 1136 1386 1186 quod
1413 1136 1647 1174 nonnullae
1678 1134 1824 1172 adole-

194 1209 419 1247 scentulae
443 1221 465 1245 e
502 1208 700 1246 faucibus
731 1208 895 1258 antiqui
922 1207 1061 1245 hostis
1088 1213 1186 1245 sunt
1222 1209 1449 1246 liberatae.
1474 1206 1635 1245 Virtuti
1666 1206 1779 1243 0111111
1807 1213 1823 1229 ‘¹

196 1280 367 1317 inimica
387 1283 621 1330 paupertas
644 1292 697 1318 eo
719 1279 994 1329 incorruptas
1022 1284 1192 1317 mentes
1213 1279 1472 1330 pellexerat,
1493 1283 1539 1316 vt
1568 1278 1623 1315 de
1644 1276 1824 1327 turpitu-

197 1351 297 1389 dine
321 1351 518 1401 cogitare
543 1351 553 1374 f
577 1352 866 1402 cogerentur.
898 1351 953 1388 Iis
974 1356 1121 1388 autem
1144 1350 1244 1388 dum
1277 1350 1558 1388 eleemosinis
1580 1349 1718 1387 almae
1750 1347 1824 1385 do-

197 1436 291 1460 mus
307 1423 349 1460 in
371 1423 605 1461 honestate
625 1423 973 1467 continebantur,
996 1423 1051 1459 de
1068 1422 1268 1460 honestis
1284 1421 1479 1472 patronis
1502 1426 1569 1458 est
1583 1420 1822 1470 prouisum.

197 1494 489 1532 Continentur
522 1495 653 1531 etiam
683 1494 725 1531 in
755 1493 931 1544 pietatis
964 1494 1137 1540 officiis,
1166 1493 1371 1543 vitaeque
1407 1492 1639 1530 sanctitate
1662 1491 1824 1529 multae

196 1578 411 1616 personae
434 1579 521 1603 non
544 1566 684 1603 solum
705 1565 776 1603 hic
794 1565 958 1611 Loreti,
978 1565 1057 1602 sed
1081 1564 1212 1602 etiam
1229 1565 1271 1602 111
1290 1564 1442 1602 vicinis
1465 1562 1634 1614 oppidis
1658 1566 1701 1599 et
1723 1560 1824 1599 01111-

195 1638 375 1685 tatibus3
399 1651 421 1675 e
453 1638 608 1688 quibus
631 1637 811 1688 singulis
842 1637 935 1674 fere
958 1637 1113 1674 diebus
1143 1636 1268 1674 festis
1290 1635 1343 1674 ad
1374 1648 1453 1673 nos
1476 1634 1656 1673 veniunt
1686 1632 1822 1680 multi,

197 1722 380 1760 quorum
410 1709 498 1747 vita
534 1709 627 1747 aliis
664 1714 730 1746 est
758 1714 961 1760 tamquan
992 1709 1140 1746 viuum
1172 1709 1401 1746 multarum
1438 1707 1646 1745 virtutum
1678 1717 1824 1743 exem-

196 1783 303 1832 plar;
333 1782 510 1832 jamque
539 1781 733 1819 melioris
764 1780 882 1819 vitae
903 1793 1099 1818 normam
1130 1792 1177 1818 se
1209 1779 1373 1818 ducere
1404 1777 1535 1817 vicini
1555 1777 1704 1828 populi
1734 1776 1824 1827 glo-

196 1853 359 1891 riantur
382 1857 425 1891 et
454 1853 724 1904 praedicant.
750 1853 813 1890 Ex
844 1865 929 1903 quo
954 1853 1084 1890 etiam
1115 1852 1179 1898 fit,
1206 1856 1251 1889 vt
1283 1851 1461 1890 celebre
1483 1848 1720 1888 Societatis
1749 1860 1825 1886 no-

196 1937 296 1962 men
317 1925 545 1971 habeatur,
581 1928 821 1974 optentque
849 1923 1008 1974 passim
1040 1936 1155 1961 noua
1175 1923 1358 1973 'erigere
1390 1921 1593 1972 collegia.
1630 1919 1760 1969 Quod
1792 1919 1825 1957 si

195 1996 290 2046 quis
321 1995 434 2046 apud
462 1995 581 2045 ipsos
605 1995 850 2033 obstinatus
871 1994 1128 2045 reperiatur,
1153 1994 1206 2032 ad
1227 2007 1307 2032 nos
1328 2006 1406 2044 pro
1436 1997 1558 2031 certo
1587 1999 1608 2024 ἕ
1628 1990 1824 2029 remedio

195 2066 515 2104 transmittitur.
541 2066 586 2105 Si
613 2078 724 2117 quae
747 2066 877 2103 etiam
900 2065 1149 2104 inimicitiae
1181 2070 1255 2103 aut
1276 2065 1524 2103 inueterata
1554 2062 1654 2101 odia
1675 2064 1739 2111 (vt
1761 2074 1824 2099 as—

195 2137 327 2186 solet)
349 2137 636 2188 reperiantur,
662 2149 714 2175 ea
743 2141 978 2175 nostrorun
1001 2138 1176 2174 Patrum
1208 2135 1449 2174 ministerio
1474 2134 1726 2179 obliterare,
1760 2145 1825 2170 se-

195 2221 280 2259 que
301 2209 490 2246 inuicem
512 2208 799 2247 reconciliare
821 2208 1058 2258 postulant.

247 2281 285 2318 6.
346 2280 422 2318 Est
454 2280 567 2318 enim
597 2292 684 2318 non
715 2280 847 2330 longe
878 2280 931 2317 ab
962 2280 1043 2317 hac
1073 2280 1185 2317 alma
1214 2279 1346 2316 domo
1369 2278 1516 2316 nobile
1538 2276 1758 2327 quoddam
1782 2279 1825 2313 et

194 2351 416 2401 antiquum
440 2350 645 2401 oppidum
667 2350 879 2399 (Montem
902 2351 1127 2399 Luponem
1150 2350 1329 2397 vocant)
1360 2350 1402 2387 in
1430 2361 1515 2399 quo
1547 2353 1752 2397 tanquam
1783 2346 1824 2384 in

193 2421 367 2472 proprio
391 2421 502 2460 solio
520 2421 839 2459 inimicitiarum
862 2421 1019 2459 author
1041 2419 1240 2458 diabolus
1266 2419 1390 2471 regni
1418 2419 1483 2457 sui
1514 2418 1665 2457 sedem
1690 2418 1823 2456 collo-

194 2505 318 2531 casse
340 2491 586 2531 videbatur.
610 2493 721 2531 Nam
742 2497 842 2542 post
863 2492 1029 2541 aliquot
1050 2490 1285 2529 homicidia
1316 2495 1360 2528 et
1391 2489 1473 2528 alia
1502 2489 1821 2528 inimicitiarum

192 2564 416 2602 incentiua
431 2564 491 2602 ita
509 2569 765 2601 exarserant
784 2562 972 2600 omnium
990 2562 1230 2601 incolarum
1249 2562 1393 2603 animi,
1415 2566 1461 2599 vt
1478 2562 1619 2599 nullus
1637 2560 1691 2598 de
1713 2573 1822 2611 pace

324 2739 347 2762 a
368 2726 457 2762 Deo
472 2707 694 2762 ¹constituta
714 2730 775 2761 est
796 2725 937 2770 [prius
955 2730 1042 2771 post
1063 2723 1227 2769 Deum].
1283 2726 1347 2748 —b
1417 2736 1536 2770 quac.
1590 2734 1653 2750 -c
1722 2722 1822 2759 Con-

192 2789 372 2832 sumpta
393 2785 559 2822 charta.
614 2785 680 2809 --d
744 2784 830 2820 eius
860 2788 1035 2820 vterum.
1090 2805 1118 2808 —
1138 2791 1155 2808 e
1220 2784 1397 2819 illarum.
1454 2783 1511 2807 -f
1581 2782 1821 2829 cogitarent.

195 2852 264 2876 -Ξ
326 2844 384 2889 (vt
404 2844 478 2891 ipsi
508 2846 680 2901 putant).

243 3013 252 3033 ¹
306 3011 546 3058 Rodulphus
560 3010 633 3047 Pio
652 3010 701 3047 de
721 3009 859 3056 Carpi.

243 3072 256 3091 ²
307 3070 372 3110 Cf.
392 3070 493 3113 Lz‘tt.
514 3070 765 3117 Quadi-im..
785 3069 837 3113 V,
858 3069 941 3106 664.
