1908 3446
218 282 286 319 480
677 279 895 316 LITTERAE
922 278 1277 323 QUAoRmsssrnes

225 401 260 437 3.
323 390 398 427 His
421 390 566 439 itaque
600 386 866 425 rumoribus
887 384 1093 425 extinctis
1114 386 1154 423 et
1175 383 1504 423 difficultatibus
1527 384 1683 423 divina
1715 387 1790 436 ope

172 461 398 511 superatis,
436 468 453 484 a
484 473 570 497 non
600 459 790 496 minores
826 458 1036 495 habemus
1072 455 1214 494 uictus
1238 456 1272 502 b,
1296 468 1408 506 quae
1439 456 1537 506 quia
1559 456 1790 495 continuae

173 537 284 578 sunt,
323 544 375 569 eo
399 539 415 556 ⁰
439 531 579 569 acrius
613 542 693 567 nos
731 529 984 580 oppugnant
1009 527 1044 573 ‘¹3
1080 527 1358 565 nihilominus
1392 527 1475 565 Dei
1495 526 1792 566 misericordia

171 602 417 641 necessaria
439 609 456 627 e
479 599 741 651 suppeditat:
766 599 884 650 quod
909 602 993 648 per
1029 597 1155 636 nobis
1176 597 1330 637 mirum
1352 597 1492 636 videri
1521 596 1671 646 debet,
1696 611 1790 637 cum

171 674 338 712 coeteri
368 673 559 723 religiosi
588 671 599 695 f
625 671 755 709 etiam
789 682 972 708 numero
1002 668 1234 720 pauciores
1263 668 1384 707 abire
1416 676 1644 720 cogantur,
1677 670 1791 720 quod

172 746 284 784 unde
308 745 456 783 uiuant
476 757 562 782 non
580 744 770 781 habeant
791 749 826 780 g.
849 741 1062 790 Quadam
1080 740 1150 780 die
1172 741 1191 765 ¹¹
1212 741 1379 792 prandij
1404 742 1523 780 hora
1544 742 1554 767 ί
1587 742 1788 791 instante,

172 818 315 855 uinum
348 816 515 854 deerat:
549 814 695 865 itaque
727 812 1038 853 libentissimis
1075 813 1275 851 omnibus
1306 811 1318 844 J'
1358 818 1402 851 et
1435 813 1478 851 in
1513 813 1790 852 tribulatione

170 887 475 938 gaudentibus,
499 886 709 935 mens[ae]
735 886 753 910 k
776 884 1153 931 accumbentibus,
1179 895 1285 921 ecce
1308 884 1461 922 mulier
1482 884 1571 922 uini
1591 896 1669 922 uas
1689 885 1790 923 satis

171 971 303 1008 capax
325 958 481 996 attulit.
521 957 660 995 Nobis
682 969 786 995 sane
809 956 928 994 uisae
959 960 1059 993 sunt
1088 954 1264 1005 nuptiae
1299 956 1474 994 Cannae
1508 955 1719 1004 Galileae,
1751 955 1791 994 in

169 1030 323 1080 quibus
345 1028 568 1075 Dominus,
592 1028 665 1078 qui
686 1028 804 1066 solus
824 1031 1007 1066 naturae
1031 1025 1185 1065 ordine
1206 1038 1294 1064 non
1317 1026 1583 1078 astringitur,
1608 1039 1663 1065 ex
1684 1040 1792 1078 aqua

170 1101 314 1138 uinum
336 1099 539 1138 reddidit.
565 1098 684 1138 Hinc
706 1097 936 1138 transiens
962 1098 972 1122 ¹
995 1099 1123 1136 ΚΒΜ
1146 1098 1429 1150 Augustanus
1453 1103 1460 1123 ¹
1490 1097 1619 1137 nobis
1640 1097 1790 1150 uigin-

170 1171 205 1209 ti
226 1180 255 1197 m
276 1184 432 1210 aureos
454 1170 754 1209 liberalissime
774 1176 841 1208 est
862 1177 883 1194 ¹1
909 1169 1133 1221 elargitus.
1167 1168 1371 1217 Plurima,
1403 1175 1422 1194 ⁰
1458 1182 1572 1219 qnae
1605 1169 1675 1208 hic
1709 1158 1791 1209 dici

168 1248 362 1293 possent,
387 1255 499 1292 qnae
529 1255 556 1280 a
584 1241 712 1281 nobis
742 1240 974 1280 miracala
1006 1241 1302 1291 appellantur
1332 1247 1368 1288 P,
1404 1240 1634 1280 breuitatis
1665 1253 1790 1280 causa

171 1319 414 1365 praetereo.
440 1314 635 1352 Matrona
656 1313 868 1363 quaedam
891 1318 1130 1352 sexcentos
1159 1325 1319 1352 aureos
1349 1325 1549 1352 nummos
1578 1312 1705 1352 nobis
1734 1313 1789 1351 le-

170 1387 304 1437 gauit,
341 1398 391 1424 ac
424 1385 649 1436 praedium
683 1398 797 1424 nunc
831 1385 1104 1424 fructuosum
1139 1398 1218 1436 pro
1241 1385 1431 1436 collegio
1456 1390 1662 1424 coemere
1683 1385 1787 1424 uult.

170 1458 292 1496 Alter
314 1458 385 1508 qui
406 1471 452 1496 se
482 1462 658 1496 nostrae
681 1457 875 1496 adiunxit
896 1457 1126 1504 Societati,
1151 1456 1328 1495 domum
1363 1456 1633 1507 fundumque
1655 1455 1787 1504 dedit,

170 1542 270 1579 quo,
295 1541 391 1567 cum
412 1529 521 1566 liber
545 1529 641 1576 erit,
665 1527 899 1566 duodecim
920 1528 1078 1566 fratres
1094 1527 1316 1568 sustineri
1335 1535 1353 1561 q
1375 1533 1598 1578 poterunt.
1618 1528 1789 1566 Interea

172 1601 379 1639 Dominus
402 1608 415 1625 r
440 1599 703 1650 prouidebit.
739 1599 840 1648 Qua
872 1599 1052 1639 ratione
1082 1600 1201 1639 enim
1234 1600 1354 1639 Dens
1387 1599 1531 1647 nobis,
1570 1599 1648 1650 qui
1676 1601 1789 1639 totos

170 1671 375 1722 obsequio
410 1671 505 1710 eius
540 1671 922 1722 mancipanimns,
959 1684 1051 1710 non
1081 1673 1264 1721 praesto
1295 1670 1404 1710 erit?
1438 1683 1541 1710 cum
1574 1669 1786 1709 uolatilia

169 1742 280 1783 coeli
300 1741 618 1782 liberalissime
634 1742 817 1793 pascat?
836 1744 863 1781 ².

220 1826 258 1863 4.
318 1814 405 1852 Sed
428 1814 482 1852 de
503 1815 568 1852 his
590 1814 708 1862 satis,
733 1814 787 1853 ad
808 1814 982 1854 scholas
1015 1827 1133 1852 nunc
1161 1814 1403 1861 ueniamus,
1435 1826 1547 1865 quae
1577 1814 1787 1853 hactenus

169 1886 413 1936 frequentia
443 1886 750 1936 discipulorum
781 1887 1038 1933 floruerunt,
1071 1886 1144 1937 qui
1174 1898 1279 1924 sane
1310 1891 1410 1924 sunt
1444 1886 1588 1924 bonae
1617 1885 1785 1934 indolis,

169 1957 382 2008 ualdeque
404 1958 561 1995 litteris
582 1970 633 1996 ac
654 1957 885 1995 uirtutibus
903 1957 1055 2005 dediti,
1077 1962 1121 1996 et
1139 1957 1232 1996 sine
1250 1958 1401 1996 labore
1422 1970 1446 1995 a
1467 1957 1584 2007 vitijs
1605 1969 1787 1996 auocan-

167 2033 251 2075 tur3
287 2028 570 2079 quamobrem
605 2028 742 2079 magis
776 2028 1001 2080 magisque
1037 2029 1079 2066 in
1115 2028 1209 2067 dies
1243 2029 1285 2067 in
1318 2029 1476 2067 litteris
1510 2028 1787 2079 moribusque

167 2098 412 2148 proficiunt,
436 2104 481 2137 ut
502 2100 602 2138 hinc
623 2099 829 2150 egregios
849 2100 945 2138 tore
963 2100 1082 2138 uiros
1112 2112 1355 2151 speremus.
1378 2100 1540 2149 Auct[i]
1568 2098 1613 2151 [?]
1637 2106 1652 2125 S
1674 2104 1785 2146 sunt,

167 2168 312 2208 habita
333 2171 530 2208 oratione
552 2171 593 2209 in
613 2176 764 2209 nostro
785 2172 949 2222 templo
973 2171 1027 2209 de
1050 2171 1329 2210 scientiarum
1348 2171 1618 2222 'praestantia
1639 2176 1683 2209 et
1704 2170 1787 2209 dia-

214 2337 233 2355 a
284 2331 399 2367 alias.
464 2330 527 2355 —b
548 2329 654 2366 circa
672 2329 836 2367 uictum.
903 2339 965 2357 ..c
987 2344 1034 2368 eo
1053 2336 1191 2377 supra
1210 2341 1322 2368 vers.
1393 2352 1416 2355 -
1438 2331 1458 2356 d
1479 2343 1714 2378 oppugnare
1732 2330 1786 2366 vi-

166 2388 322 2426 dentur.
376 2396 440 2415 -e
461 2400 633 2435 semper.
686 2390 744 2414 —f
768 2402 873 2437 quae
902 2394 961 2426 est
988 2390 1108 2427 huius
1134 2390 1244 2427 vrbis
1263 2390 1476 2427 calamitas
1508 2395 1547 2427 et
1578 2389 1782 2436 eges[ta]s.

168 2455 235 2480 —g
256 2447 310 2484 In
330 2458 468 2493 marg.
490 2448 640 2494 aliqua
660 2448 765 2485 add.
789 2449 1023 2493 Polancus,
1043 2460 1157 2497 quae
1173 2451 1248 2487 vix
1267 2450 1353 2496 legi
1363 2452 1562 2497 possunt:
1595 2462 1674 2486 non
1703 2454 1784 2486 tan-

167 2511 250 2543 tum
269 2506 310 2543 in
328 2506 433 2543 diem
452 2508 519 2542 Vel
538 2506 578 2543 in
598 2507 715 2543 horas
735 2507 796 2544 hic
817 2508 988 2545 vidimus
1007 2509 1084 2554 (P).
1152 2509 1217 2533 ——h
1239 2507 1409 2547 Memini
1437 2521 1542 2546 cum.
1608 2509 1664 2535 -i
1690 2513 1784 2546 tem-

167 2577 274 2611 pore.
328 2566 383 2598 —J'
408 2566 525 2603 hilari
545 2567 764 2603 animo—k
786 2566 1055 2614 Consumpta
1073 2568 1240 2606 charta.
1295 2569 1353 2594 —1
1380 2581 1470 2606 cum
1497 2569 1601 2606 alias
1630 2569 1784 2605 nullum

165 2623 361 2670 pecuniae
380 2625 598 2662 subsidium
618 2627 721 2662 domi
742 2632 862 2669 esset,
879 2627 972 2663 dum
991 2640 1151 2665 sacrum
1169 2627 1325 2665 faceret
1343 2627 1411 2666 Pr.
1433 2627 1597 2670 Rector.
1615 2639 1709 2664 casu
1726 2626 1784 2664 illi

166 2682 346 2720 interfuit
379 2684 548 2721 Romam
579 2698 766 2732 pergens.
818 2695 893 2712 ——m
914 2693 953 2724 et
980 2692 1136 2725 nostros
1167 2700 1406 2735 agnoscenS,
1441 2688 1600 2725 multos.
1653 2695 1720 2713 -11
1745 2686 1783 2723 in

181 2742 482 2781 eleemosinam.
536 2751 600 2770 —-0
620 2744 858 2783 huiusmodi.
911 2755 976 2781 —P
998 2747 1161 2784 diuinae
1181 2760 1282 2795 erga
1297 2761 1369 2785 nos
1384 2748 1664 2795 prouidentiae
1677 2746 1780 2783 testi·

166 2801 311 2845 monia,
331 2814 450 2848 quae.
499 2810 563 2837 —q
584 2804 651 2840 ali.
707 2813 766 2830 —r
788 2811 904 2852 prout
922 2808 1038 2844 solet.
1094 2814 1152 2834 —S
1178 2808 1444 2853 Consumpta
1465 2807 1617 2845 charta
1648 2806 1717 2844 hic
1746 2806 1785 2841 et

164 2859 285 2905 infra
304 2860 349 2897 in
368 2863 571 2899 extremis
588 2864 796 2900 versibus.
1199 2885 1201 2887 ·

215 3017 221 3035 ¹
276 3015 371 3053 Otto
389 3015 628 3054 Truchsess.

213 3075 226 3094 ²
277 3074 339 3112 Cf.
362 3074 548 3120 Mum,
569 3074 642 3120 VI,
663 3075 720 3112 26.
