1908 3446
222 233 285 269 158
692 231 908 270 L1TTERAE
937 234 1291 279 QUADmMEsTREs

169 335 269 373 dum
302 336 534 386 magistros
566 349 777 383 errorum,
810 337 881 386 qui
913 336 1004 373 sine
1038 336 1122 373 ullo
1155 337 1323 373 honore
1355 349 1405 374 ac
1437 335 1658 386 sepultura
1687 337 1793 375 asini

168 407 319 444 iubent
342 407 515 457 sepelirj
537 412 732 445 mortuos
754 420 872 449 suos,
897 406 1264 457 quemadmodum
1285 407 1413 457 paulo
1432 415 1533 444 ante
1551 407 1793 458 quadrage-

169 478 318 515 simam
340 478 382 515 in
404 477 500 516 ciue
522 484 783 528 augustano,
807 485 907 529 post
930 480 1129 529 Fugaros
1149 480 1168 496 ἃ
1189 477 1418 525 ditissimo,
1444 478 1521 516 sed
1545 478 1789 520 lutherano,

167 550 328 587 tactum
361 554 442 596 est3
481 550 552 587 ubi
582 563 605 588 a
635 550 854 588 contrario
878 562 1028 588 caesar
1050 551 1142 600 ipse
1165 550 1293 587 funus
1315 550 1553 600 praepositi
1572 550 1592 575 b
1616 555 1791 588 sanctae

168 619 342 667 Mariae,
381 620 460 658 viri
501 620 667 670 optimj,
706 619 955 670 praesentia
991 633 1166 657 suorum
1202 620 1410 658 nobilium
1447 633 1496 658 ac
1534 621 1788 671 ¹stipatorum

166 691 349 742 alijsque
371 692 610 729 honoribus
632 691 700 742 pie
725 695 976 728 exornaret.

216 763 253 800 ὁ.
314 763 463 800 Finem
485 762 638 800 faciam
661 763 787 800 huius
811 763 1039 812 epistolae,
1065 761 1137 799 ubi
1167 762 1221 799 de
1254 763 1567 800 beneuolentia
1602 776 1788 812 quorun-

164 834 261 871 dam
296 834 535 884 principum
578 846 680 884 erga
721 845 800 870 nos
840 845 978 882 pauca
1017 833 1264 879 subiecero,
1307 833 1526 882 nouisqute
1557 833 1789 884 fanorum

162 904 596 956 significationibus.
631 904 794 941 Caesar
826 904 916 953 ipse
945 904 988 941 P.
1023 905 1073 942 D.
1108 903 1344 951 Canisium,
1383 918 1407 942 a
1442 917 1488 941 se
1523 918 1574 942 ex
1611 906 1790 944 Polonia

162 976 299 1013 literis
320 981 576 1013 reuocatum
595 975 755 1025 diuque
774 981 1070 1026 expectatum,
1094 987 1302 1026 perquam
1320 976 1565 1013 humaniter
1584 977 1787 1028 laeteque

162 1047 370 1096 suscepit3
408 1047 530 1084 cuius
567 1058 700 1096 opera
737 1052 780 1083 et
816 1046 997 1084 consilio
1035 1046 1076 1083 in
1112 1046 1243 1094 uarijs
1283 1047 1498 1096 negocijs,
1534 1053 1577 1084 et
1613 1046 1787 1098 quidem

161 1119 321 1159 arduis,
360 1118 547 1155 maxime
583 1130 694 1168 quae
730 1117 783 1155 ad
816 1116 1075 1155 catholicam
1109 1117 1368 1167 religionem
1401 1123 1615 1167 spectant,
1655 1131 1786 1169 saepe

160 1203 341 1228 numero
366 1190 514 1236 utitur,
538 1189 907 1240 quemadmodum
929 1189 1032 1227 facit
1065 1195 1108 1226 et
1140 1190 1284 1227 Rmus.
1320 1188 1548 1227 cardinalis
1583 1197 1786 1241 augusta-

159 1275 237 1299 nus
274 1269 299 1309 ¹‚
337 1273 465 1311 quem
498 1261 629 1299 etiam
663 1260 945 1311 intelligimus
977 1273 1073 1298 cum
1105 1261 1193 1298 suis
1225 1260 1443 1299 canonicis
1473 1261 1557 1299 iam
1581 1261 1784 1300 effecisse

158 1332 271 1383 apud
294 1334 339 1371 P.
365 1334 434 1379 V.‚
458 1338 505 1370 ut
525 1332 641 1370 idem
665 1333 862 1371 Canisius
884 1332 1017 1370 obeat
1038 1345 1193 1369 munus
1222 1333 1548 1370 concionatoris
1580 1331 1782 1382 ordinarij

156 1404 198 1441 in
219 1416 387 1442 summa
408 1404 611 1450 ecclesia,
636 1416 711 1453 spe
734 1410 937 1453 tanquam
961 1408 1083 1441 certo
1106 1403 1274 1449 relicta,
1300 1408 1344 1440 ut
1366 1404 1447 1441 hac
1473 1403 1543 1440 uia
1572 1403 1614 1441 in
1647 1416 1697 1441 ea
1729 1403 1783 1442 ci-

158 1474 293 1513 uitate
328 1476 533 1526 paulatim
570 1476 804 1526 collegium
841 1475 911 1513 uel
947 1474 1102 1512 domus
1136 1479 1315 1512 nostrae
1346 1475 1561 1514 Societati
1589 1482 1780 1525 paretur,

155 1546 273 1597 quod
294 1546 582 1596 proculdubio
606 1547 687 1585 toti
704 1546 967 1584 Germaniae
989 1546 1030 1584 in
1053 1546 1198 1592 rebus,
1219 1558 1330 1596 quae
1352 1546 1406 1584 ad
1424 1546 1780 1586 reformationem

156 1618 371 1656 ecclesiae
395 1622 609 1668 spectant,
634 1629 811 1667 magnas
832 1616 971 1667 pariet
994 1615 1219 1654 utilitates.
1245 1617 1382 1654 Huius
1404 1617 1606 1655 antistitis
1635 1623 1779 1657 tantus

155 1693 221 1726 est
244 1701 349 1739 erga
368 1693 561 1727 nostram
586 1689 857 1727 Societatem
878 1700 1014 1734 amor,
1035 1692 1079 1725 ut
1102 1688 1223 1725 uelut
1240 1700 1344 1725 suae
1363 1687 1584 1739 dignitatis
1604 1689 1779 1737 oblitus,

154 1762 223 1799 uel
246 1761 467 1799 minimum
491 1773 546 1798 ex
567 1760 727 1798 nostris
749 1766 952 1810 tanquam
976 1759 1151 1797 fratrem
1176 1765 1218 1797 et
1242 1759 1321 1797 sibi
1348 1761 1575 1811 aequalem
1604 1761 1779 1810 habeat3

153 1846 238 1882 quo
261 1833 322 1879 fit,
347 1838 394 1870 ut
423 1831 464 1870 in
496 1832 734 1871 donatione
766 1832 970 1877 vestium,
1004 1832 1226 1873 librorum,
1264 1831 1532 1882 aliarumque
1570 1832 1782 1871 eiusmodi

152 1916 295 1942 rerum
326 1917 373 1941 se
404 1903 530 1942 nobis
562 1904 747 1941 maxime
778 1903 1004 1940 liberalem
1034 1903 1259 1952 praebeat,
1295 1908 1338 1939 et
1366 1902 1418 1940 ad
1446 1903 1683 1953 quamlibet
1708 1916 1777 1941 oc-

152 1976 372 2014 casionem
396 1975 450 2013 de
472 1975 598 2014 nobis
620 1974 794 2012 stussleat
816 1975 929 2012 bene
961 1974 1136 2022 mererj,
1169 1974 1212 2011 id
1247 1973 1364 2023 quod
1394 1973 1643 2024 nuperrime
1675 1974 1777 2013 satis

151 2047 380 2085 manifeste
403 2047 736 2097 comprobatum
761 2050 841 2084 est.
866 2045 978 2082 Dum
996 2045 1109 2083 enim
1127 2044 1301 2094 quidam
1321 2044 1392 2094 qui
1409 2044 1523 2095 apud
1539 2058 1620 2083 nos
1637 2044 1779 2084 adhuc

148 2118 398 2169 probandus
420 2118 614 2166 uiuebat,
638 2116 885 2155 tentatione
904 2116 1323 2166 perturbationeque
1346 2115 1476 2154 animi
1498 2117 1655 2165 uictus,
1679 2118 1778 2155 hinc

149 2190 392 2240 aufugisset
415 2195 459 2227 et
478 2202 556 2239 per
578 2189 821 2240 Augustam
842 2188 925 2226 iter
946 2187 1130 2234 faceret,
1154 2187 1269 2225 forte
1290 2187 1466 2225 fortuna
1497 2188 1673 2226 obuium
1705 2190 1776 2227 ha-

148 2261 241 2299 buit
271 2261 492 2299 dominum
525 2261 794 2307 Petronium,
830 2260 937 2298 Rmi.
972 2258 1199 2298 cardinalis
1228 2259 1555 2306 cubicularium,
1580 2260 1652 2309 qui
1674 2274 1774 2299 mox

147 2333 367 2371 hominem
391 2346 445 2370 ex
467 2332 617 2370 habitu
638 2332 846 2370 iudicauit
870 2344 923 2369 ex
947 2330 1173 2370 Societate
1195 2336 1345 2368 nostra
1365 2330 1598 2380 prodijsse,
1630 2335 1673 2369 et
1705 2344 1776 2370 ua-

146 2405 219 2453 rijs
249 2404 670 2454 interrogationibus
692 2404 848 2454 quibus
879 2403 1111 2440 ueritatem
1144 2401 1291 2440 elicuit
1313 2401 1368 2439 de
1389 2402 1506 2452 fuga,
1531 2402 1679 2452 coepit
1701 2415 1775 2440 ue-

144 2476 375 2514 hementer
396 2475 601 2513 damnare
623 2475 735 2513 illius
765 2476 923 2512 malum
953 2474 1241 2524 propositum,
1274 2485 1325 2511 ac
1354 2485 1609 2524 persuasum
1645 2477 1691 2511 ut
1727 2486 1773 2512 se

145 2554 420 2597 sequeretur,
445 2547 498 2585 ad
520 2547 742 2585 dominum
765 2546 1028 2585 cardinalem
1049 2545 1268 2596 perduxit.
1295 2543 1534 2584 Cardinalis
1554 2546 1701 2596 igitur,
1726 2558 1771 2583 re

143 2618 381 2666 intellecta,
416 2617 588 2657 monitis
619 2619 781 2657 sanctis
811 2630 862 2656 ac
890 2617 1096 2669 precibus
1125 2617 1242 2655 nisus
1275 2622 1342 2655 est
1371 2616 1602 2668 fugitiuum
1632 2616 1687 2655 ad
1708 2629 1771 2655 sa-

142 2690 311 2728 niorem
346 2694 538 2727 mentem
574 2701 810 2737 reuocare3
851 2688 968 2739 quod
1009 2701 1105 2726 cum
1145 2688 1305 2730 frustra
1342 2691 1556 2736 tentaret,
1593 2688 1769 2726 tandem

142 2772 299 2811 magna
318 2760 448 2798 animi
469 2760 751 2798 miseratione
771 2764 1013 2810 permotus,
1046 2758 1353 2796 uehementius
1383 2759 1502 2797 illum
1535 2759 1769 2798 obsecrans

185 2904 205 2923 a
255 2903 447 2940 Fuearos.
503 2904 566 2928 —b
587 2903 626 2940 d.
646 2903 879 2949 praepositi.

186 3043 195 3063 ¹
247 3040 344 3079 Otto
363 3039 605 3078 Truehsess.
