1908 3446
2 75 9 103 ⁶¹⁴
0 0 13 58 ἢῆ*

410 234 735 274 299.-(ἶοῑ,οΝΙΑ
767 234 810 273 13
837 233 1104 274 SEPTEMssms
1135 236 1224 274 1559
1525 236 1595 274 339

8 339 94 377 >bus
115 336 361 388 proficiunt,
387 336 589 376 catholici
624 349 776 375 omnes
798 343 912 384 sunt,
937 338 1126 376 libenter
1158 351 1303 377 sacras
1324 339 1540 378 lectiones
1570 352 1641 376 au—

10 404 151 457 qdiunt,
176 410 333 447 missae
355 408 550 459 quotidie
575 412 617 446 et
640 408 816 460 quidem
834 409 961 447 flexis
979 409 1166 460 genibus
1187 410 1418 458 intersunt,
1442 410 1642 460 frequen-

19 486 83 520 ter
113 479 377 518 confitentur
401 485 443 518 et
467 479 805 527 communicant,
831 485 984 518 contra
1017 481 1269 520 haereticos
1291 481 1344 519 ad
1375 480 1641 520 liberandam

19 553 194 605 patriam
212 564 311 591 sese
328 556 493 603 parant.
514 552 560 590 In
578 552 692 590 festo
711 552 1019 603 assumptionis
1037 552 1165 591 diuae
1183 553 1344 591 Mariae
1362 565 1535 604 semper
1551 553 1642 591 Vir-

15 625 125 693 ginis
145 623 334 675 (quando
356 624 493 674 primo
516 624 557 661 in
587 636 704 662 nouo
736 629 888 662 nostro
910 631 929 649 ἃ
951 624 1113 662 sacello
1137 625 1407 663 celebratum
1432 625 1531 674 est),
1556 630 1643 663 tam

21 696 137 736 multi
156 700 341 746 peccata
361 708 437 733 sua
460 695 651 734 confessi
674 700 788 742 sunt,
814 699 859 733 ut
880 708 957 746 per
985 696 1204 747 integrum
1226 695 1416 734 triduum
1439 696 1642 734 sacerdo-

19 773 84 807 tes
106 767 293 818 quinque
314 765 356 804 in
387 766 439 816 ijs
461 764 691 804 audiendis
715 766 919 817 occupati
940 766 1116 805 fuerint.
1144 765 1265 805 Multi
1287 768 1467 818 singulis
1489 766 1644 805 mensi-

22 840 110 886 bus,
147 837 269 876 multi
303 837 475 876 decimo
508 838 659 888 quinto
697 838 910 888 quoqueb
941 837 1028 885 die,
1053 838 1174 876 multi
1199 844 1358 877 octauo
1377 838 1448 877 die
1479 838 1643 877 deuote

17 908 350 956 communicant,
374 920 557 959 quorum
579 908 774 946 nonnulli
792 913 893 947 ante
910 920 935 946 a
957 908 1237 947 confessione
1254 910 1429 960 penitus
1451 916 1467 935 c
1489 909 1643 948 abhor-

18 960 183 1024 lrebant.
209 980 274 1018 De
297 978 532 1018 extraneis
553 979 572 1004 ‘¹
594 980 765 1030 loquor,
802 992 900 1018 nam
935 978 1142 1018 intranei
1161 986 1194 1027 θ,
1228 980 1331 1019 licet
1363 981 1644 1019 conuictores

19 1054 181 1110 ltantum
203 1050 301 1098 sint,
326 1051 459 1101 longe
489 1051 672 1101 amplius
708 1056 854 1088 tamen
884 1051 1136 1102 proficiunt,
1176 1056 1219 1090 et
1249 1053 1392 1103 pauci,
1424 1057 1496 1090 aut
1528 1051 1643 1090 forte

19 1114 120 1175 lnulli
141 1126 253 1169 sunt,
278 1122 382 1173 quin
407 1122 418 1147 t
439 1121 619 1173 singulis
642 1122 895 1173 septimanis
916 1129 1100 1173 peccata
1123 1136 1199 1162 sua
1222 1124 1531 1171 confiteantur,
1556 1124 1642 1161 imo

20 1176 62 1234 et
81 1193 186 1232 alios
208 1193 261 1232 ad
284 1192 610 1232 confessionem
633 1205 782 1232 secum
804 1194 1076 1244 pertrahunt.
1101 1194 1210 1233 Sunt
1240 1208 1372 1245 porro
1410 1195 1488 1232 sub
1521 1200 1642 1233 tecto

18 1260 165 1314 lnostro
188 1270 363 1304 centum
387 1270 431 1303 et
453 1264 703 1312 duodecim,
727 1269 800 1303 aut
832 1266 961 1315 paulo
983 1266 1145 1316 plures,
1171 1265 1336 1304 Omnes
1367 1265 1510 1304 bonae
1542 1270 1641 1304 sunt

16 1321 186 1385 indoli&
210 1337 332 1376 multi
355 1349 409 1376 ex
427 1337 493 1375 his
516 1336 688 1388 egregij
711 1336 949 1375 Societatis
971 1337 1132 1376 alumni
1153 1337 1279 1376 fiunt.

19 1402 40 1519 ὅ)
72 1419 109 1457 3.
169 1409 327 1448 Sumus
349 1409 463 1448 enim
484 1409 568 1447 iarn
591 1409 633 1446 in
649 1409 878 1447 Societate
900 1409 970 1447 hic
992 1408 1121 1447 valde
1145 1408 1282 1448 multi.
1307 1410 1371 1447 Ex
1394 1409 1460 1448 his
1481 1422 1506 1448 a
1527 1421 1644 1447 men-

20 1492 67 1520 ne
87 1480 237 1520 Martio
259 1488 282 1514 g
303 1481 505 1520 vndecim
526 1481 568 1518 in
591 1493 687 1519 eam
708 1480 896 1531 ingressi
927 1486 1041 1520 sunt.
1066 1482 1119 1520 Hi
1151 1494 1266 1520 nunc
1296 1494 1495 1520 seorsum
1526 1481 1645 1520 habi-

29 1558 123 1592 tant.
147 1553 229 1592 Diu
252 1552 365 1592 enim
387 1558 576 1604 sperata,
601 1551 779 1590 tandem
801 1551 917 1591 facta
939 1558 1007 1591 est
1029 1552 1209 1591 fratrum
1233 1553 1251 1577 ¹¹
1276 1557 1318 1591 et
1341 1552 1644 1592 conuictorum

30 1624 256 1675 separatio.
281 1624 391 1663 Tres
413 1624 511 1663 illae
534 1623 705 1671 domus,
729 1635 837 1673 quas
869 1623 921 1662 D.
958 1623 1146 1662 Ioannes
1176 1636 1201 1662 a
1230 1623 1412 1674 Lynden
1433 1624 1647 1662 Societati

25 1689 140 1758 lemst,
169 1708 284 1735 nunc
305 1695 366 1734 ita
385 1699 671 1747 praeparatae
694 1701 808 1743 sunt,
833 1701 879 1734 ut
901 1694 1166 1734 sufficientia
1187 1696 1229 1734 in
1250 1696 1303 1746 ijs
1325 1696 1408 1735 sint
1430 1697 1643 1736 cubicula.

35 1768 67 1805 'n
94 1767 158 1806 his
192 1779 306 1806 nunc
334 1767 491 1805 fratres
522 1767 733 1814 habitant,
771 1766 893 1817 quasi
922 1767 964 1805 in
986 1765 1171 1818 quadam
1202 1767 1473 1818 probationis
1495 1767 1644 1807 domo.

28 1838 84 1892 *Xe
115 1838 267 1877 melius
301 1837 446 1877 adhuc
483 1836 627 1876 omnia
660 1837 1081 1876 accomodabuntur.
1120 1839 1303 1876 Praeest
1342 1837 1401 1876 ibi
1442 1839 1645 1877 fratribus

38 1921 187 1961 nagno
218 1923 320 1949 cum
347 1909 516 1962 fructu
552 1909 608 1948 M.
646 1910 904 1948 Franciscus
941 1911 1168 1949 Costerus.
1209 1909 1361 1948 Mirum
1397 1911 1439 1948 in
1469 1910 1644 1949 modum

26 1982 172 2033 ,ratres
192 1980 271 2032 ipsi
292 1981 542 2033 proficiunt.
568 1981 744 2020 Habent
766 1993 844 2020 sua
863 1982 1147 2032 paupertatis,
1172 1981 1426 2020 humilitatis
1450 1986 1493 2020 et
1512 1982 1646 2020 oboe-

30 2051 205 2091 dientiae
229 2052 455 2100 exercitia,
479 2056 687 2104 quantum
711 2051 868 2103 cuique
891 2051 1130 2090 conuenire
1153 2051 1344 2091 videtur.
1368 2053 1464 2091 Nec
1486 2052 1645 2091 desunt

22 1512 27 1544 1

32 2123 336 2179 ¹idmonitiones
376 2130 420 2162 et
460 2124 618 2163 stimuli
659 2123 712 2163 ad
757 2124 835 2162 has
875 2129 918 2163 et
958 2124 1062 2162 alias
1102 2123 1289 2162 virtutes
1328 2125 1643 2175 assequendas.

32 2182 78 2233 51.
100 2195 353 2235 Franciscus
374 2196 587 2235 Costerus
608 2195 788 2247 singulis
822 2195 1077 2246 septimanis
1107 2196 1283 2247 regulas
1305 2195 1388 2234 illis
1410 2196 1647 2235 Societatis

0 2290 1 2294 ,
41 2267 218 2317 {xponit,
243 2273 288 2305 et
308 2267 521 2318 priuatam
543 2266 599 2305 de
620 2267 686 2305 his
716 2267 780 2318 ejs
810 2266 1071 2305 concionem
1102 2267 1219 2306 facit.
1252 2266 1337 2317 Ipsi
1358 2280 1533 2318 quoque
1565 2269 1647 2306 sin·

34 2337 131 2386 ‘gulis
164 2337 514 2377 hebdomadibus
551 2350 625 2376 eas
660 2338 814 2390 legunt
849 2343 894 2376 et
930 2338 1184 2376 obseruant.
1224 2338 1269 2377 Si
1308 2339 1534 2390 negligant
1574 2344 1648 2377 aut

36 2406 183 2459 alioqui
204 2409 472 2460 delinquant,
495 2410 770 2461 poenitentia
789 2408 1042 2461 iniungitur.
1067 2410 1304 2448 Pulchrum
1328 2415 1395 2449 est
1417 2411 1550 2450 tacite
1574 2411 1647 2449 ob-

0 2512 2 2514 ,
35 2490 209 2540 {seruare
247 2481 472 2531 quomodo
513 2494 560 2520 se
600 2481 888 2528 mortificent,
932 2486 976 2519 et
1028 2494 1155 2532 quam
1195 2481 1310 2520 bene
1354 2482 1649 2532 poenitentias

38 2547 167 2602 1gant.
191 2553 299 2591 Sunt
316 2565 501 2605 magnae
523 2553 617 2604 spei
628 2553 837 2605 juuenes,
861 2553 902 2591 in
920 2554 1038 2591 bono
1061 2553 1288 2591 feruentes
1311 2557 1354 2591 et
1372 2554 1412 2591 in
1435 2553 1561 2592 donis
1577 2567 1648 2592 na-

2 2646 3 2654 1
38 2609 231 2666 luralibus
253 2625 513 2663 excellentes
535 2624 563 2663 ἱ.
587 2624 670 2663 Vix
694 2624 827 2663 credo
851 2624 893 2662 in
929 2629 1026 2662 toto
1049 2623 1364 2675 discipulorum
1389 2637 1527 2676 grege
1551 2637 1649 2663 esse

44 2693 96 2731 fel
115 2692 335 2734 doctiores
357 2695 428 2734 vel
451 2695 762 2743 modestiores,
788 2700 831 2733 et
852 2694 894 2733 in
929 2694 1059 2734 animi
1082 2701 1126 2733 et
1148 2696 1345 2746 corporis
1367 2695 1544 2734 dotibus
1574 2708 1648 2734 ex-

75 2924 93 2944 *
108 2918 196 2966 Seq.
215 2920 389 2966 collegio
408 2920 491 2958 del.
537 2921 603 2945 —b
618 2932 777 2967 quoque
793 2925 931 2966 supra
950 2931 1060 2958 vers,
1103 2929 1168 2946 ——0
1192 2921 1350 2968 penitus
1365 2926 1502 2968 supra
1531 2933 1641 2960 vers.

47 2983 96 3009 -d
110 2985 296 3022 externis.
341 2994 405 3011 —e
422 2986 584 3022 interni.
631 2986 688 3011 —f
718 2986 784 3032 qui
805 2998 897 3022 non.
918 2993 984 3019 -ξ
1007 2986 1097 3032 Seq.
1116 2987 1199 3024 det.
1217 2987 1271 3024 in.
1305 2989 1368 3012 —h
1402 2992 1645 3025 nostrorum.

41 3042 89 3087 Η
116 3043 262 3080 eximii.
