1908 3446
561 234 882 273 347.—C01„0N1A
908 233 953 271 27
979 234 1219 271 FEBRUARH
1250 233 1338 270 1560
1648 232 1717 269 535

137 339 307 377 Deinde
331 337 557 378 Coloniam
588 337 772 384 reuersi,
805 349 889 388 quo
922 337 1212 374 vehementer
1245 336 1300 373 ob
1332 334 1578 372 diuturnam
1609 334 1762 372 absen-

137 411 239 448 tiam
278 409 605 455 festinabamus,
649 409 806 459 elapsis
844 408 994 458 paucis
1035 406 1190 444 diebus
1242 406 1438 456 sigillifer
1479 405 1761 451 coloniensis,

136 480 325 532 praesuli
346 479 581 517 admodum
604 480 838 526 familiaris,
862 477 987 516 nobis
1010 477 1237 528 respondit
1260 478 1367 514 ΚΒΜ)
1389 477 1564 526 placere
1587 481 1633 513 ut
1655 481 1762 513 tem-

135 553 251 603 plum
287 564 311 589 a
348 550 474 588 nobis
514 549 827 599 desyderatum
869 550 877 569 ¹
916 549 1299 599 amplecteremur,
1342 560 1427 598 quo
1466 551 1508 584 et
1547 547 1766 584 iuuentuti

136 623 261 662 nobis
284 621 583 667 concreditae,
610 627 653 658 et
675 622 836 672 populo
860 620 1212 659 confessionibus
1234 617 1476 665 audiendiS,
1502 630 1625 656 sacra
1647 631 1763 655 com-

136 695 340 732 munione
365 698 408 730 et
431 693 563 731 sacris
596 693 881 730 concionibus
912 692 1126 742 prodesse
1158 704 1401 741 possemus.
1438 692 1535 740 Que
1563 690 1764 740 profecto

136 778 206 804 res
227 778 314 803 non
335 764 617 802 mediocriter
641 764 759 802 Chri.
784 764 967 814 gloriam
989 762 1248 814 propagabit
1271 768 1315 800 et
1337 762 1608 801 Societatem
1631 761 1764 798 vehe-

136 841 306 875 menter
328 835 669 881 commendabit,
694 848 805 885 quae
829 847 1002 885 semper
1024 834 1232 872 illustrior
1253 833 1324 871 hie
1347 837 1389 870 et
1417 833 1563 871 notior
1586 844 1683 869 esse
1707 832 1766 869 in-

137 908 253 958 cipit,
279 920 376 945 cuin
400 911 442 944 et
465 911 558 944 tota
580 906 765 945 Colonia
787 907 1051 957 cognouerit
1074 905 1234 952 statim,
1269 905 1399 942 etiam
1428 904 1554 942 nobis
1584 903 1765 941 tacenti-

136 980 231 1025 bus,
255 991 335 1016 nos
365 977 550 1015 adR.¹1111
578 978 821 1028 profectos,
856 989 941 1027 quo
974 976 1242 1014 academiam
1273 974 1603 1013 restaurandam
1635 975 1766 1012 susci-

134 1062 354 1101 peremus.
380 1049 562 1087 Reuersi
583 1049 625 1086 in
649 1049 874 1086 ciuitatem
896 1048 1156 1086 mirabamur
1179 1047 1377 1098 cuiquam
1412 1052 1587 1098 praeter
1609 1047 1766 1084 fratres

136 1127 208 1160 aut
242 1121 527 1172 paucissimos
558 1126 753 1158 nostram
783 1120 1106 1170 profectionem
1140 1125 1409 1170 compertam
1430 1119 1580 1157 fuisse.
1606 1119 1670 1158 Sit
1691 1119 1766 1156 be-

136 1193 337 1232 nedictus
358 1193 400 1230 in
421 1192 598 1230 saecula
620 1192 753 1230 Deus.

187 1276 225 1314 4.
285 1262 353 1302 Ad
375 1264 609 1314 collegium
631 1268 828 1301 nostrum
850 1264 980 1302 venio
1003 1264 1045 1301 in
1067 1276 1152 1313 quo
1174 1266 1351 1313 praeter
1370 1263 1583 1314 pietatem
1607 1266 1650 1299 et
1667 1261 1762 1312 phi-

134 1336 363 1386 losophiae
402 1334 607 1381 studium,
649 1335 713 1373 sic
746 1336 875 1372 floret
910 1335 1087 1386 politior
1121 1334 1361 1382 literatura,
1405 1338 1450 1372 ut
1490 1333 1612 1383 (nihil
1649 1332 1763 1371 enim

136 1407 276 1446 dicam
298 1407 352 1445 de
375 1406 539 1444 crebris
560 1405 642 1444 illis
665 1405 1080 1456 declamationibus)
1101 1419 1212 1444 vnus
1235 1419 1289 1444 ex
1317 1406 1646 1445 conuictoribus
1667 1418 1765 1444 nos-

136 1479 212 1517 tris
243 1478 359 1517 mille
383 1478 573 1516 carmina
603 1478 823 1516 asseribus
845 1478 899 1516 ad
931 1479 1017 1516 hoc
1046 1479 1207 1529 paratis
1239 1477 1512 1529 appenderit,
1547 1490 1633 1528 quo
1666 1490 1768 1515 suos

138 1550 461 1589 commilitones
500 1549 554 1587 ad
591 1549 728 1587 simile
765 1548 955 1587 studium
992 1550 1235 1587 concitaret
1275 1553 1318 1587 et
1359 1549 1634 1587 exercitium.
1674 1550 1769 1587 Nec

138 1633 214 1672 spe
245 1634 322 1659 sua
352 1621 585 1658 frustratus
617 1625 697 1658 est.
735 1620 845 1658 Nam
882 1620 923 1658 in
957 1620 1136 1671 singulis
1166 1620 1260 1658 fere
1293 1620 1503 1658 classibus
1532 1632 1620 1658 non
1650 1619 1769 1658 iussu

137 1694 333 1740 alicuius,
357 1692 436 1731 sed
466 1691 637 1742 placido
669 1692 845 1730 hortatu
875 1692 1020 1742 potius
1052 1691 1244 1739 adducti,
1279 1691 1469 1730 carmina
1498 1691 1766 1743 appendunt,

137 1765 245 1803 alius
267 1775 358 1812 300,
383 1764 490 1802 alius
512 1773 604 1810 200,
627 1763 696 1812 alij
720 1764 943 1814 pauciora,
976 1763 1160 1813 quisque
1182 1776 1259 1814 pro
1283 1763 1446 1814 ingenij
1480 1763 1546 1801 sui
1569 1767 1697 1813 captu
1719 1775 1770 1801 ac

136 1835 361 1875 industria.
388 1835 599 1875 Certatim
622 1835 677 1872 de
698 1835 823 1873 festis
846 1836 1163 1873 celebrioribus
1185 1836 1257 1872 vel
1280 1835 1334 1874 de
1358 1835 1569 1886 temporis
1590 1835 1769 1885 qualita-

137 1913 182 1946 te
218 1920 269 1945 ac
303 1907 488 1954 ratione,
526 1906 716 1944 iocunda
755 1906 990 1944 admodum
1025 1906 1176 1944 auditu
1210 1906 1612 1944 comminiscuntur.
1647 1906 1770 1945 Alter

138 1979 316 2018 alterius
350 1978 595 2015 orationem
628 1982 700 2015 aut
732 1977 922 2015 carmina
953 1977 1181 2016 contendit
1203 1978 1443 2028 corrigere,
1467 1982 1540 2015 aut
1570 1978 1767 2024 aliorum,

136 2049 395 2102 praesertim
417 2049 597 2087 fratrum
621 2048 675 2087 de
699 2049 941 2095 Societate,
967 2049 1117 2087 studet
1139 2050 1298 2087 imitari
1319 2050 1521 2087 virtutes.
1545 2049 1654 2087 Sunt
1674 2050 1770 2100 plus

138 2123 277 2161 minus
300 2127 418 2169 octo,
442 2121 512 2171 qui
535 2120 880 2171 flagrantissimis
902 2121 1019 2159 votis
1042 2122 1220 2171 cupiunt
1242 2121 1295 2159 ad
1318 2122 1591 2161 Societatem
1613 2121 1766 2172 recipi,

139 2194 217 2232 sed
239 2195 286 2232 P.
311 2191 565 2232 Leonardus
589 2192 810 2230 existimat
841 2193 1087 2231 consultum
1111 2206 1209 2231 esse
1237 2194 1430 2244 ipsorum
1453 2192 1689 2243 desyderia
1709 2192 1770 2230 di-

137 2266 301 2303 latione
323 2262 627 2302 inflammanda
656 2275 753 2301 esse
782 2276 833 2301 ac
862 2263 1068 2302 fouenda.
1105 2265 1225 2302 Vnus
1258 2270 1404 2302 tamen
1433 2263 1620 2311 illorum,
1654 2264 1770 2301 colo-

138 2336 316 2383 niensis,
342 2347 495 2396 morae
527 2334 773 2385 impatienS,
798 2334 899 2372 dum
931 2336 1102 2386 saepius
1135 2337 1265 2374 etiarn
1297 2337 1480 2386 supplex
1513 2337 1559 2374 P.
1583 2337 1772 2375 Leonar-

139 2407 240 2446 dum
277 2412 447 2445 orasset
482 2419 533 2444 ac
567 2407 786 2455 repulsam
820 2420 974 2457 passus
1009 2413 1142 2454 esset,
1183 2409 1442 2455 clanculum,
1482 2408 1680 2446 omnibus
1710 2407 1770 2445 in-

140 2479 257 2528 scijs,
290 2491 336 2516 se
368 2479 471 2516 voto
504 2477 717 2514 astrinxit.
757 2477 853 2515 Nec
875 2478 1050 2517 silentio
1073 2478 1445 2530 praetereundum
1468 2491 1567 2517 esse
1589 2479 1769 2524 arbitro,

140 2549 258 2602 quod
279 2549 377 2587 vice
399 2548 594 2587 miraculi
615 2548 767 2586 haberi
788 2549 942 2599 possit.
969 2551 1077 2589 Cum
1098 2551 1272 2601 quidam
1306 2550 1584 2597 adolescens,
1616 2555 1770 2587 nature

142 2621 316 2660 dotibus
343 2620 539 2671 insigniS,
570 2619 839 2658 creberrime
860 2620 987 2658 bonis
1008 2621 1193 2672 Spiritus
1215 2622 1364 2660 Sancti
1395 2621 1769 2672 suggestionibus,

141 2698 188 2731 ut
209 2706 255 2731 se
288 2690 501 2731 Societati
530 2691 813 2742 manciparet,
847 2692 1155 2741 reluctaretur3
1188 2694 1366 2732 tandem
1396 2694 1457 2731 ita
1486 2693 1622 2731 sensit
1652 2692 1693 2730 in
1724 2704 1772 2729 se

141 2763 224 2803 Dei
244 2763 350 2802 iram
376 2762 420 2812 [2]
448 2762 676 2810 concitari,
701 2768 747 2800 ut
768 2762 935 2802 duabus
957 2764 1075 2813 tibijs
1105 2766 1229 2803 velut
1256 2778 1311 2803 ex
1339 2765 1504 2816 frigore
1527 2763 1770 2815 diriguerit.

143 2836 226 2874 Hic
256 2848 354 2873 cum
381 2835 541 2872 balnea
572 2834 842 2882 consuleret,
876 2839 921 2873 et
941 2835 1036 2885 alijs
1067 2835 1401 2875 medicamentis
1436 2835 1518 2874 sibi
1546 2835 1771 2886 pristinum

192 2984 201 3003 ¹
255 2981 472 3028 Agebatur
498 2981 547 3017 de
578 2981 730 3018 sacello
762 2980 836 3018 Sti.
866 2980 1044 3019 Servatii
1075 2983 1221 3020 nostris
1253 2983 1461 3020 tradendo.
1493 2981 1555 3019 Cf.
1579 2981 1766 3025 HANSEN,

145 3042 227 3086 348,
247 3040 334 3079 419.
