1908 3446
496 161 824 200 420.-‡C01„0Nm
851 162 873 198 5
899 161 1162 200 SEPTEMBms
1192 159 1282 196 1560
1589 156 1655 194 821

83 271 225 308 animo
248 274 402 307 votum
425 272 739 317 conceperunt,
766 271 809 305 ct
833 271 880 303 vt
901 265 1070 302 admitti
1100 262 1283 315 possint,
1316 263 1582 308 institerunt,
1606 274 1705 299 net>—

83 342 183 379 dum
206 346 352 377 tamen
374 339 566 389 ipsorum
587 337 788 387 petitioni
812 337 1083 375 satisfactum
1106 340 1187 381 est,
1211 334 1365 384 partim
1397 338 1442 370 vt
1474 333 1610 380 magis
1633 332 1705 369 de—

82 411 602 456 sideriainflammentur,
636 409 791 459 partim
825 409 956 446 etiam
990 413 1034 446 vt
1064 407 1191 445 nobis
1222 407 1414 456 ipsorum
1445 405 1573 441 animi
1604 404 1705 441 liant

81 483 426 534 explorationes,
465 480 553 518 Sex
590 486 736 518 tamen
772 480 947 517 admissi
982 484 1095 525 sunt,
1133 489 1316 527 quorum
1346 489 1456 513 vnus
1487 476 1572 513 hoc
1593 488 1704 513 aimo

81 553 320 605 magisterij
345 552 472 590 titulo
495 551 726 602 insignitus
749 556 830 597 est,
857 551 1027 588 iuuenis
1057 554 1230 600 praeter
1260 548 1493 585 honestam
1522 547 1703 584 formam

80 631 124 664 et
146 637 375 675 proceram
400 627 624 668 staturam,
658 622 753 671 alijs
775 622 950 659 dotibus
974 622 1114 658 clarus
1137 623 1218 666 est,
1243 632 1353 669 quae
1382 617 1435 655 ad
1456 618 1706 655 functiones

80 694 317 735 Societatis
336 695 490 732 mirum
512 695 553 731 in
575 694 751 732 modum
776 697 873 731 sunt
895 691 1182 730 accomodae.
1208 693 1534 730 Conterraneus
1556 688 1702 740 ipsius,

79 768 151 817 qui
173 767 371 805 similiter
393 779 626 817 germanus
650 771 731 811 est,
751 766 948 815 proxima
965 764 1298 815 quadragesima
1314 761 1643 813 promouendus
1663 760 1704 798 in

80 840 335 889 magistrum
359 843 442 884 est,
464 837 622 875 eodem
647 837 822 874 omnino
846 835 1020 874 videtur
1043 835 1142 872 duci
1174 834 1340 884 spiritu.
1374 834 1496 871 Alius
1519 838 1586 870 est
1607 834 1704 871 bus-

79 910 357 956 coducensis,
383 909 542 947 eodem
565 914 766 958 tempore
788 909 997 958 magister
1015 907 1199 954 futurus,
1221 912 1265 944 et
1283 906 1373 956 ipse
1391 909 1571 943 naturae
1595 904 1704 943 ‹loti-

80 982 160 1019 bus
183 980 476 1019 admirandus.
498 981 574 1018 Est
593 985 637 1017 et
658 979 767 1017 alius
789 978 1013 1025 sacerdos,
1032 991 1144 1015 anno
1164 978 1311 1028 elapso
1330 978 1370 1015 in
1389 977 1641 1027 magistrum
1663 977 1703 1014 in

83 1057 236 1090 nostro
261 1052 452 1103 collegio
475 1055 718 1102 promotus,
742 1051 806 1088 uir
829 1050 1013 1100 simplex
1032 1055 1074 1087 et
1092 1054 1255 1095 rectus,
1274 1049 1346 1098 qui
1362 1048 1571 1099 improbis
1588 1047 1704 1085 labo-

82 1123 198 1162 ribus
222 1128 266 1162 et
287 1123 515 1174 diligentia
536 1123 890 1161 mediocritatem
913 1122 1075 1172 ingenij
1101 1126 1370 1172 compensat.
1397 1122 1577 1171 Insuper
1598 1133 1704 1157 vnus

83 1200 151 1233 est
172 1194 429 1241 leodiensiS,
454 1195 526 1245 qui
547 1194 776 1243 accolytus
799 1193 950 1231 R.SSi1ffii
982 1192 1177 1243 episcopi
1207 1191 1445 1230 leodiensis
1479 1190 1573 1238 fuit,
1599 1196 1642 1228 et
1663 1191 1703 1228 in

80 1266 323 1304 notariatus
345 1270 439 1302 arte
462 1270 699 1315 utcumque
725 1269 940 1310 versatus,
965 1264 1006 1301 in
1038 1263 1179 1300 culina
1200 1268 1290 1301 tres
1312 1275 1487 1301 menses
1518 1274 1565 1299 se
1597 1266 1703 1299 stre-

76 1351 162 1376 nue
185 1338 340 1389 gessit,
362 1343 629 1388 postremus,
662 1337 775 1374 filius
798 1341 865 1374 est
897 1335 1004 1373 ciuis
1027 1334 1308 1373 coloniensis.
1341 1335 1394 1372 Et
1424 1335 1535 1372 haec
1556 1334 1703 1371 hacte-

63 1420 157 1448 nus
179 1409 233 1448 de
257 1414 375 1448 statu
397 1409 551 1448 domus
573 1414 766 1447 nostrae.

129 1492 168 1529 4.
229 1481 356 1519 Nunc
377 1480 432 1519 de
463 1493 647 1518 numero
681 1480 891 1530 cuiusque
923 1479 1072 1517 classis
1099 1476 1318 1528 agendum
1342 1482 1423 1514 est.
1458 1478 1503 1514 In
1524 1477 1705 1527 physica

75 1558 175 1590 sunt
197 1563 261 1600 22,
286 1553 328 1590 in
345 1552 490 1603 logica
511 1552 577 1599 363
599 1552 641 1589 in
662 1550 885 1589 rethorica
904 1550 970 1598 633
993 1550 1035 1587 in
1055 1549 1232 1600 poetica
1252 1550 1319 1596 603
1342 1549 1385 1586 in
1407 1548 1469 1586 2.ίι
1490 1560 1701 1599 gramma-

75 1625 265 1663 ticorum
302 1635 367 1673 733
403 1625 445 1662 in
480 1624 627 1662 infima
662 1624 803 1662 classe
838 1625 926 1672 1483
950 1634 1117 1660 summa
1139 1622 1329 1659 omnium
1364 1633 1456 1670 402.
1481 1621 1705 1659 Exercitia

76 1696 241 1734 habent
270 1696 578 1747 pulcherrima,
610 1708 708 1732 nam
738 1699 915 1746 praeter
945 1694 1221 1745 vespertinas
1251 1693 1541 1744 repetitiones
1578 1706 1702 1731 exer-

76 1772 232 1806 centur
254 1766 505 1818 philosophi
528 1766 665 1804 tribus
697 1766 885 1804 diuersis
916 1765 1299 1817 disputationibuS,
1333 1765 1489 1814 quibus
1520 1764 1703 1803 difficul-

75 1845 189 1879 tates
210 1838 515 1891 philosophiae
547 1836 700 1876 sedulo
733 1837 1028 1875 excutiuntur.
1062 1837 1281 1875 Rethores
1311 1836 1464 1874 sedulo
1496 1837 1538 1874 in
1560 1836 1702 1875 decla-

76 1911 340 1950 mationibus
364 1923 411 1948 se
436 1914 663 1947 exercent.
690 1909 776 1958 Qui
799 1910 912 1946 enim
941 1906 1249 1959 prouectiores
1280 1921 1334 1946 ex
1364 1908 1417 1957 ijs
1439 1913 1554 1955 sunt,
1577 1908 1702 1946 festis

75 1984 318 2034 quibusque
337 1982 491 2020 diebus
508 1980 551 2018 in
566 1981 741 2031 publico
761 1980 1058 2018 studiosorum
1076 1992 1306 2027 concessu,
1329 1980 1609 2030 presentibus
1627 1979 1702 2018 do-

75 2055 270 2094 mesticis
291 2053 629 2104 preceptoribus
650 2056 781 2102 atque
805 2052 1015 2098 externis,
1037 2052 1259 2091 orationes
1281 2063 1380 2089 suas
1396 2052 1698 2102 pronunciant.

76 2129 130 2165 Et
150 2126 375 2164 auditores
396 2125 575 2176 poesios
597 2136 675 2162 sua
695 2135 807 2174 quae
830 2129 1172 2174 composuerunt
1194 2122 1397 2161 carmina.
1432 2124 1556 2161 Duae
1587 2123 1701 2161 enim

76 2199 231 2237 diebus
254 2198 336 2236 illis
360 2197 583 2235 orationes
605 2196 860 2243 recitantur,
883 2196 1020 2233 altera
1040 2208 1185 2246 prosa,
1208 2195 1447 2246 posteriori
1467 2197 1568 2233 loco
1591 2208 1615 2233 a
1636 2207 1701 2233 re-

78 2270 221 2317 thore,
246 2270 386 2307 altera
408 2268 599 2307 carmine
623 2280 646 2304 a
666 2272 816 2318 poeta,
841 2272 885 2304 et
907 2268 1085 2305 alternis
1115 2267 1286 2305 vicibus
1317 2280 1479 2319 graece
1511 2267 1614 2305 dicit
1636 2280 1701 2305 re-

75 2341 190 2379 thor.
216 2341 299 2378 Hic
322 2341 436 2378 enim
462 2346 481 2364 a
514 2343 716 2377 seruatur
739 2338 863 2385 ordo,
894 2343 942 2376 vt
973 2350 1070 2376 cum
1099 2352 1231 2390 prosa
1262 2339 1463 2378 oratione
1493 2339 1698 2386 rethoris,

79 2412 328 2451 alternatim
350 2424 464 2450 nunc
484 2412 616 2462 poeta
651 2411 841 2449 carmina
861 2411 1037 2458 recitet,
1069 2423 1185 2449 nunc
1220 2411 1372 2449 rethor
1393 2411 1501 2449 alius
1539 2423 1700 2461 graece

75 2483 309 2531 declamat,
333 2489 383 2522 vt
400 2496 514 2535 ,cum
550 2483 591 2520 in
625 2482 870 2533 linguarum
905 2482 1076 2530 notitia,
1108 2487 1200 2520 tum
1223 2481 1357 2534 ligata
1391 2487 1521 2532 atque
1558 2482 1702 2520 soluta

76 2554 277 2593 oratione
299 2559 607 2606 promoueant.
633 2554 718 2603 Qui
739 2566 848 2592 vero
871 2554 1065 2592 iuniores
1087 2559 1201 2602 sunt,
1225 2559 1316 2592 tum
1337 2559 1499 2605 poetae
1521 2558 1612 2591 tum
1634 2565 1700 2591 re-

75 2627 242 2674 thores,
267 2625 329 2664 illi
349 2626 392 2664 in
414 2626 637 2664 rethorica
659 2625 810 2664 schola
827 2625 981 2664 diebus
999 2627 1132 2676 jouis,
1157 2627 1199 2664 in
1218 2639 1382 2665 corona
1400 2639 1576 2664 suorum
1600 2638 1700 2663 con-

76 2697 389 2749 discipulorum
420 2696 633 2735 videlicet
668 2702 712 2734 et
732 2703 979 2748 poetarum,
1018 2703 1063 2736 et
1096 2703 1329 2750 praeterea
1349 2699 1513 2749 aliquot
1546 2699 1700 2749 magis-

60 2776 255 2829 ·trorum,
280 2769 322 2807 in
343 2768 737 2807 declamationibus
759 2782 807 2808 se
830 2776 1057 2818 exercent,
1081 2776 1130 2809 vt
1157 2771 1198 2809 in
1226 2771 1447 2822 publicum
1469 2769 1698 2820 aliquando

73 2854 162 2880 non
183 2841 275 2879 sine
295 2841 466 2879 honore
487 2840 663 2891 prodire
685 2839 831 2879 liceat.
855 2841 911 2880 Vt
932 2846 1079 2880 autem
1100 2842 1410 2881 adolescentes
1426 2842 1497 2880 isti
1512 2854 1700 2892 pronun-

119 2977 140 2998 a
187 2989 255 3015 vv.
277 2992 301 3015 a
320 2979 483 3016 rethore
504 2998 544 3003 —
566 2977 645 3016 Hic
665 2977 772 3015 enim
790 2983 897 3016 sunt
912 2980 960 3017 in
977 2988 1117 3026 marg.
