2095 3623
401 299 442 338 16
863 301 1082 341 LITTERAE
1111 305 1466 350 QUADRIMESTRES

348 396 517 436 diendis
539 399 887 438 confessionibus
909 406 1066 451 rogatu
1098 402 1145 440 R.
1171 401 1277 440 Pris.
1311 401 1529 440 Leonardi
1553 407 1559 424 ¹
1593 401 1797 451 (deerant
1818 402 1977 453 quippe

346 468 471 506 nobis
490 470 746 509 sacerdotes
764 472 836 521 qui
856 476 1003 509 tantae
1023 471 1285 511 multitudini
1302 472 1547 511 audiendae
1566 471 1889 523 sufficere[n]t)‚
1911 485 1981 511 oc-

347 540 599 590 cupabatur.
635 541 859 590 Quamuis
890 542 1075 582 biduum
1096 545 1162 583 vel
1194 543 1401 582 triduum
1423 543 1527 594 fere
1555 556 1668 581 Unus
1700 545 1831 593 atque
1864 544 1980 582 alter

345 609 394 648 in
414 610 574 650 iisdem
596 614 698 651 ante
720 614 1094 664 consumpserint.
1115 615 1259 665 Atque
1295 615 1409 652 istud
1440 615 1482 652 in
1518 614 1854 652 solemnioribus
1889 615 1978 664 qui-

346 682 514 732 busque
549 682 674 721 festis
696 683 914 722 vsuuenit.
940 684 1196 724 Cuiusmodi
1219 691 1318 723 sunt
1340 686 1454 723 festa
1481 685 1577 722 Dni.
1603 684 1857 732 Saluatoris,
1882 685 1982 723 Dei-

345 766 476 804 parae
498 755 701 805 Virginis,
727 756 929 794 Omnium
958 758 1232 803 Sanctorum,
1266 755 1521 808 principium
1543 755 1904 806 quadragesimae
1938 761 1981 794 et

347 824 512 863 similia.
538 825 601 862 Ex
633 825 840 864 studiosis
869 826 1000 865 etiam
1030 828 1297 878 generaliter
1320 826 1442 865 multi
1473 826 1664 865 confessi
1697 832 1812 874 sunt3
1837 839 1979 865 sacer-

347 895 477 934 dotes
498 902 603 944 tres,
629 903 672 934 et
693 897 763 935 alii
784 898 935 936 nescio
957 904 1064 949 quot
1084 911 1283 946 numero,
1310 911 1364 935 ex
1385 898 1436 936 iis
1458 910 1633 948 quoque
1654 896 1727 948 qui
1747 902 1850 935 ante
1878 898 1979 936 hae-

348 968 435 1005 resi
451 968 603 1006 infecti
617 968 804 1006 fuerant.
829 970 952 1007 Haec
968 970 1035 1020 pia
1056 970 1281 1018 exercitia,
1302 970 1455 1008 studiis
1472 970 1684 1008 bonarum
1706 968 1861 1007 artium
1879 981 1981 1008 con-

347 1038 509 1086 iuncta,
536 1038 761 1090 operarios
782 1039 1044 1090 quandoque
1068 1040 1195 1078 vinae
1219 1042 1314 1078 Dni.
1340 1040 1594 1078 Vtilissimos
1624 1041 1838 1091 parabunt
1856 1040 1889 1078 a.
1914 1040 1978 1078 Ex

348 1109 672 1148 haereticorum
694 1110 802 1148 locis
823 1111 843 1135 b
865 1111 1038 1160 quidam
1063 1111 1193 1149 etiam
1216 1112 1526 1150 adolescentes
1548 1112 1632 1149 huc
1649 1111 1704 1149 ad
1730 1124 1811 1149 nos
1833 1123 1980 1149 acces-

350 1186 463 1229 runt,
497 1194 680 1232 quorum
710 1183 904 1220 nonnulli
934 1183 1007 1220 vix
1039 1184 1176 1221 semel
1206 1196 1283 1234 per
1307 1195 1480 1222 omnem
1502 1183 1637 1221 vitam
1669 1183 1861 1221 confessi
1887 1182 1978 1220 fue-

347 1258 458 1300 rant3
481 1252 671 1303 dumque
695 1266 792 1291 cum
815 1254 1003 1292 caeteris
1025 1254 1182 1292 missae
1205 1254 1430 1293 sacrificiis
1460 1253 1742 1301 interessent,
1767 1252 1977 1291 miraban-

345 1328 415 1362 tur
438 1323 654 1362 ecclesiae
683 1325 973 1372 ceremonias,
997 1324 1096 1374 quia
1126 1326 1236 1363 tales
1258 1326 1300 1363 in
1333 1337 1484 1363 eorum
1515 1323 1654 1375 patria
1675 1337 1762 1363 non
1785 1324 1978 1362 celebra-

346 1400 510 1434 rentur.
548 1397 605 1434 Hi
635 1395 766 1436 modo
800 1409 952 1436 omnes
982 1398 1219 1448 (neminem
1250 1396 1557 1447 excipiendum
1586 1397 1708 1446 noui)
1737 1397 1900 1448 optime
1922 1396 1977 1434 de

348 1467 563 1505 catholica
598 1467 812 1519 religione
848 1470 1056 1508 sentiunt.
1097 1470 1248 1508 Missas
1283 1468 1463 1506 audiunt
1499 1481 1597 1506 cum
1632 1467 1725 1506 aliis
1760 1467 1973 1519 quotidie,

346 1538 672 1577 haereticorum
693 1539 828 1577 libros
850 1553 960 1590 quos
982 1553 1131 1579 secum
1155 1553 1209 1578 ex
1230 1541 1369 1590 patria
1389 1540 1641 1586 attulerant,
1665 1539 1737 1577 vel
1759 1539 1840 1589 ipsi
1862 1551 1979 1577 corn-

346 1608 520 1658 burunt,
539 1610 611 1648 vel
632 1611 759 1649 nobis
781 1618 796 1636 0
819 1611 1144 1650 comburendos
1175 1611 1364 1649 tradunt.
1392 1611 1579 1660 Quidam
1612 1623 1763 1649 eorum
1795 1622 1978 1662 genera-

345 1680 431 1719 lem
467 1681 792 1720 confessionem
821 1682 1039 1730 fecerunt,
1065 1688 1109 1721 et
1130 1683 1202 1733 qui
1231 1682 1540 1733 prouectiores
1570 1682 1836 1732 aliquantum
1860 1687 1974 1728 sunt,

345 1751 738 1791 declamationibus
759 1752 847 1791 suis
869 1753 1093 1792 hereticos
1114 1754 1402 1791 insectantur.

398 1833 436 1872 7.
495 1825 663 1862 Horum
686 1825 877 1863 omnium
898 1838 1044 1863 rumor
1066 1838 1152 1863 non
1174 1825 1227 1863 ad
1250 1825 1414 1864 vicinas
1435 1825 1567 1863 modo
1586 1825 1804 1872 ciuitates,
1823 1836 1977 1862 verum

344 1894 398 1932 ad
428 1895 692 1934 remotiores
720 1896 967 1946 prouincias
996 1902 1261 1947 peruagatus
1293 1903 1373 1943 est,
1407 1902 1452 1934 vt
1476 1909 1531 1935 ex
1554 1895 1750 1943 Polonia‚
1776 1895 1977 1934 Wittem-

345 1968 483 2018 berga
504 1973 548 2005 et
569 1967 811 2018 Argentina
832 1967 1068 2018 discipulos
1089 1968 1342 2015 habeamus,
1366 1974 1496 2018 atque
1517 1967 1767 2018 pomeranis
1790 1972 1833 2004 et
1863 1978 1977 2004 mec-

344 2039 711 2090 kelburgensibus
731 2039 1062 2077 innotuerimus.
1088 2039 1488 2089 Argentoratenses
1506 2039 1741 2089 collegium
1758 2037 1873 2075 istud
1889 2050 1976 2075 non

344 2110 489 2148 ferunt
510 2110 710 2160 (veniunt
732 2111 846 2148 enim
869 2122 923 2148 ex
947 2122 1097 2148 eorum
1120 2110 1270 2147 schola
1290 2111 1375 2147 huc
1404 2110 1631 2159 nonnulli),
1665 2109 1743 2147 sed
1772 2113 1976 2158 tanquam

344 2181 426 2220 sibi
446 2182 606 2232 aliquid
627 2182 728 2220 mali
748 2182 944 2229 timeant,
968 2181 1231 2219 diabolicum
1249 2181 1483 2232 collegium
1499 2186 1676 2228 vocant,
1696 2179 1977 2231 quemadmo-

345 2252 447 2291 dum
468 2253 713 2292 retulerunt
733 2253 907 2304 quidam
927 2253 1043 2291 illinc
1063 2254 1149 2291 huc
1170 2254 1416 2291 venientes.
1441 2253 1683 2304 Augustam
1706 2264 1880 2302 quoque
1909 2264 1977 2290 ca-

345 2324 513 2376 thalogi
533 2325 771 2363 lectionum
793 2328 1039 2362 nostrarum
1062 2323 1275 2374 superiori
1315 2336 1427 2362 anno
1448 2325 1563 2375 typis
1586 2324 1752 2371 excusi,
1775 2336 1862 2361 non
1884 2323 1976 2360 sine

345 2396 634 2434 celeberrima
654 2396 769 2434 fama
790 2395 980 2446 collegii,
1003 2395 1159 2445 perlati
1176 2401 1291 2443 sunt;
1311 2401 1354 2434 et
1375 2394 1692 2434 mercatoribus
1720 2393 1976 2445 quibusdam

346 2467 626 2506 commissum
657 2473 739 2515 est,
776 2472 824 2505 vt
858 2473 1027 2505 certum
1062 2467 1223 2518 aliquid
1254 2467 1308 2505 de
1346 2481 1496 2518 sparso
1534 2479 1708 2505 rumore
1742 2465 1975 2512 referrent,

347 2538 694 2589 cathalogosque
724 2538 888 2589 aliquot
911 2550 1060 2576 secum
1095 2537 1393 2588 adportarent.
1432 2540 1509 2577 Est
1541 2543 1775 2589 praeterea
1808 2536 1977 2574 vicinus

346 2609 520 2660 quidam
541 2608 888 2660 gymnasiarcha,
918 2614 1066 2647 rector
1087 2608 1447 2659 duseldorpensis
1469 2614 1495 2656 ²,
1520 2609 1593 2660 qui
1626 2609 1706 2646 sub
1727 2620 1805 2645 sua
1839 2606 1978 2644 ferula

347 2681 520 2719 circiter
541 2680 657 2718 mille
678 2680 913 2731 quigentos
934 2681 1098 2718 habere
1121 2680 1365 2727 consueuit,
1399 2680 1478 2718 sed
1499 2680 1673 2718 haeresi
1692 2679 1881 2717 infectus
1902 2678 1975 2715 mi-

347 2764 490 2790 seram
509 2752 784 2790 iuuentutem
807 2751 1058 2801 corrumpit.
1084 2751 1166 2789 Hic
1195 2764 1333 2801 nuper
1354 2752 1449 2790 viro
1480 2751 1567 2789 fide
1598 2750 1852 2801 dignissimo
1876 2762 1976 2788 con-

395 2908 414 2927 a
463 2908 622 2955 parabit
640 2919 720 2945 ms.
774 2909 839 2934 —b
862 2908 1007 2955 Supra
1026 2918 1134 2945 vers.
1185 2915 1251 2933 —0
1271 2907 1408 2944 Prius
1425 2907 1528 2944 aliis.

396 3048 405 3067 ¹
458 3045 502 3084 P.
523 3046 764 3084 Leonardus
782 3045 946 3084 Kessel.

396 3108 409 3126 ²¹
459 3105 523 3145 Cf.
544 3105 919 3161 Lz‘tt3Quadrz‘m..
945 3105 996 3152 V,
1015 3105 1098 3143 811.
