<?xml version="1.0" encoding="UTF-8"?>
<!DOCTYPE html PUBLIC "-//W3C//DTD XHTML 1.0 Transitional//EN"
    "http://www.w3.org/TR/xhtml1/DTD/xhtml1-transitional.dtd">
<html xmlns="http://www.w3.org/1999/xhtml" xml:lang="en" lang="en">
 <head>
  <title>
</title>
<meta http-equiv="Content-Type" content="text/html;charset=utf-8" />
  <meta name='ocr-system' content='tesseract 3.04.00' />
  <meta name='ocr-capabilities' content='ocr_page ocr_carea ocr_par ocr_line ocrx_word'/>
</head>
<body>
  <div class='ocr_page' id='page_1' title='image "./litteraequadrime1806lain_0345.png"; bbox 0 0 1908 3446; ppageno 0'>
   <div class='ocr_carea' id='block_1_1' title="bbox 0 382 25 3446">
    <p class='ocr_par' dir='ltr' id='par_1_1' title="bbox 0 382 25 3446">
     <span class='ocr_line' id='line_1_1' title="bbox 0 382 25 3446; baseline 0 0"><span class='ocrx_word' id='word_1_1' title='bbox 0 382 25 3446; x_wconf 95' lang='lat' dir='ltr'> </span> 
     </span>
    </p>
   </div>
   <div class='ocr_carea' id='block_1_2' title="bbox 434 220 1630 260">
    <p class='ocr_par' dir='ltr' id='par_1_2' title="bbox 434 220 1630 260">
     <span class='ocr_line' id='line_1_2' title="bbox 434 220 1630 260; baseline 0.002 -2"><span class='ocrx_word' id='word_1_2' title='bbox 434 220 824 258; x_wconf 73' lang='lat' dir='ltr'>296—V1N00130NA</span> <span class='ocrx_word' id='word_1_3' title='bbox 854 221 868 257; x_wconf 81' lang='lat'>1</span> <span class='ocrx_word' id='word_1_4' title='bbox 898 221 1163 258; x_wconf 68' lang='lat' dir='ltr'>SEPTEMBRis</span> <span class='ocrx_word' id='word_1_5' title='bbox 1194 223 1283 259; x_wconf 73' lang='lat'>1559</span> <span class='ocrx_word' id='word_1_6' title='bbox 1560 222 1630 260; x_wconf 79' lang='lat'>325</span> 
     </span>
    </p>
   </div>
   <div class='ocr_carea' id='block_1_3' title="bbox 1 321 1677 2662">
    <p class='ocr_par' dir='ltr' id='par_1_3' title="bbox 1 321 1673 442">
     <span class='ocr_line' id='line_1_3' title="bbox 1 321 1673 372; baseline 0.001 -13"><span class='ocrx_word' id='word_1_7' title='bbox 1 323 5 359; x_wconf 65' lang='grc' dir='ltr'>ί</span> <span class='ocrx_word' id='word_1_8' title='bbox 50 323 117 361; x_wconf 91' lang='lat' dir='ltr'>ubi</span> <span class='ocrx_word' id='word_1_9' title='bbox 144 322 324 372; x_wconf 76' lang='lat' dir='ltr'>primurn</span> <span class='ocrx_word' id='word_1_10' title='bbox 362 321 404 359; x_wconf 90' lang='lat' dir='ltr'>id</span> <span class='ocrx_word' id='word_1_11' title='bbox 438 334 515 372; x_wconf 90' lang='lat' dir='ltr'>per</span> <span class='ocrx_word' id='word_1_12' title='bbox 555 321 647 359; x_wconf 91' lang='lat' dir='ltr'>eius</span> <span class='ocrx_word' id='word_1_13' title='bbox 669 326 862 359; x_wconf 86' lang='lat' dir='ltr'>aetatem</span> <span class='ocrx_word' id='word_1_14' title='bbox 894 321 1038 368; x_wconf 89' lang='lat' dir='ltr'>liceat,</span> <span class='ocrx_word' id='word_1_15' title='bbox 1072 328 1249 361; x_wconf 83' lang='lat' dir='ltr'>nostrae</span> <span class='ocrx_word' id='word_1_16' title='bbox 1281 323 1540 361; x_wconf 81' lang='lat' dir='ltr'>contradere</span> <span class='ocrx_word' id='word_1_17' title='bbox 1576 323 1673 361; x_wconf 82' lang='lat' dir='ltr'>fidei</span> 
     </span>
     <span class='ocr_line' id='line_1_4' title="bbox 47 390 915 442; baseline -0.002 -10"><span class='ocrx_word' id='word_1_18' title='bbox 47 406 97 432; x_wconf 90' lang='lat' dir='ltr'>ac</span> <span class='ocrx_word' id='word_1_19' title='bbox 117 391 383 442; x_wconf 84' lang='lat' dir='ltr'>disciplinae.</span> <span class='ocrx_word' id='word_1_20' title='bbox 410 390 498 429; x_wconf 87' lang='lat' dir='ltr'>Sed</span> <span class='ocrx_word' id='word_1_21' title='bbox 522 391 578 430; x_wconf 91' lang='lat' dir='ltr'>de</span> <span class='ocrx_word' id='word_1_22' title='bbox 600 392 664 429; x_wconf 87' lang='lat' dir='ltr'>his</span> <span class='ocrx_word' id='word_1_23' title='bbox 687 393 915 430; x_wconf 88' lang='lat' dir='ltr'>hactenus.</span> 
     </span>
    </p>

    <p class='ocr_par' dir='ltr' id='par_1_4' title="bbox 3 463 1677 2662">
     <span class='ocr_line' id='line_1_5' title="bbox 97 463 1671 515; baseline 0 -15"><span class='ocrx_word' id='word_1_24' title='bbox 97 476 134 512; x_wconf 72' lang='lat'>4.</span> <span class='ocrx_word' id='word_1_25' title='bbox 198 464 523 513; x_wconf 83' lang='lat' dir='ltr'>Prosequuntur</span> <span class='ocrx_word' id='word_1_26' title='bbox 544 463 586 500; x_wconf 88' lang='lat' dir='ltr'>in</span> <span class='ocrx_word' id='word_1_27' title='bbox 608 463 689 501; x_wconf 85' lang='lat' dir='ltr'>hac</span> <span class='ocrx_word' id='word_1_28' title='bbox 710 463 939 501; x_wconf 77' lang='lat' dir='ltr'>viennensi</span> <span class='ocrx_word' id='word_1_29' title='bbox 961 464 1247 502; x_wconf 82' lang='lat' dir='ltr'>uniuersitate</span> <span class='ocrx_word' id='word_1_30' title='bbox 1282 465 1558 515; x_wconf 81' lang='lat' dir='ltr'>theologicas</span> <span class='ocrx_word' id='word_1_31' title='bbox 1595 478 1671 515; x_wconf 83' lang='lat' dir='ltr'>pro</span> 
     </span>
     <span class='ocr_line' id='line_1_6' title="bbox 48 534 1673 587; baseline 0 -13"><span class='ocrx_word' id='word_1_32' title='bbox 48 547 166 574; x_wconf 89' lang='lat' dir='ltr'>more</span> <span class='ocrx_word' id='word_1_33' title='bbox 187 534 403 572; x_wconf 90' lang='lat' dir='ltr'>lectiones</span> <span class='ocrx_word' id='word_1_34' title='bbox 425 534 477 572; x_wconf 91' lang='lat' dir='ltr'>D.</span> <span class='ocrx_word' id='word_1_35' title='bbox 504 534 762 573; x_wconf 86' lang='lat' dir='ltr'>Lambertus</span> <span class='ocrx_word' id='word_1_36' title='bbox 785 541 829 572; x_wconf 90' lang='lat' dir='ltr'>et</span> <span class='ocrx_word' id='word_1_37' title='bbox 852 536 902 573; x_wconf 91' lang='lat' dir='ltr'>D.</span> <span class='ocrx_word' id='word_1_38' title='bbox 928 536 1199 575; x_wconf 74' lang='lat' dir='ltr'>Christianus</span> <span class='ocrx_word' id='word_1_39' title='bbox 1224 537 1249 584; x_wconf 79' lang='lat'>¹,</span> <span class='ocrx_word' id='word_1_40' title='bbox 1274 537 1405 587; x_wconf 91' lang='lat' dir='ltr'>idque</span> <span class='ocrx_word' id='word_1_41' title='bbox 1427 536 1600 575; x_wconf 76' lang='lat' dir='ltr'>doctius</span> <span class='ocrx_word' id='word_1_42' title='bbox 1633 538 1673 574; x_wconf 91' lang='lat' dir='ltr'>in</span> 
     </span>
     <span class='ocr_line' id='line_1_7' title="bbox 48 605 1668 658; baseline 0 -13"><span class='ocrx_word' id='word_1_43' title='bbox 48 607 138 646; x_wconf 89' lang='lat' dir='ltr'>dies</span> <span class='ocrx_word' id='word_1_44' title='bbox 159 605 313 656; x_wconf 74' lang='lat' dir='ltr'>magis</span> <span class='ocrx_word' id='word_1_45' title='bbox 335 619 388 644; x_wconf 84' lang='lat' dir='ltr'>ac</span> <span class='ocrx_word' id='word_1_46' title='bbox 409 605 579 657; x_wconf 74' lang='lat' dir='ltr'>magis,</span> <span class='ocrx_word' id='word_1_47' title='bbox 600 611 733 656; x_wconf 89' lang='lat' dir='ltr'>atque</span> <span class='ocrx_word' id='word_1_48' title='bbox 756 607 917 655; x_wconf 87' lang='lat' dir='ltr'>utilius,</span> <span class='ocrx_word' id='word_1_49' title='bbox 938 609 1033 646; x_wconf 92' lang='lat' dir='ltr'>Deo</span> <span class='ocrx_word' id='word_1_50' title='bbox 1056 609 1164 647; x_wconf 85' lang='lat' dir='ltr'>laus.</span> <span class='ocrx_word' id='word_1_51' title='bbox 1198 609 1252 646; x_wconf 88' lang='lat' dir='ltr'>Et</span> <span class='ocrx_word' id='word_1_52' title='bbox 1270 611 1491 658; x_wconf 72' lang='lat' dir='ltr'>qnantum</span> <span class='ocrx_word' id='word_1_53' title='bbox 1513 609 1668 654; x_wconf 58' lang='lat' dir='ltr'>elladio,</span> 
     </span>
     <span class='ocr_line' id='line_1_8' title="bbox 48 675 1675 729; baseline 0.001 -12"><span class='ocrx_word' id='word_1_54' title='bbox 48 679 230 717; x_wconf 88' lang='lat' dir='ltr'>honesta</span> <span class='ocrx_word' id='word_1_55' title='bbox 253 689 349 714; x_wconf 90' lang='lat' dir='ltr'>cum</span> <span class='ocrx_word' id='word_1_56' title='bbox 371 675 620 715; x_wconf 90' lang='lat' dir='ltr'>auditorum</span> <span class='ocrx_word' id='word_1_57' title='bbox 641 677 902 727; x_wconf 80' lang='lat' dir='ltr'>frequentia,</span> <span class='ocrx_word' id='word_1_58' title='bbox 938 684 984 717; x_wconf 92' lang='lat' dir='ltr'>ut</span> <span class='ocrx_word' id='word_1_59' title='bbox 1005 692 1284 729; x_wconf 76' lang='lat' dir='ltr'>nonunquam</span> <span class='ocrx_word' id='word_1_60' title='bbox 1303 693 1455 718; x_wconf 90' lang='lat' dir='ltr'>eorum</span> <span class='ocrx_word' id='word_1_61' title='bbox 1477 680 1675 718; x_wconf 88' lang='lat' dir='ltr'>lectioni—</span> 
     </span>
     <span class='ocr_line' id='line_1_9' title="bbox 48 747 1674 801; baseline 0.001 -13"><span class='ocrx_word' id='word_1_62' title='bbox 48 750 123 788; x_wconf 90' lang='lat' dir='ltr'>bus</span> <span class='ocrx_word' id='word_1_63' title='bbox 144 747 339 799; x_wconf 76' lang='lat' dir='ltr'>magistri</span> <span class='ocrx_word' id='word_1_64' title='bbox 361 748 532 795; x_wconf 89' lang='lat' dir='ltr'>artium,</span> <span class='ocrx_word' id='word_1_65' title='bbox 556 748 777 787; x_wconf 89' lang='lat' dir='ltr'>interdum</span> <span class='ocrx_word' id='word_1_66' title='bbox 795 762 969 801; x_wconf 91' lang='lat' dir='ltr'>quoque</span> <span class='ocrx_word' id='word_1_67' title='bbox 993 758 1113 788; x_wconf 60' lang='lat' dir='ltr'>incus</span> <span class='ocrx_word' id='word_1_68' title='bbox 1136 752 1188 789; x_wconf 90' lang='lat' dir='ltr'>D.</span> <span class='ocrx_word' id='word_1_69' title='bbox 1213 757 1360 789; x_wconf 86' lang='lat' dir='ltr'>rector</span> <span class='ocrx_word' id='word_1_70' title='bbox 1379 750 1674 789; x_wconf 82' lang='lat' dir='ltr'>uniuersitatis</span> 
     </span>
     <span class='ocr_line' id='line_1_10' title="bbox 47 818 1675 873; baseline 0 -13"><span class='ocrx_word' id='word_1_71' title='bbox 47 820 227 860; x_wconf 86' lang='lat' dir='ltr'>intersit.</span> <span class='ocrx_word' id='word_1_72' title='bbox 252 819 384 869; x_wconf 76' lang='lat' dir='ltr'>Quod</span> <span class='ocrx_word' id='word_1_73' title='bbox 400 819 435 857; x_wconf 91' lang='lat' dir='ltr'>si</span> <span class='ocrx_word' id='word_1_74' title='bbox 459 818 778 870; x_wconf 79' lang='lat' dir='ltr'>disputationes</span> <span class='ocrx_word' id='word_1_75' title='bbox 795 833 820 858; x_wconf 90' lang='lat' dir='ltr'>a</span> <span class='ocrx_word' id='word_1_76' title='bbox 840 822 1000 859; x_wconf 91' lang='lat' dir='ltr'>nostris</span> <span class='ocrx_word' id='word_1_77' title='bbox 1021 822 1210 872; x_wconf 90' lang='lat' dir='ltr'>publice,</span> <span class='ocrx_word' id='word_1_78' title='bbox 1231 823 1343 861; x_wconf 90' lang='lat' dir='ltr'>sicut</span> <span class='ocrx_word' id='word_1_79' title='bbox 1363 822 1563 873; x_wconf 85' lang='lat' dir='ltr'>proxime</span> <span class='ocrx_word' id='word_1_80' title='bbox 1582 823 1675 860; x_wconf 88' lang='lat' dir='ltr'>fieri</span> 
     </span>
     <span class='ocr_line' id='line_1_11' title="bbox 48 891 1676 942; baseline 0.001 -11"><span class='ocrx_word' id='word_1_81' title='bbox 48 896 249 942; x_wconf 88' lang='lat' dir='ltr'>coeptum</span> <span class='ocrx_word' id='word_1_82' title='bbox 273 896 354 938; x_wconf 89' lang='lat' dir='ltr'>est,</span> <span class='ocrx_word' id='word_1_83' title='bbox 378 891 675 938; x_wconf 82' lang='lat' dir='ltr'>instituantur,</span> <span class='ocrx_word' id='word_1_84' title='bbox 700 893 840 930; x_wconf 90' lang='lat' dir='ltr'>nullus</span> <span class='ocrx_word' id='word_1_85' title='bbox 862 906 949 931; x_wconf 91' lang='lat' dir='ltr'>non</span> <span class='ocrx_word' id='word_1_86' title='bbox 972 893 1203 932; x_wconf 89' lang='lat' dir='ltr'>doctorum</span> <span class='ocrx_word' id='word_1_87' title='bbox 1226 895 1418 932; x_wconf 88' lang='lat' dir='ltr'>uirorum</span> <span class='ocrx_word' id='word_1_88' title='bbox 1442 907 1511 941; x_wconf 88' lang='lat' dir='ltr'>eo,</span> <span class='ocrx_word' id='word_1_89' title='bbox 1537 900 1583 932; x_wconf 90' lang='lat' dir='ltr'>ut</span> <span class='ocrx_word' id='word_1_90' title='bbox 1606 895 1676 932; x_wconf 87' lang='lat' dir='ltr'>uel</span> 
     </span>
     <span class='ocr_line' id='line_1_12' title="bbox 47 961 1675 1016; baseline 0.001 -14"><span class='ocrx_word' id='word_1_91' title='bbox 47 961 203 1009; x_wconf 89' lang='lat' dir='ltr'>audiat,</span> <span class='ocrx_word' id='word_1_92' title='bbox 228 963 298 1000; x_wconf 91' lang='lat' dir='ltr'>uel</span> <span class='ocrx_word' id='word_1_93' title='bbox 321 961 532 1013; x_wconf 90' lang='lat' dir='ltr'>disputet,</span> <span class='ocrx_word' id='word_1_94' title='bbox 556 974 604 1000; x_wconf 90' lang='lat' dir='ltr'>se</span> <span class='ocrx_word' id='word_1_95' title='bbox 627 963 814 1010; x_wconf 84' lang='lat' dir='ltr'>confert,</span> <span class='ocrx_word' id='word_1_96' title='bbox 837 964 973 1014; x_wconf 84' lang='lat' dir='ltr'>fitque</span> <span class='ocrx_word' id='word_1_97' title='bbox 996 977 1170 1016; x_wconf 85' lang='lat' dir='ltr'>semper</span> <span class='ocrx_word' id='word_1_98' title='bbox 1211 966 1423 1003; x_wconf 78' lang='lat' dir='ltr'>maximus</span> <span class='ocrx_word' id='word_1_99' title='bbox 1459 965 1675 1003; x_wconf 84' lang='lat' dir='ltr'>studioso—</span> 
     </span>
     <span class='ocr_line' id='line_1_13' title="bbox 47 1033 1676 1086; baseline 0.001 -12"><span class='ocrx_word' id='word_1_100' title='bbox 47 1047 136 1074; x_wconf 90' lang='lat' dir='ltr'>rum</span> <span class='ocrx_word' id='word_1_101' title='bbox 159 1046 411 1080; x_wconf 77' lang='lat' dir='ltr'>concurSUS,</span> <span class='ocrx_word' id='word_1_102' title='bbox 432 1033 622 1072; x_wconf 81' lang='lat' dir='ltr'>maxime</span> <span class='ocrx_word' id='word_1_103' title='bbox 645 1035 678 1072; x_wconf 90' lang='lat' dir='ltr'>si</span> <span class='ocrx_word' id='word_1_104' title='bbox 702 1034 756 1072; x_wconf 90' lang='lat' dir='ltr'>de</span> <span class='ocrx_word' id='word_1_105' title='bbox 778 1036 831 1085; x_wconf 88' lang='lat' dir='ltr'>ijs</span> <span class='ocrx_word' id='word_1_106' title='bbox 852 1036 984 1074; x_wconf 89' lang='lat' dir='ltr'>rebus</span> <span class='ocrx_word' id='word_1_107' title='bbox 1001 1049 1113 1086; x_wconf 89' lang='lat' dir='ltr'>quae</span> <span class='ocrx_word' id='word_1_108' title='bbox 1134 1037 1472 1075; x_wconf 86' lang='lat' dir='ltr'>infoelicissimis</span> <span class='ocrx_word' id='word_1_109' title='bbox 1488 1050 1539 1075; x_wconf 94' lang='lat' dir='ltr'>ac</span> <span class='ocrx_word' id='word_1_110' title='bbox 1558 1038 1676 1075; x_wconf 77' lang='lat' dir='ltr'>exul-</span> 
     </span>
     <span class='ocr_line' id='line_1_14' title="bbox 48 1104 1676 1159; baseline 0.002 -16"><span class='ocrx_word' id='word_1_111' title='bbox 48 1104 324 1144; x_wconf 86' lang='lat' dir='ltr'>ceratissimis</span> <span class='ocrx_word' id='word_1_112' title='bbox 346 1105 618 1156; x_wconf 85' lang='lat' dir='ltr'>temporibus</span> <span class='ocrx_word' id='word_1_113' title='bbox 640 1105 732 1143; x_wconf 90' lang='lat' dir='ltr'>istis</span> <span class='ocrx_word' id='word_1_114' title='bbox 751 1110 1156 1155; x_wconf 89' lang='lat' dir='ltr'>controuertuntur,</span> <span class='ocrx_word' id='word_1_115' title='bbox 1174 1108 1248 1146; x_wconf 85' lang='lat' dir='ltr'>fiat</span> <span class='ocrx_word' id='word_1_116' title='bbox 1266 1106 1543 1159; x_wconf 80' lang='lat' dir='ltr'>disceptatio.</span> <span class='ocrx_word' id='word_1_117' title='bbox 1564 1108 1676 1146; x_wconf 88' lang='lat' dir='ltr'>Hinc</span> 
     </span>
     <span class='ocr_line' id='line_1_15' title="bbox 40 1177 1675 1230; baseline 0.001 -14"><span class='ocrx_word' id='word_1_118' title='bbox 40 1178 229 1217; x_wconf 75' lang='lat' dir='ltr'>fortasse</span> <span class='ocrx_word' id='word_1_119' title='bbox 250 1177 413 1215; x_wconf 83' lang='lat' dir='ltr'>facturn</span> <span class='ocrx_word' id='word_1_120' title='bbox 436 1177 648 1228; x_wconf 83' lang='lat' dir='ltr'>quispiam</span> <span class='ocrx_word' id='word_1_121' title='bbox 670 1177 845 1226; x_wconf 84' lang='lat' dir='ltr'>dixerit,</span> <span class='ocrx_word' id='word_1_122' title='bbox 869 1179 988 1229; x_wconf 89' lang='lat' dir='ltr'>quod</span> <span class='ocrx_word' id='word_1_123' title='bbox 1008 1192 1222 1230; x_wconf 86' lang='lat' dir='ltr'>persaepe</span> <span class='ocrx_word' id='word_1_124' title='bbox 1246 1179 1431 1230; x_wconf 79' lang='lat' dir='ltr'>studiosi</span> <span class='ocrx_word' id='word_1_125' title='bbox 1465 1179 1675 1219; x_wconf 88' lang='lat' dir='ltr'>universi-</span> 
     </span>
     <span class='ocr_line' id='line_1_16' title="bbox 46 1249 1676 1303; baseline 0.001 -15"><span class='ocrx_word' id='word_1_126' title='bbox 46 1249 158 1296; x_wconf 87' lang='lat' dir='ltr'>tatis,</span> <span class='ocrx_word' id='word_1_127' title='bbox 181 1261 232 1287; x_wconf 88' lang='lat' dir='ltr'>ac</span> <span class='ocrx_word' id='word_1_128' title='bbox 253 1249 388 1286; x_wconf 91' lang='lat' dir='ltr'>multo</span> <span class='ocrx_word' id='word_1_129' title='bbox 411 1261 539 1299; x_wconf 87' lang='lat' dir='ltr'>quam</span> <span class='ocrx_word' id='word_1_130' title='bbox 561 1254 691 1288; x_wconf 85' lang='lat' dir='ltr'>antea</span> <span class='ocrx_word' id='word_1_131' title='bbox 711 1250 1000 1300; x_wconf 81' lang='lat' dir='ltr'>frequentius,</span> <span class='ocrx_word' id='word_1_132' title='bbox 1029 1256 1227 1290; x_wconf 88' lang='lat' dir='ltr'>nostrum</span> <span class='ocrx_word' id='word_1_133' title='bbox 1250 1252 1486 1303; x_wconf 83' lang='lat' dir='ltr'>collegium</span> <span class='ocrx_word' id='word_1_134' title='bbox 1521 1251 1576 1290; x_wconf 92' lang='lat' dir='ltr'>de</span> <span class='ocrx_word' id='word_1_135' title='bbox 1611 1265 1676 1290; x_wconf 91' lang='lat' dir='ltr'>re-</span> 
     </span>
     <span class='ocr_line' id='line_1_17' title="bbox 47 1320 1674 1374; baseline 0.002 -16"><span class='ocrx_word' id='word_1_136' title='bbox 47 1320 123 1358; x_wconf 92' lang='lat' dir='ltr'>bus</span> <span class='ocrx_word' id='word_1_137' title='bbox 145 1321 338 1372; x_wconf 91' lang='lat' dir='ltr'>pluribus</span> <span class='ocrx_word' id='word_1_138' title='bbox 360 1333 458 1359; x_wconf 90' lang='lat' dir='ltr'>cum</span> <span class='ocrx_word' id='word_1_139' title='bbox 479 1321 640 1360; x_wconf 88' lang='lat' dir='ltr'>nostris</span> <span class='ocrx_word' id='word_1_140' title='bbox 663 1322 864 1361; x_wconf 91' lang='lat' dir='ltr'>collaturi</span> <span class='ocrx_word' id='word_1_141' title='bbox 885 1323 1080 1370; x_wconf 81' lang='lat' dir='ltr'>uisitent3</span> <span class='ocrx_word' id='word_1_142' title='bbox 1102 1323 1145 1360; x_wconf 90' lang='lat' dir='ltr'>in</span> <span class='ocrx_word' id='word_1_143' title='bbox 1175 1322 1269 1361; x_wconf 92' lang='lat' dir='ltr'>dies</span> <span class='ocrx_word' id='word_1_144' title='bbox 1290 1323 1428 1374; x_wconf 88' lang='lat' dir='ltr'>magis</span> <span class='ocrx_word' id='word_1_145' title='bbox 1449 1323 1674 1374; x_wconf 82' lang='lat' dir='ltr'>magisque</span> 
     </span>
     <span class='ocr_line' id='line_1_18' title="bbox 47 1391 1674 1444; baseline 0.001 -13"><span class='ocrx_word' id='word_1_146' title='bbox 47 1391 86 1431; x_wconf 91' lang='lat' dir='ltr'>in</span> <span class='ocrx_word' id='word_1_147' title='bbox 107 1404 213 1430; x_wconf 88' lang='lat' dir='ltr'>uero</span> <span class='ocrx_word' id='word_1_148' title='bbox 237 1393 500 1431; x_wconf 84' lang='lat' dir='ltr'>christianae</span> <span class='ocrx_word' id='word_1_149' title='bbox 531 1393 756 1444; x_wconf 86' lang='lat' dir='ltr'>religionis</span> <span class='ocrx_word' id='word_1_150' title='bbox 791 1394 944 1444; x_wconf 88' lang='lat' dir='ltr'>spiritu</span> <span class='ocrx_word' id='word_1_151' title='bbox 980 1400 1195 1441; x_wconf 89' lang='lat' dir='ltr'>crescant,</span> <span class='ocrx_word' id='word_1_152' title='bbox 1233 1408 1284 1433; x_wconf 91' lang='lat' dir='ltr'>ac</span> <span class='ocrx_word' id='word_1_153' title='bbox 1314 1395 1604 1433; x_wconf 84' lang='lat' dir='ltr'>uehementer</span> <span class='ocrx_word' id='word_1_154' title='bbox 1635 1395 1674 1433; x_wconf 89' lang='lat' dir='ltr'>in</span> 
     </span>
     <span class='ocr_line' id='line_1_19' title="bbox 46 1466 1672 1518; baseline 0.001 -14"><span class='ocrx_word' id='word_1_155' title='bbox 46 1469 291 1504; x_wconf 90' lang='lat' dir='ltr'>nostrorum</span> <span class='ocrx_word' id='word_1_156' title='bbox 313 1478 543 1504; x_wconf 89' lang='lat' dir='ltr'>numerum</span> <span class='ocrx_word' id='word_1_157' title='bbox 566 1466 723 1505; x_wconf 84' lang='lat' dir='ltr'>ascribi</span> <span class='ocrx_word' id='word_1_158' title='bbox 758 1467 941 1516; x_wconf 89' lang='lat' dir='ltr'>(moram</span> <span class='ocrx_word' id='word_1_159' title='bbox 974 1479 1109 1518; x_wconf 84' lang='lat' dir='ltr'>aegre</span> <span class='ocrx_word' id='word_1_160' title='bbox 1144 1467 1358 1517; x_wconf 86' lang='lat' dir='ltr'>ferentes)</span> <span class='ocrx_word' id='word_1_161' title='bbox 1390 1467 1672 1506; x_wconf 88' lang='lat' dir='ltr'>contendant.</span> 
     </span>
     <span class='ocr_line' id='line_1_20' title="bbox 48 1535 1676 1590; baseline 0.002 -16"><span class='ocrx_word' id='word_1_162' title='bbox 48 1535 112 1574; x_wconf 87' lang='lat' dir='ltr'>Ad</span> <span class='ocrx_word' id='word_1_163' title='bbox 145 1537 317 1575; x_wconf 90' lang='lat' dir='ltr'>scholas</span> <span class='ocrx_word' id='word_1_164' title='bbox 353 1549 461 1576; x_wconf 90' lang='lat' dir='ltr'>uero</span> <span class='ocrx_word' id='word_1_165' title='bbox 498 1543 671 1576; x_wconf 87' lang='lat' dir='ltr'>nostras</span> <span class='ocrx_word' id='word_1_166' title='bbox 706 1537 854 1588; x_wconf 72' lang='lat' dir='ltr'>(caius</span> <span class='ocrx_word' id='word_1_167' title='bbox 877 1545 895 1563; x_wconf 72' lang='lat' dir='ltr'>a</span> <span class='ocrx_word' id='word_1_168' title='bbox 922 1551 1083 1577; x_wconf 90' lang='lat' dir='ltr'>nomen</span> <span class='ocrx_word' id='word_1_169' title='bbox 1119 1551 1170 1578; x_wconf 92' lang='lat' dir='ltr'>ac</span> <span class='ocrx_word' id='word_1_170' title='bbox 1203 1539 1317 1577; x_wconf 86' lang='lat' dir='ltr'>fama</span> <span class='ocrx_word' id='word_1_171' title='bbox 1351 1539 1465 1590; x_wconf 91' lang='lat' dir='ltr'>apud</span> <span class='ocrx_word' id='word_1_172' title='bbox 1501 1542 1676 1577; x_wconf 81' lang='lat' dir='ltr'>exteras</span> 
     </span>
     <span class='ocr_line' id='line_1_21' title="bbox 38 1607 1676 1662; baseline 0.002 -16"><span class='ocrx_word' id='word_1_173' title='bbox 38 1608 174 1647; x_wconf 74' lang='lat' dir='ltr'>etiam</span> <span class='ocrx_word' id='word_1_174' title='bbox 194 1607 397 1647; x_wconf 89' lang='lat' dir='ltr'>nationes</span> <span class='ocrx_word' id='word_1_175' title='bbox 418 1609 648 1660; x_wconf 89' lang='lat' dir='ltr'>plurimum</span> <span class='ocrx_word' id='word_1_176' title='bbox 673 1622 778 1648; x_wconf 87' lang='lat' dir='ltr'>sane</span> <span class='ocrx_word' id='word_1_177' title='bbox 807 1610 1058 1662; x_wconf 86' lang='lat' dir='ltr'>increbuit),</span> <span class='ocrx_word' id='word_1_178' title='bbox 1093 1611 1263 1649; x_wconf 89' lang='lat' dir='ltr'>etiarnsi</span> <span class='ocrx_word' id='word_1_179' title='bbox 1297 1611 1676 1662; x_wconf 84' lang='lat' dir='ltr'>frequentissimus</span> 
     </span>
     <span class='ocr_line' id='line_1_22' title="bbox 48 1679 1675 1729; baseline 0.001 -12"><span class='ocrx_word' id='word_1_180' title='bbox 48 1679 339 1718; x_wconf 87' lang='lat' dir='ltr'>studiosorum</span> <span class='ocrx_word' id='word_1_181' title='bbox 361 1693 415 1720; x_wconf 88' lang='lat' dir='ltr'>ac</span> <span class='ocrx_word' id='word_1_182' title='bbox 435 1680 667 1720; x_wconf 76' lang='lat' dir='ltr'>maximus</span> <span class='ocrx_word' id='word_1_183' title='bbox 689 1682 880 1720; x_wconf 89' lang='lat' dir='ltr'>confluat</span> <span class='ocrx_word' id='word_1_184' title='bbox 900 1694 1122 1729; x_wconf 78' lang='lat' dir='ltr'>numeruS,</span> <span class='ocrx_word' id='word_1_185' title='bbox 1142 1694 1230 1720; x_wconf 89' lang='lat' dir='ltr'>non</span> <span class='ocrx_word' id='word_1_186' title='bbox 1252 1682 1501 1721; x_wconf 86' lang='lat' dir='ltr'>dubitamus</span> <span class='ocrx_word' id='word_1_187' title='bbox 1528 1686 1675 1720; x_wconf 81' lang='lat' dir='ltr'>tamen</span> 
     </span>
     <span class='ocr_line' id='line_1_23' title="bbox 47 1750 1676 1804; baseline 0.002 -15"><span class='ocrx_word' id='word_1_188' title='bbox 47 1750 174 1803; x_wconf 89' lang='lat' dir='ltr'>longe</span> <span class='ocrx_word' id='word_1_189' title='bbox 195 1752 356 1802; x_wconf 84' lang='lat' dir='ltr'>plureS,</span> <span class='ocrx_word' id='word_1_190' title='bbox 378 1754 520 1791; x_wconf 75' lang='lat' dir='ltr'>aetate</span> <span class='ocrx_word' id='word_1_191' title='bbox 539 1765 592 1791; x_wconf 85' lang='lat' dir='ltr'>ac</span> <span class='ocrx_word' id='word_1_192' title='bbox 612 1752 801 1804; x_wconf 76' lang='lat' dir='ltr'>ingenio</span> <span class='ocrx_word' id='word_1_193' title='bbox 814 1753 1193 1804; x_wconf 65' lang='lat' dir='ltr'>praestantiores,</span> <span class='ocrx_word' id='word_1_194' title='bbox 1218 1754 1260 1792; x_wconf 90' lang='lat' dir='ltr'>in</span> <span class='ocrx_word' id='word_1_195' title='bbox 1281 1752 1571 1792; x_wconf 90' lang='lat' dir='ltr'>renouatione</span> <span class='ocrx_word' id='word_1_196' title='bbox 1590 1759 1676 1792; x_wconf 86' lang='lat' dir='ltr'>stu-</span> 
     </span>
     <span class='ocr_line' id='line_1_24' title="bbox 49 1821 1676 1875; baseline 0.002 -14"><span class='ocrx_word' id='word_1_197' title='bbox 49 1821 213 1862; x_wconf 90' lang='lat' dir='ltr'>diorum</span> <span class='ocrx_word' id='word_1_198' title='bbox 235 1823 381 1874; x_wconf 90' lang='lat' dir='ltr'>(quam</span> <span class='ocrx_word' id='word_1_199' title='bbox 402 1825 543 1871; x_wconf 91' lang='lat' dir='ltr'>breui,</span> <span class='ocrx_word' id='word_1_200' title='bbox 567 1825 816 1872; x_wconf 85' lang='lat' dir='ltr'>Deoduce,</span> <span class='ocrx_word' id='word_1_201' title='bbox 840 1825 984 1864; x_wconf 77' lang='lat' dir='ltr'>multo</span> <span class='ocrx_word' id='word_1_202' title='bbox 1021 1838 1157 1875; x_wconf 76' lang='lat' dir='ltr'>quam</span> <span class='ocrx_word' id='word_1_203' title='bbox 1193 1826 1386 1864; x_wconf 73' lang='lat' dir='ltr'>antehac</span> <span class='ocrx_word' id='word_1_204' title='bbox 1420 1825 1676 1865; x_wconf 77' lang='lat' dir='ltr'>excelentio-</span> 
     </span>
     <span class='ocr_line' id='line_1_25' title="bbox 49 1895 1677 1948; baseline 0.001 -14"><span class='ocrx_word' id='word_1_205' title='bbox 49 1906 140 1934; x_wconf 78' lang='lat' dir='ltr'>rem</span> <span class='ocrx_word' id='word_1_206' title='bbox 160 1895 471 1946; x_wconf 86' lang='lat' dir='ltr'>instituemus),</span> <span class='ocrx_word' id='word_1_207' title='bbox 495 1896 726 1944; x_wconf 83' lang='lat' dir='ltr'>affuturos,</span> <span class='ocrx_word' id='word_1_208' title='bbox 750 1897 822 1948; x_wconf 88' lang='lat' dir='ltr'>qui</span> <span class='ocrx_word' id='word_1_209' title='bbox 843 1910 1007 1936; x_wconf 90' lang='lat' dir='ltr'>nouum</span> <span class='ocrx_word' id='word_1_210' title='bbox 1028 1897 1351 1948; x_wconf 91' lang='lat' dir='ltr'>philosophum,</span> <span class='ocrx_word' id='word_1_211' title='bbox 1376 1910 1505 1947; x_wconf 91' lang='lat' dir='ltr'>quem</span> <span class='ocrx_word' id='word_1_212' title='bbox 1527 1910 1582 1935; x_wconf 83' lang='lat' dir='ltr'>ex</span> <span class='ocrx_word' id='word_1_213' title='bbox 1611 1911 1677 1935; x_wconf 89' lang='lat' dir='ltr'>ur-</span> 
     </span>
     <span class='ocr_line' id='line_1_26' title="bbox 49 1966 1676 2020; baseline 0.001 -15"><span class='ocrx_word' id='word_1_214' title='bbox 49 1966 101 2005; x_wconf 88' lang='lat' dir='ltr'>be</span> <span class='ocrx_word' id='word_1_215' title='bbox 117 1972 424 2017; x_wconf 86' lang='lat' dir='ltr'>exspectamus</span> <span class='ocrx_word' id='word_1_216' title='bbox 445 1968 473 2015; x_wconf 74' lang='lat'>2,</span> <span class='ocrx_word' id='word_1_217' title='bbox 498 1967 833 2019; x_wconf 87' lang='lat' dir='ltr'>diligentissime</span> <span class='ocrx_word' id='word_1_218' title='bbox 851 1969 1042 2015; x_wconf 86' lang='lat' dir='ltr'>audiant,</span> <span class='ocrx_word' id='word_1_219' title='bbox 1063 1981 1252 2019; x_wconf 88' lang='lat' dir='ltr'>seseque</span> <span class='ocrx_word' id='word_1_220' title='bbox 1274 1969 1539 2007; x_wconf 89' lang='lat' dir='ltr'>lectionibus</span> <span class='ocrx_word' id='word_1_221' title='bbox 1556 1982 1676 2020; x_wconf 89' lang='lat' dir='ltr'>gym-</span> 
     </span>
     <span class='ocr_line' id='line_1_27' title="bbox 47 2039 1676 2091; baseline 0.001 -14"><span class='ocrx_word' id='word_1_222' title='bbox 47 2039 150 2088; x_wconf 85' lang='lat' dir='ltr'>nasij</span> <span class='ocrx_word' id='word_1_223' title='bbox 171 2039 298 2077; x_wconf 89' lang='lat' dir='ltr'>huius</span> <span class='ocrx_word' id='word_1_224' title='bbox 318 2039 472 2087; x_wconf 89' lang='lat' dir='ltr'>nostri,</span> <span class='ocrx_word' id='word_1_225' title='bbox 496 2052 548 2078; x_wconf 92' lang='lat' dir='ltr'>ac</span> <span class='ocrx_word' id='word_1_226' title='bbox 568 2039 740 2091; x_wconf 90' lang='lat' dir='ltr'>legibus</span> <span class='ocrx_word' id='word_1_227' title='bbox 762 2041 804 2078; x_wconf 87' lang='lat' dir='ltr'>in</span> <span class='ocrx_word' id='word_1_228' title='bbox 824 2041 973 2091; x_wconf 85' lang='lat' dir='ltr'>primis</span> <span class='ocrx_word' id='word_1_229' title='bbox 997 2042 1090 2078; x_wconf 89' lang='lat' dir='ltr'>eius</span> <span class='ocrx_word' id='word_1_230' title='bbox 1109 2040 1419 2088; x_wconf 89' lang='lat' dir='ltr'>accomodent‚</span> <span class='ocrx_word' id='word_1_231' title='bbox 1444 2053 1550 2091; x_wconf 88' lang='lat' dir='ltr'>quas</span> <span class='ocrx_word' id='word_1_232' title='bbox 1585 2041 1676 2079; x_wconf 91' lang='lat' dir='ltr'>lon-</span> 
     </span>
     <span class='ocr_line' id='line_1_28' title="bbox 48 2110 1674 2162; baseline 0.001 -14"><span class='ocrx_word' id='word_1_233' title='bbox 48 2122 102 2161; x_wconf 88' lang='lat' dir='ltr'>ge</span> <span class='ocrx_word' id='word_1_234' title='bbox 130 2110 374 2149; x_wconf 85' lang='lat' dir='ltr'>strictiores</span> <span class='ocrx_word' id='word_1_235' title='bbox 406 2123 504 2149; x_wconf 87' lang='lat' dir='ltr'>esse</span> <span class='ocrx_word' id='word_1_236' title='bbox 526 2123 669 2162; x_wconf 91' lang='lat' dir='ltr'>quam,</span> <span class='ocrx_word' id='word_1_237' title='bbox 708 2111 778 2149; x_wconf 91' lang='lat' dir='ltr'>uel</span> <span class='ocrx_word' id='word_1_238' title='bbox 799 2111 842 2149; x_wconf 91' lang='lat' dir='ltr'>in</span> <span class='ocrx_word' id='word_1_239' title='bbox 871 2112 1160 2150; x_wconf 84' lang='lat' dir='ltr'>vniuersitate</span> <span class='ocrx_word' id='word_1_240' title='bbox 1183 2112 1254 2150; x_wconf 92' lang='lat' dir='ltr'>uel</span> <span class='ocrx_word' id='word_1_241' title='bbox 1275 2111 1317 2149; x_wconf 91' lang='lat' dir='ltr'>in</span> <span class='ocrx_word' id='word_1_242' title='bbox 1347 2111 1498 2150; x_wconf 88' lang='lat' dir='ltr'>schola</span> <span class='ocrx_word' id='word_1_243' title='bbox 1515 2111 1674 2150; x_wconf 88' lang='lat' dir='ltr'>ciuium</span> 
     </span>
     <span class='ocr_line' id='line_1_29' title="bbox 49 2181 1674 2234; baseline 0.002 -15"><span class='ocrx_word' id='word_1_244' title='bbox 49 2181 128 2219; x_wconf 86' lang='lat' dir='ltr'>sint</span> <span class='ocrx_word' id='word_1_245' title='bbox 144 2181 271 2229; x_wconf 91' lang='lat' dir='ltr'>ullae,</span> <span class='ocrx_word' id='word_1_246' title='bbox 290 2187 510 2220; x_wconf 86' lang='lat' dir='ltr'>nouerunt</span> <span class='ocrx_word' id='word_1_247' title='bbox 528 2183 721 2234; x_wconf 91' lang='lat' dir='ltr'>apprime</span> <span class='ocrx_word' id='word_1_248' title='bbox 738 2195 905 2221; x_wconf 90' lang='lat' dir='ltr'>omnes.</span> <span class='ocrx_word' id='word_1_249' title='bbox 927 2183 1052 2221; x_wconf 92' lang='lat' dir='ltr'>Vnde</span> <span class='ocrx_word' id='word_1_250' title='bbox 1067 2183 1196 2221; x_wconf 85' lang='lat' dir='ltr'>facile</span> <span class='ocrx_word' id='word_1_251' title='bbox 1213 2184 1297 2222; x_wconf 89' lang='lat' dir='ltr'>iam</span> <span class='ocrx_word' id='word_1_252' title='bbox 1313 2184 1444 2222; x_wconf 86' lang='lat' dir='ltr'>fuerit</span> <span class='ocrx_word' id='word_1_253' title='bbox 1462 2183 1674 2234; x_wconf 88' lang='lat' dir='ltr'>colligere</span> 
     </span>
     <span class='ocr_line' id='line_1_30' title="bbox 49 2253 1675 2306; baseline 0.001 -15"><span class='ocrx_word' id='word_1_254' title='bbox 49 2258 314 2304; x_wconf 89' lang='lat' dir='ltr'>quantopere</span> <span class='ocrx_word' id='word_1_255' title='bbox 331 2253 470 2292; x_wconf 90' lang='lat' dir='ltr'>nostri</span> <span class='ocrx_word' id='word_1_256' title='bbox 491 2254 577 2292; x_wconf 91' lang='lat' dir='ltr'>sint</span> <span class='ocrx_word' id='word_1_257' title='bbox 597 2253 774 2292; x_wconf 87' lang='lat' dir='ltr'>labores</span> <span class='ocrx_word' id='word_1_258' title='bbox 793 2259 836 2292; x_wconf 91' lang='lat' dir='ltr'>et</span> <span class='ocrx_word' id='word_1_259' title='bbox 856 2253 970 2305; x_wconf 90' lang='lat' dir='ltr'>grati</span> <span class='ocrx_word' id='word_1_260' title='bbox 990 2254 1232 2306; x_wconf 89' lang='lat' dir='ltr'>permultis,</span> <span class='ocrx_word' id='word_1_261' title='bbox 1254 2260 1297 2292; x_wconf 88' lang='lat' dir='ltr'>et</span> <span class='ocrx_word' id='word_1_262' title='bbox 1314 2255 1459 2293; x_wconf 88' lang='lat' dir='ltr'>utiles.</span> <span class='ocrx_word' id='word_1_263' title='bbox 1479 2255 1675 2304; x_wconf 89' lang='lat' dir='ltr'>Discipu-</span> 
     </span>
     <span class='ocr_line' id='line_1_31' title="bbox 48 2322 1674 2376; baseline 0.001 -14"><span class='ocrx_word' id='word_1_264' title='bbox 48 2322 76 2362; x_wconf 88' lang='lat' dir='ltr'>li</span> <span class='ocrx_word' id='word_1_265' title='bbox 94 2336 215 2372; x_wconf 87' lang='lat' dir='ltr'>uero,</span> <span class='ocrx_word' id='word_1_266' title='bbox 238 2325 334 2363; x_wconf 90' lang='lat' dir='ltr'>Deo</span> <span class='ocrx_word' id='word_1_267' title='bbox 356 2325 471 2372; x_wconf 68' lang='lat' dir='ltr'>laus,</span> <span class='ocrx_word' id='word_1_268' title='bbox 489 2324 687 2372; x_wconf 85' lang='lat' dir='ltr'>multum,</span> <span class='ocrx_word' id='word_1_269' title='bbox 712 2338 850 2375; x_wconf 75' lang='lat' dir='ltr'>qnam</span> <span class='ocrx_word' id='word_1_270' title='bbox 866 2324 1085 2376; x_wconf 70' lang='lat' dir='ltr'>plurimis</span> <span class='ocrx_word' id='word_1_271' title='bbox 1106 2325 1304 2373; x_wconf 67' lang='lat' dir='ltr'>testibus,</span> <span class='ocrx_word' id='word_1_272' title='bbox 1331 2331 1376 2364; x_wconf 91' lang='lat' dir='ltr'>et</span> <span class='ocrx_word' id='word_1_273' title='bbox 1406 2326 1542 2364; x_wconf 89' lang='lat' dir='ltr'>literis</span> <span class='ocrx_word' id='word_1_274' title='bbox 1577 2339 1674 2376; x_wconf 89' lang='lat' dir='ltr'>pro-</span> 
     </span>
     <span class='ocr_line' id='line_1_32' title="bbox 41 2394 1672 2448; baseline 0.001 -14"><span class='ocrx_word' id='word_1_275' title='bbox 41 2394 207 2443; x_wconf 74' lang='lat' dir='ltr'>ficiunt,</span> <span class='ocrx_word' id='word_1_276' title='bbox 232 2399 275 2434; x_wconf 90' lang='lat' dir='ltr'>et</span> <span class='ocrx_word' id='word_1_277' title='bbox 295 2397 478 2447; x_wconf 85' lang='lat' dir='ltr'>pietate,</span> <span class='ocrx_word' id='word_1_278' title='bbox 502 2401 549 2434; x_wconf 87' lang='lat' dir='ltr'>ut</span> <span class='ocrx_word' id='word_1_279' title='bbox 569 2397 751 2448; x_wconf 88' lang='lat' dir='ltr'>singulis</span> <span class='ocrx_word' id='word_1_280' title='bbox 767 2397 1012 2447; x_wconf 88' lang='lat' dir='ltr'>quibusque</span> <span class='ocrx_word' id='word_1_281' title='bbox 1033 2396 1385 2436; x_wconf 87' lang='lat' dir='ltr'>hebdomadibus</span> <span class='ocrx_word' id='word_1_282' title='bbox 1401 2410 1488 2436; x_wconf 92' lang='lat' dir='ltr'>non</span> <span class='ocrx_word' id='word_1_283' title='bbox 1511 2398 1672 2448; x_wconf 82' lang='lat' dir='ltr'>exiguo</span> 
     </span>
     <span class='ocr_line' id='line_1_33' title="bbox 50 2467 1674 2519; baseline 0.001 -14"><span class='ocrx_word' id='word_1_284' title='bbox 50 2467 305 2506; x_wconf 89' lang='lat' dir='ltr'>cum-fructu</span> <span class='ocrx_word' id='word_1_285' title='bbox 326 2480 404 2506; x_wconf 90' lang='lat' dir='ltr'>sua</span> <span class='ocrx_word' id='word_1_286' title='bbox 423 2472 608 2518; x_wconf 88' lang='lat' dir='ltr'>peccata</span> <span class='ocrx_word' id='word_1_287' title='bbox 630 2480 782 2506; x_wconf 90' lang='lat' dir='ltr'>eorum</span> <span class='ocrx_word' id='word_1_288' title='bbox 817 2468 987 2518; x_wconf 88' lang='lat' dir='ltr'>plurimi</span> <span class='ocrx_word' id='word_1_289' title='bbox 1022 2468 1158 2518; x_wconf 91' lang='lat' dir='ltr'>(quod</span> <span class='ocrx_word' id='word_1_290' title='bbox 1195 2469 1297 2506; x_wconf 92' lang='lat' dir='ltr'>olim</span> <span class='ocrx_word' id='word_1_291' title='bbox 1329 2469 1409 2507; x_wconf 85' lang='lat' dir='ltr'>fuit</span> <span class='ocrx_word' id='word_1_292' title='bbox 1443 2469 1515 2507; x_wconf 91' lang='lat' dir='ltr'>hic</span> <span class='ocrx_word' id='word_1_293' title='bbox 1547 2469 1674 2519; x_wconf 86' lang='lat' dir='ltr'>plane</span> 
     </span>
     <span class='ocr_line' id='line_1_34' title="bbox 41 2538 1672 2590; baseline 0.001 -14"><span class='ocrx_word' id='word_1_294' title='bbox 41 2538 223 2588; x_wconf 80' lang='lat' dir='ltr'>¹nouum)</span> <span class='ocrx_word' id='word_1_295' title='bbox 241 2538 549 2586; x_wconf 87' lang='lat' dir='ltr'>confiteantur,</span> <span class='ocrx_word' id='word_1_296' title='bbox 569 2544 700 2590; x_wconf 88' lang='lat' dir='ltr'>atque</span> <span class='ocrx_word' id='word_1_297' title='bbox 718 2539 772 2577; x_wconf 91' lang='lat' dir='ltr'>ad</span> <span class='ocrx_word' id='word_1_298' title='bbox 793 2545 1117 2577; x_wconf 85' lang='lat' dir='ltr'>sacrosanctam</span> <span class='ocrx_word' id='word_1_299' title='bbox 1135 2540 1441 2578; x_wconf 81' lang='lat' dir='ltr'>eucharistiam</span> <span class='ocrx_word' id='word_1_300' title='bbox 1458 2553 1545 2578; x_wconf 90' lang='lat' dir='ltr'>non</span> <span class='ocrx_word' id='word_1_301' title='bbox 1576 2552 1672 2578; x_wconf 89' lang='lat' dir='ltr'>raro</span> 
     </span>
     <span class='ocr_line' id='line_1_35' title="bbox 3 2608 1671 2662; baseline 0.002 -16"><span class='ocrx_word' id='word_1_302' title='bbox 3 2657 6 2661; x_wconf 17' lang='lat'><strong>⁴</strong></span> <span class='ocrx_word' id='word_1_303' title='bbox 43 2608 230 2647; x_wconf 59' lang='lat' dir='ltr'>‘maxima</span> <span class='ocrx_word' id='word_1_304' title='bbox 252 2621 361 2648; x_wconf 69' lang='lat' dir='ltr'>=cum</span> <span class='ocrx_word' id='word_1_305' title='bbox 401 2609 548 2649; x_wconf 80' lang='lat' dir='ltr'>cordis</span> <span class='ocrx_word' id='word_1_306' title='bbox 582 2610 749 2649; x_wconf 90' lang='lat' dir='ltr'>laetitia</span> <span class='ocrx_word' id='word_1_307' title='bbox 787 2609 1016 2649; x_wconf 89' lang='lat' dir='ltr'>accedant.</span> <span class='ocrx_word' id='word_1_308' title='bbox 1059 2611 1120 2649; x_wconf 87' lang='lat' dir='ltr'>Ea</span> <span class='ocrx_word' id='word_1_309' title='bbox 1159 2624 1336 2662; x_wconf 88' lang='lat' dir='ltr'>quoque</span> <span class='ocrx_word' id='word_1_310' title='bbox 1375 2611 1671 2659; x_wconf 86' lang='lat' dir='ltr'>disseminata,</span> 
     </span>
    </p>
   </div>
   <div class='ocr_carea' id='block_1_4' title="bbox 95 2768 345 2816">
    <p class='ocr_par' dir='ltr' id='par_1_5' title="bbox 95 2768 345 2816">
     <span class='ocr_line' id='line_1_36' title="bbox 95 2768 345 2816; baseline 0 -10"><span class='ocrx_word' id='word_1_311' title='bbox 95 2768 113 2788; x_wconf 86' lang='lat' dir='ltr'>a</span> <span class='ocrx_word' id='word_1_312' title='bbox 161 2781 345 2816; x_wconf 85' lang='lat' dir='ltr'>quarum.</span> 
     </span>
    </p>
   </div>
   <div class='ocr_carea' id='block_1_5' title="bbox 98 2918 654 2958">
    <p class='ocr_par' dir='ltr' id='par_1_6' title="bbox 98 2918 654 2958">
     <span class='ocr_line' id='line_1_37' title="bbox 98 2918 654 2958; baseline 0.007 -4"><span class='ocrx_word' id='word_1_313' title='bbox 98 2920 105 2938; x_wconf 86' lang='lat'><strong>¹</strong></span> <span class='ocrx_word' id='word_1_314' title='bbox 156 2918 200 2955; x_wconf 92' lang='lat' dir='ltr'>P.</span> <span class='ocrx_word' id='word_1_315' title='bbox 221 2918 478 2957; x_wconf 85' lang='lat' dir='ltr'>Christianus</span> <span class='ocrx_word' id='word_1_316' title='bbox 498 2920 654 2958; x_wconf 83' lang='lat' dir='ltr'>Rivius.</span> 
     </span>
    </p>
   </div>
   <div class='ocr_carea' id='block_1_6' title="bbox 54 2977 1671 3084">
    <p class='ocr_par' dir='ltr' id='par_1_7' title="bbox 54 2977 1671 3084">
     <span class='ocr_line' id='line_1_38' title="bbox 95 2977 1671 3028; baseline 0.003 -13"><span class='ocrx_word' id='word_1_317' title='bbox 95 2977 108 2998; x_wconf 85' lang='lat'>³</span> <span class='ocrx_word' id='word_1_318' title='bbox 157 2978 303 3016; x_wconf 86' lang='lat' dir='ltr'>Missus</span> <span class='ocrx_word' id='word_1_319' title='bbox 324 2986 455 3017; x_wconf 78' lang='lat' dir='ltr'>estex</span> <span class='ocrx_word' id='word_1_320' title='bbox 473 2979 587 3018; x_wconf 89' lang='lat' dir='ltr'>Urbe</span> <span class='ocrx_word' id='word_1_321' title='bbox 616 2980 667 3017; x_wconf 77' lang='lat' dir='ltr'>fr.</span> <span class='ocrx_word' id='word_1_322' title='bbox 702 2980 951 3018; x_wconf 86' lang='lat' dir='ltr'>Laurentius</span> <span class='ocrx_word' id='word_1_323' title='bbox 978 2980 1181 3018; x_wconf 78' lang='lat' dir='ltr'>Andreas.</span> <span class='ocrx_word' id='word_1_324' title='bbox 1212 2981 1280 3020; x_wconf 79' lang='lat' dir='ltr'>Cf.</span> <span class='ocrx_word' id='word_1_325' title='bbox 1315 2981 1671 3028; x_wconf 82' lang='lat' dir='ltr'><strong>BRAUNSBERGER‚</strong></span> 
     </span>
     <span class='ocr_line' id='line_1_39' title="bbox 54 3037 359 3084; baseline 0.003 -9"><span class='ocrx_word' id='word_1_326' title='bbox 54 3048 113 3084; x_wconf 86' lang='lat' dir='ltr'>op.</span> <span class='ocrx_word' id='word_1_327' title='bbox 129 3050 185 3084; x_wconf 88' lang='lat' dir='ltr'>e.,</span> <span class='ocrx_word' id='word_1_328' title='bbox 205 3037 256 3083; x_wconf 94' lang='lat' dir='ltr'>II,</span> <span class='ocrx_word' id='word_1_329' title='bbox 277 3038 359 3076; x_wconf 79' lang='lat'>504.</span> 
     </span>
    </p>
   </div>
  </div>
 </body>
</html>
