1908 3446
548 243 806 284 334.-SEN1s
830 247 853 283 8
874 243 1077 294 JANUARH
1107 247 1196 285 1560
1569 247 1638 288 483

62 347 268 399 Religiosi
299 349 430 387 etiam
459 349 689 400 plurimum
719 363 799 387 nos
822 349 1021 400 diligunt,
1048 355 1091 387 et
1126 351 1353 389 nobiscum
1386 365 1516 402 saepe
1548 353 1682 391 collo-

61 425 260 470 quuntur.
286 419 472 468 Quidam
494 421 744 458 haereticus
765 421 977 459 intererat
999 420 1138 459 Patris
1156 421 1294 459 nostri
1316 424 1615 470 concionibus,
1642 432 1685 462 et

61 504 156 529 cum
177 490 231 528 de
261 493 517 542 purgatorio
549 493 820 543 loqueretur,
853 492 926 530 ille
957 492 1134 529 nutibus
1166 493 1439 543 significabat
1469 507 1553 531 non
1587 507 1684 533 esse

61 574 164 600 uera
192 574 303 613 quae
336 563 611 610 dicebantur,
644 564 775 601 immo
808 568 854 601 et
883 564 924 601 in
956 562 1171 602 concione
1206 565 1452 602 exclamare
1490 566 1681 603 uolebat.

61 632 142 671 Hic
163 631 322 670 deinde
346 634 519 672 Patrem
543 635 766 681 conuenit,
801 634 929 684 eique
953 647 1106 672 omnes
1129 647 1304 672 errores
1328 649 1430 672 suos
1452 636 1639 673 maxima
1669 645 1687 661 ³

59 704 331 755 poenitentia
351 706 535 756 aperuit,
560 706 715 756 quibus
738 706 954 753 refutatis,
979 705 1033 743 ad
1054 705 1281 743 meliorem
1305 706 1473 756 frugem
1498 719 1543 744 se
1568 720 1686 744 rece-

59 776 133 826 pit,
158 775 473 827 opinionesque
497 782 649 815 contra
670 776 802 814 fidem
821 776 996 815 omnino
1015 776 1236 827 deposuit,
1261 782 1304 814 et
1327 778 1366 814 in
1384 777 1688 815 huiuscemodi

61 847 317 885 reuocandis
339 853 459 886 totos
490 847 583 886 dies
606 847 911 886 consumimus
932 847 976 897 [2]
1002 848 1036 894 b,
1059 847 1363 897 eniz‘imztrque
1380 851 1469 898 pro
1494 848 1684 886 uiribus:

61 923 105 955 et
123 917 202 955 nisi
224 918 362 956 nostri
384 919 485 956 huic
506 919 660 957 morbo
684 918 983 966 mederentur,
1016 922 1112 957 tota
1132 931 1246 969 pene
1270 919 1424 956 ciuitas
1447 927 1463 944 C
1488 920 1687 957 inficere-

63 995 130 1027 tur
153 994 178 1027 ¹.
214 991 295 1028 Per
330 996 507 1028 nostros
539 991 671 1028 etiam
703 990 913 1029 effectum
937 996 1019 1038 est,
1052 995 1098 1028 ut
1130 990 1303 1040 quidam
1335 992 1593 1037 monachus,
1617 992 1688 1041 qui

60 1060 252 1099 habiturn
274 1061 514 1109 dimiserat,
539 1062 826 1101 concubinam
856 1063 1053 1109 tenebat,
1080 1068 1124 1100 et
1145 1062 1324 1100 fundum
1347 1063 1537 1109 colebat,
1562 1063 1621 1100 ita
1642 1068 1689 1100 ut

59 1132 219 1170 nullum
250 1132 475 1183 religionis
506 1134 742 1185 uestigium
774 1133 816 1171 in
853 1146 905 1172 eo
928 1139 1176 1185 appareret,
1201 1133 1255 1170 ad
1286 1133 1546 1183 religionem
1578 1133 1688 1171 redi-

60 1209 140 1241 ret.
167 1203 353 1253 Quidam
376 1205 448 1255 qui
476 1205 673 1256 publicas
705 1212 986 1244 contraxerat
1016 1206 1281 1253 inimicitias,
1315 1212 1360 1244 et
1392 1207 1597 1244 exulabat
1631 1207 1688 1244 nil

60 1274 138 1312 nisi
166 1275 438 1314 inimicorum
471 1276 654 1315 caedem
677 1276 892 1328 cogitans,
916 1278 976 1316 ita
997 1278 1051 1315 ad
1075 1278 1308 1316 Dominum
1341 1290 1581 1315 conuersus
1605 1282 1687 1324 est,

60 1351 106 1383 ut
136 1358 190 1384 ex
219 1346 351 1385 Saulo
384 1347 557 1394 Paulus,
593 1353 636 1386 et
668 1361 722 1386 ex
753 1350 855 1400 lupo
894 1349 987 1387 ouis
1020 1349 1225 1387 euaserit.
1260 1349 1428 1387 Nobilis
1465 1355 1572 1395 erat,
1610 1348 1688 1386 sed

61 1417 170 1455 hanc
191 1417 210 1442 d
231 1417 351 1456 nihili
372 1419 576 1458 faciebat.
600 1420 669 1458 Ad
703 1433 784 1458 nos
806 1420 995 1471 quodam
1019 1420 1088 1459 die
1112 1419 1352 1471 uesper[e]‚
1376 1421 1524 1469 inscijs
1556 1420 1689 1458 omni·

61 1489 138 1527 bus
168 1489 289 1527 uenit
319 1497 336 1515 e
357 1491 563 1541 pannosis
593 1492 792 1530 uestibus
822 1491 1014 1540 indutus,
1049 1505 1096 1530 se
1126 1493 1355 1531 nobiscum
1386 1491 1551 1543 degere
1574 1492 1689 1530 uelle

59 1560 360 1610 profitebatur3
384 1574 512 1611 quem
548 1563 783 1601 Lauretum
806 1563 1060 1611 direximus,
1099 1569 1142 1601 et
1165 1564 1247 1601 iam
1270 1563 1553 1613 intelligimus
1575 1563 1689 1600 inter

59 1644 139 1670 nos
174 1631 186 1655 f
222 1632 436 1672 habitare.
474 1634 799 1684 Arcipresbiter
835 1635 1083 1683 s[um]mum
1121 1641 1320 1673 senatum
1355 1634 1477 1683 adijt,
1520 1646 1689 1684 nosque

62 1714 327 1753 magnopere
362 1704 557 1743 laudauit
588 1710 632 1743 et
666 1718 779 1757 quae
812 1706 945 1755 obijci
978 1711 1201 1757 poterant,
1239 1705 1500 1755 refuta[uit];
1539 1719 1690 1745 omnes

63 1773 256 1824 stupidos
287 1774 488 1814 detinuit.
524 1777 648 1826 Quae
676 1789 746 1815 res
768 1784 790 1809 g
815 1790 921 1828 erga
949 1790 1030 1815 nos
1060 1777 1421 1815 beneuolentiam
1449 1777 1584 1816 auxit.
1617 1778 1690 1815 Sa-

63 1843 265 1883 cerdotes
287 1846 341 1884 de
364 1848 495 1886 rebus
518 1860 629 1898 quae
652 1848 704 1886 ad
729 1849 1041 1887 conscientiam
1063 1849 1301 1900 pertinent,
1321 1849 1551 1887 nobiscum
1574 1862 1691 1887 corn-

63 1918 293 1957 municant.
320 1918 508 1968 Quidam
531 1933 555 1958 a
576 1920 721 1958 multis
743 1920 864 1958 annis
886 1921 929 1958 in
964 1920 1244 1959 matrimonio
1266 1919 1440 1957 fuerant
1469 1933 1556 1958 non
1578 1920 1691 1958 benc

62 1993 254 2038 peracto,
278 2003 387 2041 quos
417 1991 627 2029 facultate
652 1992 847 2039 obtenta,
887 1992 969 2031 rite
1003 1994 1320 2043 copulauimus.
1354 1992 1596 2042 Episcopus
1628 1992 1690 2029 Fi-

63 2059 286 2109 gliuccius,
312 2063 384 2112 qui
401 2075 539 2113 nuper
560 2062 793 2101 defunctus
817 2069 884 2101 est
905 2063 932 2111 ²,
958 2076 1056 2102 curn
1078 2064 1265 2102 aduersa
1281 2064 1503 2102 laboraret
1526 2064 1691 2101 ualetu-

63 2131 174 2178 dine,
199 2134 245 2171 P.
272 2133 507 2171 Rectorem
529 2134 780 2182 accersidt,
806 2134 934 2185 eique
958 2135 1114 2174 omnia
1137 2141 1320 2187 peccata
1336 2133 1554 2186 patefecit
1576 2134 1612 2182 ¹¹3
1636 2146 1690 2172 ex

63 2216 144 2254 quo
166 2218 253 2243 non
274 2205 493 2243 minimam
515 2205 658 2243 hausit
680 2207 810 2244 animi
832 2207 1202 2254 consolationem3
1231 2220 1313 2245 nos
1335 2207 1558 2245 maiorem
1582 2218 1691 2244 asse-

63 2276 189 2324 qzmti
223 2275 569 2315 authorilatem.
604 2279 700 2316 Duo
737 2277 850 2328 apud
871 2277 1090 2328 quendam
1125 2279 1264 2316 nostri
1296 2277 1540 2316 studiosum
1564 2276 1690 2314 ualde

61 2347 183 2386 nobis
204 2346 513 2410 detrahebant,
538 2349 609 2399 qui
632 2350 684 2387 ab
704 2361 757 2388 eo
781 2351 939 2388 acriter
964 2350 1213 2401 obiur[gati]
1240 2348 1453 2400 postridie
1473 2363 1569 2388 cum
1587 2348 1690 2386 diui-

62 2431 116 2457 no
138 2419 179 2457 in
206 2424 358 2458 nostro
382 2420 546 2471 templo
583 2421 886 2459 interfuissent
922 2422 1157 2470 sacrificio,
1191 2422 1304 2462 adeo
1337 2422 1545 2460 commoti
1577 2426 1689 2467 sunt,

109 2621 128 2639 a
147 2626 249 2651 cum.
306 2616 370 2640 —b
391 2615 463 2652 toti
484 2615 569 2652 dies
588 2616 806 2663 aliquando
825 2623 1130 2654 consumuntur.
1186 2626 1247 2644 —0
1281 2619 1338 2662 (vt
1369 2617 1531 2664 quidam
1551 2617 1690 2653 existi-

32 2690 35 2707 ι
64 2674 199 2718 mant).
258 2674 319 2700 ——d
351 2675 617 2712 nobilitatem.
672 2683 736 2702 -e
764 2676 916 2714 Praec.
950 2688 988 2714 v.
1022 2683 1161 2722 snpra
1195 2689 1385 2715 versum.
1440 2678 1497 2702 —f
1536 2684 1693 2714 nostros

59 2761 169 2797 eum.
223 2760 292 2786 —g
307 2765 460 2789 eorum.
515 2754 582 2778 —h
603 2766 676 2791 sua
696 2753 904 2792 confessus
924 2761 999 2792 est.

112 2942 122 2964 ¹
173 2943 237 2981 Cf.
257 2945 311 2982 sis
330 2944 486 2982 Laim'i
501 2945 714 2990 Monum.‚
734 2945 804 2988 ΙΙΙ,
824 2945 908 2988 549:
928 2945 1005 2989 IV,
1025 2945 1107 2983 458.

111 3001 125 3021 ²
173 3002 348 3041 Videtur
365 3004 434 3051 agi
451 3004 501 3041 de
520 3004 678 3042 Filueio
696 3006 746 3042 de
765 3004 947 3048 Filueiis,
968 3005 1143 3046 senensi.
1166 3005 1353 3052 episeopo
1377 3005 1531 3042 clusino
1552 3004 1695 3048 (Chiu-

36 3086 40 3102 ι
67 3060 126 3106 Si).
146 3063 211 3109 qui
231 3064 335 3111 apud
354 3064 566 3107 UGHELLI.
587 3064 711 3102 GAMS
731 3071 771 3102 et
792 3064 937 3102 EUBEL
955 3065 1101 3102 dicitur
1121 3071 1302 3101 mortuus
1322 3078 1426 3101 anno
1449 3065 1549 3101 1558.
