1908 3446
0 268 5 392 πμ
0 143 6 265 „zmz-—x
0 102 7 140 er„-
0 23 7 98 m
0 0 7 20 Π

501 189 887 228 242.-ΧῙ1ΝῡοΒοΝΑ
922 189 963 224 14
990 189 1090 224 FER.
1126 189 1212 225 1559
1576 187 1621 223 87

43 295 188 342 cessit,
212 295 283 333 ille
307 293 514 332 continuo
538 292 591 330 ad
614 290 939 329 confessionem
962 290 1097 327 multo
1120 290 1201 327 iam
1235 295 1435 339 tempore.
1457 288 1671 326 intermis-

42 379 131 404 sam
167 377 266 403 sese
301 363 484 414 parauit,
525 362 831 411 execratisque
868 361 1012 411 prauis
1043 360 1197 410 quibus
1222 372 1275 397 ex
1311 364 1434 409 parte
1466 358 1672 396 detentus

41 437 182 474 fuerat
205 433 479 486 opinionibus
497 432 726 478 vniuersis,
752 430 968 469 ecclesiae
992 435 1168 468 sanctae
1192 430 1303 467 filius
1327 435 1369 467 et
1393 441 1491 466 esse
1515 433 1557 465 et
1578 441 1672 477 per-

43 514 218 540 manere
251 499 535 538 desiderauit:
575 498 723 548 sicque
756 496 1036 535 confessione
1067 496 1188 545 quasi
1211 495 1345 533 totius
1367 494 1484 531 vitae
1507 494 1673 544 magnis

43 571 234 623 suspiriis
264 576 458 622 peracta,
493 567 875 618 sacratissimoque
912 567 1108 618 corporis
1141 571 1184 604 et
1220 564 1439 617 sanguinis
1471 564 1674 602 dominici

43 648 317 682 sacramento
350 646 578 692 percepto,
613 654 699 678 non
731 639 866 677 multo
889 645 990 690 post
1012 638 1213 689 migrauit
1236 637 1290 675 ad
1318 636 1564 675 Dominum.
1590 636 1674 673 Ad-

42 715 121 754 iuti
142 720 241 752 sunt
265 719 309 752 et
330 713 399 752 alii
421 726 549 763 quam
571 712 756 762 plurimi,
781 711 852 761 qui
875 710 1167 749 confessionis
1188 708 1486 760 integritatem
1512 708 1674 746 violare

44 786 159 825 soliti
183 790 320 824 erant.

96 868 133 906 7.
194 854 402 908 Aegrotis
424 856 680 906 frequenter
699 854 846 893 vocati
867 854 1073 892 adsumus
1097 856 1140 890 et
1163 851 1447 890 sacramentis
1470 863 1547 888 eos
1569 855 1675 887 tem-

44 929 215 981 pestiue
238 926 392 966 muniri
423 926 665 973 studemus,
691 927 761 964 vel
792 926 873 977 ipsi
896 929 1017 964 certe
1040 925 1242 972 (obtenta
1268 929 1414 961 tamen
1450 922 1677 971 facultate)

45 1004 320 1039 sacramenta
337 998 400 1037 eis
418 998 727 1036 ministramus.
749 998 1002 1046 Tantusque
1022 996 1337 1034 catholicorum
1355 1007 1469 1046 pene
1489 994 1676 1031 omnium

49 1085 153 1123 erga
173 1085 252 1110 nos
275 1076 343 1109 est
362 1070 565 1116 affectus,
591 1075 636 1107 vt
659 1070 752 1107 sola
773 1074 924 1107 nostra
943 1068 1209 1119 praesentia,
1240 1067 1401 1105 nostris
1433 1066 1676 1116 colloquiis,

46 1149 196 1182 nostra
216 1142 259 1181 in
294 1141 497 1181 docendo
522 1147 567 1179 et
588 1139 873 1192 procedendo
898 1140 1184 1190 synceritate,
1209 1139 1322 1177 inter
1352 1144 1418 1176 tot
1449 1138 1679 1175 haeresum

51 1220 94 1253 et
114 1215 321 1253 vitiorum
351 1214 569 1264 procellas
591 1212 807 1264 respirare
831 1226 877 1250 se
899 1211 1112 1250 nonnihil
1142 1210 1334 1262 ingenue
1358 1212 1677 1248 contestentur.

49 1286 307 1325 Effecerunt
345 1298 476 1336 porro
517 1284 655 1322 nostri
695 1284 783 1322 suis
824 1283 937 1335 apud
977 1281 1194 1334 quendam
1236 1282 1500 1321 catholicum
1536 1282 1680 1319 horta-

48 1357 255 1405 tionibus,
293 1356 433 1395 virum
465 1356 646 1408 egregia
674 1356 842 1406 pietate
873 1368 958 1393 nec
988 1354 1144 1393 minori
1167 1353 1415 1392 eruditione
1446 1352 1676 1404 insignem,

48 1435 95 1467 vt
130 1442 226 1468 curn
261 1428 297 1466 is
332 1441 490 1466 munus
511 1435 530 1452 2
559 1427 756 1466 officialis
787 1428 852 1477 (vt
874 1427 1054 1476 vocant)
1086 1426 1210 1464 R.‘¹iSS
1238 1425 1431 1476 patauini
1463 1432 1488 1470 ¹,
1511 1437 1597 1475 quo
1630 1422 1682 1461 ad

48 1507 217 1553 tempus
238 1500 413 1538 functus
436 1505 543 1546 erat,
565 1500 620 1537 ob
637 1504 886 1549 temporum
908 1497 1181 1548 iniquitatem
1205 1503 1249 1535 et
1269 1495 1594 1535 haereticorum
1623 1495 1682 1533 in-

49 1572 277 1612 solentiam
311 1571 485 1610 nimiam
516 1570 721 1609 abdicare
747 1571 767 1595 b
791 1570 966 1609 omnino
989 1569 1140 1616 vellet,
1164 1569 1377 1606 hactenus
1398 1567 1452 1606 ad
1474 1566 1683 1605 maiorem

49 1644 131 1684 Dei
164 1644 362 1695 gloriam,
400 1648 447 1680 vt
483 1642 716 1689 credimus,
755 1642 797 1680 in
833 1654 886 1680 eo
932 1645 1210 1692 perseueret3
1246 1639 1598 1692 praedicatorum
1641 1644 1684 1676 et

48 1720 270 1767 pastorum
301 1718 550 1765 suspectam
579 1719 668 1752 tam
699 1712 847 1761 vitam,
871 1726 1000 1764 quam
1021 1711 1265 1751 doctrinam
1296 1711 1563 1757 examinans,
1594 1723 1683 1748 car-

50 1786 311 1837 ceribusque
347 1786 587 1837 corrigens.
628 1785 870 1836 Plaeraque
901 1784 984 1823 alia
1019 1789 1118 1823 sunt
1139 1796 1251 1834 quae
1281 1781 1511 1821 breuitatis
1546 1781 1686 1833 gratia

50 1864 300 1911 praetereo.

102 1931 140 1969 8.
199 1929 340 1968 Venio
372 1942 487 1967 nunc
516 1929 571 1967 ad
607 1928 751 1967 studia
780 1928 987 1975 literaria,
1021 1941 1131 1978 quae
1167 1927 1208 1966 si
1236 1938 1426 1977 vsquam
1457 1924 1584 1972 alibi,
1616 1923 1687 1962 hic

53 2003 166 2040 certe
197 2000 279 2039 Dei
309 2001 529 2039 beneficio
566 2000 747 2038 mirifice
778 2000 952 2038 florent.
986 2000 1193 2037 Testatur
1213 1998 1257 2036 id
1277 1996 1597 2036 numerossima
1626 1996 1686 2033 iu-

53 2078 210 2112 uentus
230 2085 343 2124 quae
373 2071 566 2123 vndique
588 2071 641 2110 ad
671 2076 845 2110 nostras
866 2072 1039 2110 scholas
1070 2069 1267 2117 confluit,
1300 2068 1558 2120 comprobat
1587 2080 1686 2106 con-

54 2157 204 2184 cursus
235 2143 442 2182 nobilium
475 2143 824 2189 adolescentum,
849 2143 926 2190 qui
954 2141 1185 2180 illustrium
1215 2145 1444 2192 parentum
1472 2138 1690 2192 generosi

55 2220 152 2255 sunt
186 2216 280 2263 filii3
310 2214 551 2267 persuadet
572 2220 824 2266 magnatum
861 2214 1051 2253 studium
1083 2219 1127 2252 et
1157 2213 1314 2264 ingens
1336 2210 1620 2258 desiderium,
1642 2215 1689 2247 vt

57 2302 159 2327 suos
180 2286 294 2339 apud
315 2301 397 2326 nos
417 2287 532 2326 filios
552 2287 595 2325 in
613 2287 821 2326 conuictu
842 2287 1048 2334 habeant,
1076 2290 1119 2324 et
1140 2289 1320 2324 nostrae
1340 2297 1420 2336 per
1442 2283 1587 2322 omnia
1607 2282 1690 2320 dis-

58 2359 241 2410 ciplinae
263 2358 505 2397 subiectos.
529 2358 761 2397 Distributi
782 2364 882 2397 sunt
913 2366 929 2384 0
956 2363 1103 2396 autem
1125 2358 1168 2395 hi
1203 2356 1343 2395 nostri
1364 2354 1565 2405 discipuli
1594 2354 1637 2391 in
1667 2354 1690 2391 8

58 2430 233 2477 classes,
266 2442 446 2480 quarum
482 2429 679 2480 singulae
714 2442 802 2468 non
836 2429 1139 2480 infrequentes
1173 2427 1337 2466 habent
1372 2426 1612 2472 auditores,
1647 2430 1691 2462 et

57 2507 371 2553 praeceptores
392 2501 602 2553 singulos.
626 2501 681 2540 In
702 2503 898 2541 docendo
920 2514 1026 2541 vero
1049 2513 1282 2546 romanos,
1302 2500 1453 2550 quoad
1474 2496 1570 2537 eius
1583 2495 1692 2548 fieri

54 2575 210 2625 potest,
228 2575 311 2625 per
333 2571 489 2612 omnia
511 2571 770 2613 imitamur.
795 2573 942 2612 Habet
961 2575 1179 2623 suprema
1200 2570 1432 2610 lectionem
1459 2566 1692 2608 Ciceronis

60 2645 109 2684 de
132 2644 344 2691 Oratore,
360 2643 538 2694 justini
561 2643 950 2697 historiographi,
976 2642 1206 2683 orationis
1232 2642 1281 2681 in
1309 2643 1504 2688 Verrem,
1529 2639 1693 2679 Lucia-

109 2826 128 2845 ⁸
171 2830 355 2856 munere.
407 2820 474 2845 —b
517 2830 562 2856 se
577 2823 715 2866 supra
733 2827 842 2856 vers.
858 2816 953 2855 Pol.
1005 2825 1075 2843 -0
1112 2821 1206 2854 sunt
1224 2820 1363 2861 supra
1381 2824 1491 2852 vers.

111 2984 120 3005 ¹
171 2983 365 3032 Intellige
385 2985 528 3023 urbem
544 2984 703 3022 Passau
720 2983 762 3021 in
780 2981 1023 3021 Germania.
