1908 3446
210 200 281 238 762
676 200 895 236 erranmz
922 199 1275 244 QUADR1MESTRES

165 308 307 341 cratas
329 317 428 341 suas
450 304 649 354 polluere
682 314 867 352 unquam
891 301 942 350 ijs
973 301 1155 351 alijsque
1176 301 1302 339 huius
1332 302 1494 339 farinae
1525 301 1787 340 foedissimis

165 374 408 413 actionibus
431 374 581 412 uelint.
606 374 651 411 In
685 372 972 411 examinanda
994 372 1272 411 confessione
1295 373 1419 410 unius
1440 372 1616 423 pessimi
1637 373 1788 411 haere-

166 445 239 484 tici
262 447 442 483 multum
467 446 595 483 etiam
620 445 764 494 operis
785 444 1018 493 praestitit,
1043 457 1096 481 ne
1121 444 1199 481 sub
1229 444 1448 481 lenocinio
1481 445 1715 482 uerborum
1747 450 1789 482 et

166 518 265 555 fuco
291 518 499 555 orationis
522 530 620 554 suas
642 517 850 553 haereses
872 514 1007 566 (quod
1031 515 1193 565 optime
1215 520 1401 553 nouerat
1422 515 1493 552 ille
1514 514 1695 565 facere),
1717 515 1790 553 ob-

166 595 356 640 tegeret.
390 590 535 627 Laturi
567 594 689 626 erant
721 587 1009 625 ecclesiastici
1039 586 1206 624 iudices
1237 586 1498 624 sententiam
1529 587 1568 624 in
1599 587 1789 638 negocio

166 660 483 707 matrimoniali,
509 666 554 697 ut
585 664 759 704 uocant,
793 670 950 708 magno
984 671 1080 695 cum
1110 657 1305 707 periculo
1338 663 1380 694 et
1412 657 1527 695 uitae
1560 663 1604 696 et
1634 658 1791 695 anima-

166 745 259 770 rum
281 732 464 770 duorum
499 731 660 781 primae
692 729 931 767 nobilitatis
953 730 1264 779 hungarorum,
1287 741 1371 779 qua
1391 728 1445 766 de
1477 740 1522 766 re
1546 728 1792 767 admonitus

168 806 342 850 Rector,
368 816 512 849 causa,
538 807 583 840 ut
604 802 701 840 fieri
724 802 881 852 potuit,
907 802 1097 852 cognita,
1120 802 1210 851 egit
1234 813 1330 839 cum
1352 801 1461 838 R.¹1¹0
1482 813 1535 838 ne
1558 800 1674 850 prius
1697 813 1792 838 sen-

167 876 304 913 tentia
326 876 517 921 daretur,
542 880 588 911 ut
608 878 784 918 uocant,
805 872 1047 919 definitiua,
1071 885 1198 923 quam
1220 878 1361 910 totum
1382 873 1617 923 negocium
1638 873 1792 910 melius

167 952 286 985 esset
307 945 419 984 inter
443 946 662 996 sapientes
686 944 997 991 examinatum,
1020 944 1136 994 quod
1167 944 1295 982 facile
1319 944 1521 991 obtinuit,
1545 956 1596 982 ac
1627 944 1791 990 effecit,

167 1024 212 1055 ut
236 1030 387 1055 onmes
409 1017 706 1067 intelligerent
729 1027 821 1053 rem
843 1028 930 1053 non
953 1027 1053 1054 esse
1074 1015 1116 1053 in
1149 1027 1202 1053 eo
1235 1019 1366 1061 statu,
1391 1022 1436 1053 ut
1468 1015 1686 1054 sententia
1707 1028 1793 1054 me-

168 1090 250 1127 rito
281 1089 383 1127 ferri
413 1094 580 1139 posset.
605 1088 784 1125 luerunt
816 1086 991 1125 tandem
1014 1088 1203 1137 quinque
1225 1092 1297 1124 aut
1320 1099 1399 1125 sex
1421 1086 1646 1134 doctores,
1670 1100 1794 1138 prae-

168 1167 294 1199 sente
316 1162 440 1207 ΚΛΜ),
463 1160 649 1210 pedibus
671 1160 712 1197 in
736 1160 828 1198 eius
850 1160 1114 1197 sententiam
1138 1171 1306 1205 omnes,
1331 1164 1374 1197 et
1397 1159 1634 1210 negocium
1654 1164 1795 1197 totum

168 1232 518 1283 componendum
551 1231 604 1269 ad
636 1230 789 1269 sedern
820 1231 1124 1282 apostolicam,
1158 1244 1255 1269 cum
1286 1231 1511 1282 utriusque
1541 1231 1675 1282 partis
1697 1244 1796 1270 con-

168 1317 297 1342 sensu
321 1308 364 1341 et
387 1315 544 1353 magno
568 1302 672 1340 satis
696 1302 869 1349 solatio,
896 1303 987 1340 eius
1011 1302 1192 1340 consilio
1216 1308 1282 1340 est
1303 1302 1430 1353 plane
1453 1302 1660 1341 delatum.
1685 1303 1796 1341 Con-

168 1375 419 1413 stitutiones
442 1374 679 1424 synodales
709 1386 796 1411 non
827 1374 944 1424 prius
966 1373 1143 1411 fuerunt
1164 1374 1306 1412 lectae
1328 1374 1517 1424 publice,
1542 1386 1668 1424 quarn
1691 1375 1798 1412 Rec-

167 1446 251 1484 tori
274 1445 552 1484 traderentur
574 1444 640 1482 bis
677 1444 996 1491 emendandae,
1032 1457 1137 1494 quas
1167 1457 1255 1482 non
1285 1444 1417 1483 modo
1450 1445 1695 1496 castigauit,
1720 1443 1799 1482 sed

169 1518 366 1564 mutauit,
392 1516 617 1567 expunxit,
651 1516 785 1562 auxit,
822 1516 1138 1566 expoliuitque,
1163 1528 1214 1554 ac
1244 1517 1285 1554 in
1315 1529 1474 1555 nouam
1504 1516 1646 1566 plane,
1679 1521 1798 1554 tanta

170 1602 266 1627 curn
289 1588 593 1627 consolatione
616 1587 951 1638 archiepiscopi,
981 1587 1164 1626 formam
1187 1586 1375 1638 redegit,
1400 1588 1472 1626 ubi
1495 1601 1603 1638 opus
1624 1587 1719 1635 fuit,
1752 1593 1798 1625 ut

168 1673 279 1711 quae
301 1660 391 1710 ipse
416 1659 618 1705 dictaret,
651 1658 839 1709 proprijs
863 1659 993 1696 etiam
1025 1658 1222 1696 manibus
1244 1660 1373 1697 R.m1¹⁵
1408 1659 1704 1710 archipraesul
1727 1659 1798 1697 de-

170 1732 399 1778 scriberet3
425 1735 468 1768 et
490 1730 687 1781 quamuis
705 1736 795 1768 tres
817 1734 1078 1780 quatuorue,
1102 1735 1176 1768 aut
1206 1731 1352 1781 plures
1375 1731 1506 1769 etiam
1528 1730 1736 1769 doctores
1758 1731 1799 1769 in

171 1804 254 1841 illis
276 1801 561 1853 compilandis
583 1807 715 1852 atque
739 1801 1051 1840 concinnandis
1080 1802 1275 1852 pluribus
1297 1802 1452 1840 diebus
1473 1807 1650 1841 strenue
1682 1803 1799 1841 labo-

170 1880 356 1921 rassent,
387 1873 659 1925 paucissimis
690 1878 837 1911 tamen
868 1873 996 1923 (quae
1033 1874 1115 1911 Dei
1145 1873 1318 1911 bonitas
1360 1879 1441 1921 est,
1483 1887 1567 1924 qua
1604 1875 1800 1913 membra

170 1947 296 1984 huius
326 1945 528 1983 minimae
560 1944 798 1983 Societatis
829 1956 933 1982 suae
965 1957 1114 1995 saepe,
1147 1945 1188 1982 in
1220 1945 1352 1983 rebus
1382 1945 1571 1984 maxime
1598 1945 1798 1996 publicis,

171 2016 352 2056 mirifice
384 2016 658 2066 recreantur)
688 2016 808 2054 horis
829 2016 975 2066 potius
1005 2029 1133 2067 quam
1156 2015 1326 2064 diebus,
1357 2015 1417 2055 ita
1438 2022 1533 2055 tota
1553 2017 1624 2055 illa
1644 2022 1800 2056 tracta-

170 2090 232 2128 tio
249 2102 409 2128 nouam
425 2089 610 2127 formam
627 2088 772 2138 reipsa
788 2088 827 2126 in
848 2089 1046 2126 manibus
1065 2088 1158 2126 eius
1173 2088 1193 2106 a
1213 2087 1366 2136 induit,
1387 2093 1433 2126 ut
1448 2089 1681 2128 multorum
1699 2089 1804 2133 alio.

171 2174 264 2199 rum
294 2173 345 2199 ac
374 2160 526 2199 ultimo
558 2160 661 2198 ΚΒΜ
683 2160 816 2210 legati
848 2172 953 2198 suae
976 2160 1218 2199 sanctitatis
1249 2161 1551 2208 attestatione,
1575 2161 1732 2199 merito
1759 2161 1802 2199 in

170 2231 389 2283 publicum
411 2230 587 2282 prodire
610 2230 786 2269 debeat.
811 2231 889 2269 His
909 2231 1058 2282 itaque
1086 2235 1218 2282 atque
1248 2231 1343 2280 alijs
1364 2231 1612 2270 huiusmodi
1645 2231 1802 2282 officijs

172 2316 371 2354 magnam
394 2315 497 2341 sane
519 2303 560 2341 in
586 2302 809 2353 Hungaria
830 2302 1068 2341 Societatis
1087 2308 1268 2341 nostrae
1292 2301 1648 2353 expectationem
1677 2302 1798 2342 fecit.

225 2375 263 2412 6.
326 2374 452 2413 Circa
474 2373 589 2412 idem
620 2379 794 2424 tempus
824 2375 872 2412 R.
897 2374 944 2412 P.
969 2374 1272 2421 Prouincialis,
1305 2376 1361 2413 D.
1401 2376 1556 2412 Petrus
1586 2375 1800 2423 Canisius,

174 2447 389 2498 Augusta,
414 2444 486 2482 ubi
509 2445 801 2484 ecclesiasten
821 2445 864 2484 in
886 2458 1090 2496 supremo
1113 2446 1207 2484 eius
1229 2445 1417 2484 ciuitatis
1448 2447 1614 2497 templo
1646 2459 1801 2498 augus-

175 2518 360 2564 tissimo,
385 2529 560 2567 magno,
590 2517 683 2555 laus
704 2517 816 2564 Deo,
849 2529 945 2555 curn
966 2517 1111 2556 fructu
1141 2517 1246 2568 agit,
1270 2517 1356 2556 huc
1386 2516 1438 2555 ad
1467 2530 1549 2556 nos
1577 2518 1803 2568 profectus

174 2589 367 2628 aduenit.
393 2588 611 2628 Comitem
632 2588 800 2627 itineris
821 2589 970 2627 habuit
992 2589 1039 2627 R.
1063 2589 1107 2627 P.
1136 2589 1184 2629 D.
1204 2589 1434 2628 Nicolaum
1451 2589 1691 2639 Lanoymn,
1716 2591 1802 2628 col-

175 2660 277 2712 legij
309 2659 665 2710 ingolstadiensis
701 2664 936 2698 rectorem.
982 2660 1136 2698 Paucis
1171 2672 1279 2698 uero
1314 2660 1334 2685 b
1368 2660 1611 2699 interiectis
1633 2660 1804 2699 ,diebus

176 2733 316 2782 Praga
335 2731 420 2768 huc
441 2736 625 2768 uocatus
648 2731 695 2768 R.
720 2743 894 2780 quoque
918 2731 964 2769 P.
990 2732 1041 2769 D.
1067 2730 1224 2769 Paulus
1245 2730 1447 2778 Hoffeus,
1467 2731 1694 2782 pragensis
1716 2732 1802 2770 col-

175 2802 278 2854 legij
302 2807 466 2848 rector,
491 2814 514 2839 a
533 2800 659 2839 nobis
680 2801 760 2840 fuit
782 2802 910 2840 solita
930 2802 1167 2841 Societatis
1189 2803 1400 2841 charitate
1421 2815 1472 2840 ac
1494 2803 1646 2841 osculo
1667 2804 1800 2854 pacis,

176 2880 222 2913 ut
242 2873 366 2926 primi
388 2885 485 2911 cum
506 2873 640 2922 socijs
662 2873 764 2921 suis,
790 2878 1019 2924 exceptus.
1044 2874 1276 2912 Postremo
1294 2873 1470 2912 tandem
1491 2887 1576 2913 uno
1593 2874 1709 2912 forte
1732 2874 1802 2912 die

224 3005 244 3025 a
295 3003 482 3042 Emend.
502 3013 553 3041 ex
570 3002 665 3040 suis.
719 3003 785 3029 —b
807 3003 898 3050 Seq.
920 3003 1003 3042 del.
1023 3008 1125 3051 post.

1896 168 1901 243 -ῆ,
1896 93 1901 124 ,-
1894 33 1902 53 x
