1908 3446
575 189 924 226 232.-LAURET0
954 190 967 225 1
991 188 1092 225 FER.
1126 189 1215 226 1559
1618 189 1664 226 63

86 286 154 327 rei
182 285 496 326 enormitatem
532 285 703 323 veniam
735 286 788 323 ab
821 297 873 323 eo
905 285 1140 336 impetrare
1173 293 1190 310 a
1228 297 1317 323 non
1355 287 1550 335 possent,
1583 298 1708 334 quam

86 360 266 409 primum
293 363 443 395 noster
467 359 514 396 R.
550 359 595 395 P.
622 362 768 395 rector
794 363 799 380 ¹
824 369 902 408 pro
925 355 1007 394 illis
1030 368 1189 405 rogare
1214 355 1420 406 cepisset,
1444 356 1615 406 plenam
1647 370 1712 394 ve-

86 430 211 469 niam
232 429 495 479 impetrauit.

139 513 173 540 2.
234 499 495 549 principissa
516 501 673 539 Melfae
696 500 834 550 pridie
856 513 983 551 quam
1006 501 1090 538 huc
1111 499 1380 550 perueniret,
1406 511 1536 536 vnum
1561 511 1615 536 ex
1637 512 1712 537 no-

85 574 240 613 bilibus
270 575 323 613 ad
350 577 435 614 hoc
470 573 722 620 destinauit,
746 578 793 610 vt
815 572 1095 611 sacerdotem
1124 572 1179 610 de
1197 572 1426 611 Societate
1442 575 1711 622 prepararet,

85 646 156 696 qui
187 645 266 684 sibi
293 659 317 684 a
347 645 698 685 confessionibus
731 656 829 682 esse
851 649 1020 695 posset;
1045 648 1087 681 et
1111 648 1155 681 vt
1178 642 1327 694 quanti
1356 647 1494 682 totam
1517 641 1713 679 Societa-

83 724 172 755 tem
192 717 321 755 faciat
343 717 656 762 manifestaret,
681 714 808 753 nobis
830 719 995 752 certam
1018 714 1225 764 aliquam
1248 726 1369 765 spem
1389 711 1588 764 erigendi
1609 712 1713 750 noui

86 787 260 839 collegii
280 788 299 813 b
321 788 510 838 reliquit.

137 869 175 906 3.
234 859 443 897 Dominus
465 870 640 909 quoque
664 857 906 908 Groperius
930 863 942 881 ²
965 861 1008 895 et
1029 857 1100 894 alii
1122 856 1326 906 permulti
1353 867 1539 907 magnae
1561 855 1713 893 autho-

85 930 222 969 ritatis
244 930 323 969 viri
344 932 409 981 (vt
430 930 603 968 interim
626 929 681 967 de
703 928 1071 967 numerosissimis
1093 926 1365 966 diuersarum
1388 927 1613 965 nationum
1647 939 1713 964 ca-

85 1002 220 1039 teruis
236 1001 338 1039 nihil
369 1001 573 1050 scribam)
596 999 833 1038 Societatis
855 1005 1034 1037 nostrae
1056 999 1169 1037 fama
1192 1004 1235 1037 et
1258 997 1480 1037 desiderio
1503 997 1707 1048 permoti,

86 1076 334 1110 nostrorum
365 1084 499 1123 opera
528 1072 570 1110 in
593 1070 947 1110 confessionibus
978 1075 1077 1108 sunt
1110 1069 1189 1109 vsi.
1222 1068 1345 1107 Multi
1367 1068 1497 1107 etiam
1528 1080 1713 1119 magnae

86 1143 360 1182 authoritatis
382 1148 426 1181 et
442 1142 685 1181 sanctitatis
703 1142 784 1180 viri
801 1147 889 1180 tam
912 1143 1136 1181 seculares
1154 1153 1282 1191 quam
1303 1138 1501 1191 religiosi
1515 1152 1594 1190 pro
1614 1152 1715 1178 con-

85 1213 179 1252 silio
207 1226 349 1251 rerum
379 1212 646 1264 agendarum
674 1225 843 1264 proque
875 1219 996 1252 certa
1022 1213 1166 1264 aliqua
1195 1212 1313 1250 vitae
1341 1211 1632 1250 instructione
1663 1211 1716 1249 ad

85 1297 164 1323 nos
190 1285 442 1336 frequenter
473 1286 711 1332 confluunt,
741 1298 925 1337 quorum
956 1284 1036 1335 piis
1064 1284 1295 1323 desideriis
1325 1289 1446 1322 tanta
1474 1282 1639 1333 pietate
1672 1290 1717 1321 et

86 1357 324 1395 animorum
347 1355 651 1395 consolatione
673 1356 822 1395 annuit
844 1357 979 1403 Deus,
1004 1362 1050 1394 vt
1071 1356 1344 1407 inposterum
1366 1368 1413 1393 se
1436 1362 1452 1380 e
1474 1355 1648 1405 quietos
1667 1367 1717 1392 ac

87 1428 258 1466 adiutos
280 1427 519 1468 inueniant
542 1442 596 1467 ac
617 1429 924 1467 confiteantur.

140 1510 179 1548 4.
237 1500 428 1538 Fuerunt
457 1505 604 1538 tamen
625 1499 822 1538 nonnulli
849 1504 1081 1550 apostatae
1106 1505 1149 1537 et
1171 1499 1242 1537 alii
1271 1498 1433 1549 publici
1456 1504 1499 1537 et
1530 1499 1713 1537 infames

84 1574 343 1620 peccatores
363 1571 435 1621 qui
456 1570 624 1621 spiritui
645 1570 814 1622 gratiae
836 1571 926 1621 (qui
946 1583 1024 1621 per
1051 1575 1228 1609 nostros
1250 1570 1531 1621 loquebatur)
1563 1575 1714 1609 contu-

86 1642 257 1680 meliam
291 1642 531 1681 inferentes
563 1648 606 1681 et
640 1643 682 1681 in
713 1655 792 1681 sua
827 1641 1124 1681 obstinatione
1154 1642 1460 1693 persistentes,
1497 1654 1715 1693 nunquam

87 1712 214 1752 animi
240 1713 433 1764 quietem
453 1714 652 1752 inuenire
682 1719 921 1764 potuerunt
942 1726 1173 1764 quousque
1199 1713 1377 1751 tandem
1401 1713 1515 1751 sanis
1543 1713 1716 1763 acquie-

85 1790 259 1826 scentes
291 1785 480 1825 consiliis
502 1799 549 1824 se
580 1786 726 1825 denuo
758 1799 876 1825 nouo
894 1786 1121 1837 religionis
1152 1791 1259 1825 voto
1287 1786 1360 1824 vel
1382 1785 1576 1823 melioris
1598 1784 1714 1823 vitae

87 1857 427 1896 commutatione
449 1863 619 1909 gratum
642 1858 738 1897 Deo
764 1858 1022 1908 obsequium
1047 1857 1326 1895 exibuerunt.
1351 1856 1614 1895 Huiusmodi
1644 1869 1715 1894 au-

26 1927 29 1934 ’
86 1932 175 1966 tem
201 1934 496 1979 apostatarum
526 1943 733 1968 numerus
760 1930 833 1981 qui
862 1934 1114 1969 nostrorum
1144 1941 1279 1980 opera
1308 1928 1362 1966 ad
1392 1929 1611 1979 propriam
1643 1928 1714 1966 vel

86 1999 139 2038 ad
159 2000 385 2039 meliorem
406 2001 667 2053 religionem
689 2007 788 2040 sunt
809 2001 993 2049 reuersi,
1017 2000 1231 2040 maximus
1252 2000 1347 2047 fuit,
1381 2000 1435 2038 ab
1458 2012 1512 2038 eo
1543 2012 1715 2050 preser-

86 2071 161 2110 tim
181 2076 381 2123 tempore
404 2086 489 2123 quo
513 2073 822 2112 sanctissimini
850 2072 1070 2124 pontificis
1101 2071 1241 2110 nostri
1271 2070 1455 2110 decreto
1487 2075 1715 2122 apostatae

87 2154 237 2181 omnes
264 2142 318 2181 ad
351 2144 580 2182 meliorem
611 2149 805 2183 mentem
841 2143 986 2182 redire
1017 2144 1097 2182 sub
1131 2142 1288 2194 poenis
1320 2147 1364 2180 et
1392 2142 1587 2180 censuris
1618 2147 1716 2180 sunt

87 2214 227 2252 coacti
255 2213 283 2252 ³.
302 2214 456 2254 Solent
467 2216 591 2254 venirn
608 2215 858 2255 huiusmodi
876 2220 919 2254 et
936 2216 1007 2254 alii
1024 2214 1247 2266 desperati
1263 2213 1346 2252 viri
1362 2213 1416 2251 ad
1433 2214 1545 2252 hanc
1560 2213 1715 2252 almam

89 2285 318 2324 ecclesiam
348 2292 551 2337 tanquam
582 2287 635 2325 ad
657 2289 840 2338 asyllum
860 2292 903 2326 et
924 2287 979 2326 ad
997 2288 1288 2327 certissimum
1307 2301 1481 2327 suarum
1499 2286 1716 2326 calamita-

85 2362 173 2395 tum
197 2357 413 2409 refugium
430 2358 620 2410 Vndique
645 2372 910 2398 commeare.
932 2360 1076 2408 Quem
1103 2360 1217 2398 enim
1234 2373 1322 2399 non
1345 2360 1488 2398 trahat
1507 2356 1716 2396 effusissi-

89 2440 156 2466 ma
176 2427 247 2467 illa
267 2430 446 2481 reginae
475 2431 696 2469 caelorum
717 2430 858 2482 pietas
891 2444 943 2469 ac
977 2430 1279 2470 misericordia
1300 2444 1412 2482 quae
1446 2430 1548 2469 sola
1582 2429 1714 2468 vnica

136 2626 154 2644 a
221 2631 300 2657 non
317 2620 598 2667 impetrarent.
652 2623 717 2647 ——b
787 2622 827 2658 in
845 2634 918 2659 sua
937 2621 1104 2658 ditione.
1158 2629 1221 2647 —0
1289 2621 1424 2668 plane.

137 2824 144 2843 ¹
199 2822 242 2860 P.
260 2822 467 2861 Oliverius
485 2823 720 2862 Manareus.

135 2882 149 2902 ²
197 2882 304 2919 Vide
323 2895 424 2929 sup..
442 2897 535 2931 pag.
559 2885 614 2922 18.

135 2942 148 2962 ⁸
198 2941 319 2979 Bulla
340 2943 453 2980 Pauli
473 2943 534 2980 IV
556 2944 796 2991 Postquam
817 2945 971 2982 divina
993 2945 1166 2982 bonitas
1184 2944 1245 2989 (20
1270 2944 1353 2992 Jul.
1385 2945 1501 2988 1558).
1531 2943 1610 2990 Cf..
1643 2944 1721 2981 Ρο-

90 2999 209 3038 lanci
227 3002 471 3048 complem,
492 3002 523 3044 I,
549 3003 628 3040 181.
