1908 3446
545 200 933 239 242.—V1N0030NA
963 202 1005 238 14
1031 199 1129 237 FER.
1163 200 1250 236 1559
1621 199 1667 236 83

85 307 192 354 tun]
218 304 381 342 Omnes
412 304 494 342 Dei
523 303 663 355 gratia
679 304 770 353 (qui
790 315 841 351 44
870 303 964 352 plus
986 302 1126 339 minus
1157 301 1227 338 hic
1248 304 1430 348 sumus),
1455 300 1496 337 in
1530 305 1713 350 vtroquc

84 375 260 413 homine
281 374 346 413 sic
366 374 481 412 satis
508 375 720 412 valemus.
746 372 1069 410 Renouauimus
1093 383 1259 408 summa
1281 383 1379 408 cum
1412 371 1714 408 consolatione

86 451 190 484 vota
209 450 360 483 nostra
382 457 534 483 ornnes
555 446 649 496 ipso
674 443 1016 483 circumcisionis
1037 444 1068 479 α.
1104 442 1276 478 Fratres
1299 454 1430 491 porro
1462 442 1600 478 nostri
1622 454 1717 478 cum

85 529 189 555 suae
219 515 539 567 perfectionem
570 516 816 554 vocationis
847 515 889 552 in
918 514 1047 564 plena
1074 513 1237 562 proprii
1270 512 1410 550 omnis
1446 510 1593 550 iudicii
1623 525 1718 561 pro-

84 588 292 638 priaeque
332 588 571 626 voluntatis
611 587 906 638 abnegatione
950 586 1075 624 sitam
1118 597 1215 622 esse
1256 584 1524 633 intelligant,
1568 583 1720 620 mirum

86 671 214 709 quam
244 659 438 709 gloriosa
459 659 500 697 in
530 658 624 696 dies
648 659 702 696 de
733 657 1117 709 praestantissima
1135 656 1216 693 hac
1238 654 1305 693 sui
1326 655 1518 705 ipsorum
1539 655 1721 692 victoria

85 730 299 780 trophaea
319 729 526 768 referant.
551 730 686 768 Cuius
709 741 812 767 sane
835 727 899 766 rei
920 742 1008 766 non
1038 729 1271 766 obscurum
1296 738 1393 763 esse
1417 730 1721 775 argumentum

86 800 270 838 arbitror
293 813 505 838 summam
522 799 637 838 illam
655 799 874 839 mentium
892 812 945 838 ac
966 799 1226 844 animorum,
1246 810 1374 846 quam
1391 796 1503 833 inter
1521 796 1723 834 nationes

85 870 403 910 diuersissimas
421 872 491 909 hic
509 884 692 910 cernere
717 877 798 918 est,
824 871 1047 917 vnionem,
1069 881 1225 920 pacem
1246 866 1566 914 incredibilem,
1592 866 1723 905 dilec-

85 943 250 982 tionem
271 956 378 982 vere
401 945 680 995 singularem.
707 945 819 982 Dum
842 943 956 980 enim
973 942 1157 993 quisque
1178 945 1431 991 postremus
1466 939 1618 976 haberi
1653 951 1722 989 ap-

86 1015 195 1066 petit
214 1020 257 1053 et
278 1015 386 1054 alios
408 1016 577 1054 honore
609 1014 757 1053 studet
786 1013 1063 1065 praeuenire,
1083 1011 1339 1051 admiranda
1354 1011 1557 1062 profecto
1575 1011 1617 1048 in
1636 1023 1725 1049 om-

87 1085 213 1125 nibus
234 1087 404 1125 relucet
425 1086 644 1124 humilitas
665 1087 699 1133 b,
726 1084 980 1124 obedientia
1001 1083 1210 1123 cernitur
1239 1095 1341 1122 vere
1373 1080 1594 1120 Societati
1618 1081 1722 1130 Jesu

89 1157 248 1210 digna.
273 1158 418 1209 Atque
440 1163 488 1196 vt
508 1158 710 1208 propriae
731 1156 1018 1208 perfectionis
1041 1154 1262 1194 desideria
1295 1158 1589 1204 praeteream,
1614 1164 1725 1203 quae

89 1228 264 1280 quidem
286 1230 592 1268 ardentissima
612 1230 655 1267 in
676 1229 759 1267 illis
783 1241 881 1267 esse
914 1228 1120 1266 continua
1142 1240 1295 1265 eorum
1319 1225 1503 1276 suspiria
1525 1229 1728 1263 conatus-

91 1313 175 1350 que
196 1300 449 1339 indeiessus
480 1299 653 1338 abunde
685 1303 1048 1346 commonstrant,
1072 1299 1133 1337 ita
1164 1310 1268 1336 sane
1294 1310 1400 1348 erga
1429 1295 1726 1348 proximorum

91 1372 276 1410 salutem
292 1372 507 1419 feruntur,
526 1377 573 1410 vt
590 1372 754 1410 nullum
770 1371 851 1409 sibi
867 1372 1065 1409 laborem
1083 1370 1124 1408 in
1142 1382 1194 1408 ea
1210 1381 1387 1419 quoquo
1404 1368 1536 1406 modo
1554 1381 1727 1418 promo-

92 1443 235 1482 uenda
256 1456 438 1494 grauem
462 1455 560 1481 esse
582 1447 754 1494 putent,
780 1448 823 1480 et
842 1454 895 1480 eo
918 1453 1228 1492 nonnunquam
1245 1440 1394 1478 feruor
1411 1440 1482 1477 hic
1502 1439 1729 1490 progredi-

88 1520 172 1562 tur,
195 1518 243 1552 vt
265 1518 332 1552 tot
352 1514 592 1552 animarum
613 1512 918 1553 certissimam
938 1510 1233 1563 perditionem
1258 1510 1624 1560 contemplantes,
1648 1509 1730 1547 nisi

95 1585 376 1624 obedientiae
397 1590 576 1623 sanctae
598 1584 820 1636 repagulis
842 1588 1175 1629 coercerentur,
1194 1594 1272 1633 per
1292 1593 1445 1619 omnes
1461 1580 1577 1618 haud
1599 1579 1729 1618 dubie

93 1655 281 1696 ciuitatis
301 1656 471 1707 plateas
494 1656 739 1694 catholicae
760 1654 865 1693 fidei
886 1654 1120 1692 veritatem
1143 1653 1407 1691 annunciare
1442 1657 1485 1689 et
1507 1650 1561 1689 ad
1580 1651 1730 1701 poeni-

90 1729 271 1767 tentiam
293 1740 446 1767 omnes
465 1727 651 1766 inuitare
672 1731 807 1765 noctu
828 1727 988 1777 diuque
1019 1738 1111 1764 non
1132 1724 1394 1764 desisterent
1416 1730 1447 1761 0.
1472 1723 1725 1772 Martyrium

91 1800 179 1850 (cui
207 1799 379 1852 plurimi
407 1812 488 1838 nos
508 1802 662 1851 putant
692 1799 735 1836 in
764 1798 830 1836 his
851 1796 1118 1836 Germaniae
1148 1795 1343 1846 partibus
1373 1794 1617 1846 proximos)
1639 1799 1730 1831 tan-

93 1883 182 1910 tum
203 1872 328 1910 abest
349 1876 397 1909 vt
417 1871 641 1917 horreant,
666 1875 740 1908 aut
760 1869 945 1920 fugiant,
965 1874 1012 1906 vt
1034 1872 1157 1906 tanto
1182 1867 1265 1906 Dei
1285 1877 1468 1904 munere
1493 1869 1536 1903 et
1556 1865 1732 1915 priuile-

92 1942 164 1993 gio
192 1948 281 1981 tam
301 1941 510 1992 singulari
530 1941 735 1992 indignos
756 1952 805 1978 se
827 1944 1084 1991 agnoscant,
1106 1942 1149 1976 et
1172 1938 1206 1975 si
1228 1938 1365 1976 maior
1387 1937 1471 1975 Dei
1502 1936 1617 1976 foret
1639 1937 1732 1987 glo-

93 2014 168 2062 ria,
206 2015 279 2052 vel
312 2014 614 2065 proximorum
653 2012 755 2050 inde
796 2011 1012 2063 speranda
1051 2010 1167 2048 salus
1203 2009 1361 2060 aliqua,
1401 2008 1675 2059 percupiam
1714 2008 1733 2033 ὖ

94 2085 224 2124 etiarn
247 2089 291 2123 et
308 2086 424 2124 votis
446 2084 764 2124 ardentissimis
787 2084 1048 2134 efflagitent.
1068 2081 1294 2132 Intrepide
1314 2080 1500 2132 proinde
1522 2081 1565 2119 in
1587 2079 1732 2118 medio

93 2157 281 2198 nationis
314 2169 477 2208 prauae
501 2162 834 2203 conuersantur,
875 2161 919 2193 et
939 2159 1031 2192 tum
1053 2154 1172 2192 domi
1208 2158 1301 2191 tum
1330 2151 1451 2200 foris,
1485 2158 1576 2190 turn
1597 2151 1734 2202 publi-

95 2239 146 2266 ce
167 2233 258 2266 tum
287 2227 504 2279 priuatim,
528 2228 794 2267 intemerata
813 2240 865 2265 ac
886 2226 1092 2265 salutaria
1117 2224 1222 2263 fidei
1244 2230 1377 2275 atque
1409 2237 1577 2262 morum
1600 2221 1733 2261 docu-

95 2304 242 2339 menta
262 2305 485 2351 spargunt.
511 2300 564 2337 Et
580 2299 777 2350 quamuis
799 2298 1000 2348 antiquus
1022 2297 1199 2336 humani
1221 2296 1398 2347 generis
1420 2295 1560 2333 hostis
1578 2295 1735 2332 multo-

96 2383 189 2410 rum
209 2371 252 2409 in
281 2384 362 2410 nos
384 2369 580 2422 aliosque
603 2369 764 2410 Christi
785 2382 940 2408 seruos
964 2369 1063 2408 odia
1082 2368 1379 2418 inuidiamque
1402 2367 1626 2405 concitare
1647 2378 1735 2403 non

98 2449 258 2491 cesset,
300 2442 434 2481 vincit
474 2449 621 2481 tamen
654 2442 868 2481 hactenus
910 2441 1130 2480 catholica
1165 2440 1345 2486 veritas,
1387 2451 1470 2476 nec
1512 2437 1736 2476 obliterari

98 2514 415 2552 sanctissimum
453 2526 612 2552 nomen
633 2520 650 2537 e
673 2526 797 2551 suum
818 2513 980 2564 patitur
1003 2510 1343 2563 benignissimus
1360 2510 1574 2548 Dominus
1590 2509 1734 2559 Jesus.

101 2585 213 2635 Quia
232 2597 341 2623 vero
365 2584 584 2624 crudelius
606 2584 797 2636 grassari
829 2583 943 2622 solet
964 2584 1119 2621 sathan
1143 2583 1216 2620 vbi
1248 2593 1401 2620 omnes
1424 2580 1566 2618 animo
1590 2578 1737 2617 deiec-

98 2660 169 2694 tos
204 2661 248 2694 et
282 2656 582 2706 desperationi
611 2655 837 2706 proximos
870 2654 1169 2705 conspexerit,
1208 2652 1519 2702 neminemque
1553 2648 1738 2687 inueniri

100 2726 172 2777 qui
199 2726 376 2765 nefariis
408 2727 501 2765 eius
533 2725 761 2765 conatibus
793 2726 1004 2764 resistere
1036 2725 1212 2766 audeat;
1236 2722 1424 2761 sollicite
1455 2734 1536 2759 nos
1558 2720 1736 2771 quidem

101 2796 144 2834 id
174 2797 356 2848 agimuS‚
381 2803 429 2836 vt
456 2797 673 2848 intelligat
700 2796 934 2848 aliquando
968 2795 1167 2834 diabolus
1199 2794 1381 2843 eiusque
1417 2793 1613 2830 asseclae
1649 2803 1735 2829 non

152 2999 172 3019 a
196 2999 272 3037 die.
328 3001 394 3025 —b
433 3005 485 3036 et.
539 3007 600 3024 -0
643 2997 896 3046 percupiant.
951 2996 1019 3022 —d
1057 3000 1264 3042 exoptent.
1317 3000 1383 3019 -Θ
1423 2993 1591 3029 cultum.
