1908 3446
577 202 646 239 286
661 201 920 240 ῳΟωεῑῑόικιιῑ
947 201 993 238 20
1014 200 1125 248 Juifl
1156 200 1245 237 1559
1602 200 1669 236 277

140 308 178 346 6.
240 306 390 345 Redeo
422 305 475 344 ad
513 306 767 356 episcopum
799 304 915 342 vnde
947 304 1171 355 digressus
1206 304 1388 341 fueram.
1428 305 1611 341 Tantum
1647 304 1717 341 ille

91 381 218 418 etiam
250 378 399 417 tribuit
431 378 646 425 Patribus,
680 382 727 414 vt
759 390 855 415 cum
887 375 1060 426 quidam
1096 381 1429 413 asseruareutur
1464 375 1504 412 in
1541 388 1718 414 carcere

88 449 320 491 admodum
352 449 603 497 facinorosi,
635 449 707 501 qui
737 447 995 500 propediem
1018 448 1254 499 suspendio
1277 447 1463 486 necandi
1487 453 1624 494 erant3
1649 449 1718 497 qui

88 536 172 563 non
194 522 351 561 adduci
371 522 619 573 potuissent
636 526 681 559 vt
704 521 1036 567 confiterentur,
1061 520 1095 558 si
1117 520 1355 558 rescissent
1375 532 1422 557 se
1445 519 1538 557 fore
1560 532 1719 558 necan-

89 595 183 641 dos3
207 593 459 644 alloquendi
483 606 561 632 eos
584 598 628 631 et
650 590 911 631 cohortandi
933 604 1088 629 munus
1109 589 1270 629 nostris
1292 590 1492 628 Patribus
1515 590 1719 629 traditum

90 670 170 712 est,
194 665 311 715 quod
333 664 479 703 diuina
501 676 584 716 ope
609 669 652 702 et
682 663 843 702 auxilio
875 662 987 701 adeo
1018 662 1236 701 foeliciter
1273 661 1641 709 administrarunt,
1674 668 1721 700 vt

87 751 172 776 non
194 737 334 775 solum
353 736 543 774 confessi
563 734 860 786 imperterrito
884 738 1015 784 atque
1038 734 1192 772 sedato
1216 734 1359 772 animo
1377 734 1498 772 necis
1515 734 1719 771 nuncium

88 809 316 856 audierint,
354 821 506 847 verum
542 807 620 859 ipsi
657 807 739 845 visi
772 808 856 845 sint
891 811 1049 857 sponte
1081 819 1158 844 sua
1189 812 1402 857 expetere
1443 818 1582 857 genus
1616 805 1720 844 illud

88 881 206 920 necis
229 886 360 932 atque
383 881 564 931 eligere.
590 880 828 917 Fatebatur
850 878 1033 929 quisque
1058 883 1100 916 et
1131 879 1372 925 asserebat,
1408 882 1451 916 et
1481 890 1593 928 quae
1624 891 1720 928 pro-

87 953 361 1005 ponebantur
383 952 607 1003 supplicia,
634 955 676 990 et
698 950 749 989 iis
773 951 903 990 etiam
926 951 1105 998 maiora,
1126 951 1296 989 scelere
1320 963 1398 989 suo
1421 963 1468 988 se
1492 950 1720 989 commeri-

88 1030 176 1063 tum
199 1023 364 1076 fuisse,
398 1025 601 1075 beneque
633 1036 783 1061 secum
818 1028 963 1060 actum
998 1022 1148 1070 fuisse,
1183 1035 1281 1061 cum
1318 1024 1437 1061 Deus
1468 1021 1570 1073 Opt.
1605 1022 1717 1060 Max.

88 1102 288 1136 aeternas
322 1100 586 1134 tartarorum
621 1107 787 1145 poenas
824 1107 920 1132 cum
956 1093 1021 1141 iis,
1055 1106 1167 1144 quae
1204 1106 1301 1132 curn
1333 1100 1534 1145 tempore
1564 1094 1718 1140 fluunt,

89 1162 377 1201 commutarit.
404 1161 535 1211 Quod
556 1173 644 1199 non
665 1160 814 1198 verbis
836 1165 1019 1207 tantum,
1053 1159 1132 1198 sed
1163 1173 1209 1198 re
1240 1159 1333 1210 ipsa
1364 1160 1718 1211 comprobarunt.

140 1245 177 1283 7.
238 1233 455 1283 Quoniam
491 1245 599 1271 vero
638 1231 843 1270 breuitati
878 1231 1052 1279 studeo,
1095 1245 1227 1270 vnum
1267 1237 1435 1270 tantum
1472 1232 1720 1282 exemplum

87 1318 340 1358 proponam.
364 1306 481 1343 Inter
503 1305 612 1343 alios
642 1303 715 1355 qui
744 1309 887 1342 morte
918 1303 1115 1342 mulctati
1150 1305 1255 1342 sunt
1276 1311 1309 1351 ἃ,
1342 1309 1391 1342 vt
1420 1304 1513 1354 ipse
1543 1310 1721 1354 praetor

88 1378 326 1424 asserebat,
351 1376 524 1428 quidam
547 1382 641 1414 erat
662 1374 939 1414 multitudine
963 1375 1188 1414 criminum
1215 1375 1433 1426 princeps.
1458 1375 1568 1413 Cum
1590 1374 1721 1426 igitur

87 1462 214 1489 nemo
237 1447 422 1488 auderet
442 1453 593 1499 aperte
615 1447 837 1486 hominem
859 1445 1034 1493 adoriri,
1061 1447 1234 1485 occulte
1257 1459 1305 1485 se
1329 1448 1458 1485 Pater
1476 1446 1518 1484 in
1534 1447 1721 1485 hominis

87 1519 421 1560 familiaritatem
446 1525 489 1557 et
511 1518 877 1558 consuetudinem
899 1519 1149 1557 insinuauit.
1174 1519 1364 1557 Primum
1395 1517 1572 1557 laudare
1603 1519 1720 1557 labo-

89 1606 172 1641 res,
203 1592 238 1631 si
269 1605 347 1631 eos
376 1605 454 1643 pro
486 1591 662 1630 Christo
693 1592 869 1638 subeas3
903 1595 1056 1629 contra
1085 1591 1121 1629 si
1153 1591 1208 1629 ob
1238 1594 1438 1641 peccata,
1469 1591 1719 1642 vituperare

89 1665 247 1716 coepit.
270 1664 383 1702 Dein
407 1663 645 1702 ostendere
667 1662 883 1701 rationem
901 1675 986 1713 qua
1007 1662 1180 1701 labores
1204 1662 1335 1701 etiam
1352 1662 1394 1700 in
1411 1674 1521 1714 quos
1537 1668 1722 1714 peccata

88 1749 165 1775 nos
186 1741 336 1775 nostra
357 1735 644 1782 coniecerint,
669 1734 741 1786 qui
762 1735 804 1772 in
834 1739 1032 1772 nostrum
1062 1733 1405 1782 incommodum,
1437 1732 1641 1773 damnum
1678 1740 1721 1773 et

87 1809 322 1860 perniciem
346 1807 522 1854 cedunt,
553 1807 594 1845 in
621 1811 816 1845 nostram
850 1806 1100 1853 vtilitatem,
1133 1807 1298 1844 lucrum
1333 1811 1376 1844 et
1408 1807 1592 1845 salutem
1623 1820 1721 1858 pos·

89 1879 219 1919 simus
241 1884 519 1919 conuertere.
544 1878 589 1917 Si
610 1883 671 1925 te,
696 1876 886 1924 dicebat,
907 1882 1139 1916 anteactae
1157 1877 1274 1916 vitae
1296 1877 1538 1928 poeniteat,
1564 1879 1596 1916 si
1620 1891 1721 1917 con-

88 1952 254 1999 fiteare,
279 1952 313 1990 si
335 1951 453 1989 vitae
475 1956 577 1988 tuae
597 1949 863 2001 deprauatos
884 1961 1031 1987 mores
1054 1949 1292 1987 emendare
1323 1962 1558 2000 proponas,
1592 1948 1627 1987 si
1656 1948 1721 1988 his

89 2023 307 2062 laboribus
335 2023 409 2061 vel
439 2022 532 2060 aliis
563 2022 694 2061 etiam
724 2021 1016 2072 grauioribus,
1049 2026 1192 2060 morte
1225 2021 1355 2059 etiam
1387 2022 1421 2059 si
1458 2021 1719 2072 oportuerit,

89 2107 198 2146 quae
220 2094 476 2133 commisisti
496 2094 619 2132 iuuet
642 2105 946 2144 compensare,
970 2093 1102 2130 vtiles
1124 2092 1202 2131 tibi
1225 2097 1268 2130 et
1302 2093 1517 2131 fructuosi
1547 2093 1722 2131 labores

91 2179 239 2205 omnes
275 2171 416 2204 erunt.
450 2165 741 2204 Profecerunt
773 2163 989 2203 eiusmodi
1020 2167 1063 2202 et
1095 2163 1178 2202 alia
1208 2164 1359 2210 verba,
1384 2164 1614 2203 confessus
1637 2169 1719 2211 est,

91 2249 223 2288 seque
244 2238 338 2289 ipse
360 2235 490 2275 morti
513 2236 685 2283 obtulit,
725 2241 769 2274 et
802 2248 954 2286 parum
989 2239 1063 2274 aut
1084 2235 1188 2273 nihil
1219 2235 1501 2286 perturbatus
1525 2240 1592 2274 est
1623 2248 1720 2274 cum

90 2309 264 2348 resciuit
286 2307 365 2347 sibi
387 2307 662 2349 moriendum
683 2307 896 2358 postridie
919 2307 1013 2345 eius
1035 2306 1123 2345 diei
1148 2307 1260 2346 fore.
1283 2308 1392 2346 Lata
1414 2312 1481 2346 est
1503 2307 1723 2346 sententia

90 2383 135 2417 vt
168 2385 393 2419 truncatus
429 2380 627 2419 manibus
661 2384 912 2427 necaretur3
947 2379 1219 2431 producitur,
1255 2384 1495 2427 truncatur,
1531 2380 1722 2418 feruenti

89 2451 183 2503 pice
204 2453 400 2499 vulnera,
420 2456 467 2491 vt
485 2453 742 2503 sanguinem
760 2452 1053 2499 continerent,
1072 2452 1267 2490 linebant
1288 2452 1484 2500 lictores3
1501 2452 1595 2503 ipse
1611 2465 1719 2490 vero

90 2524 298 2575 perferre,
325 2525 650 2571 obmutescere,
677 2525 829 2563 oculos
851 2523 905 2562 ad
933 2524 1100 2562 caelum
1125 2524 1299 2571 tollere3
1323 2523 1590 2562 mirabantur
1611 2537 1718 2562 vero

90 2601 303 2647 quotquot
323 2596 520 2635 aderant.
547 2598 758 2635 Preterea
780 2608 876 2634 cum
898 2596 1050 2634 labore
1072 2595 1390 2643 debilitaretur,
1425 2596 1617 2635 oblatum
1655 2601 1720 2634 est

91 2667 335 2707 vehiculum
357 2681 443 2718 quo
466 2680 605 2718 vsque
635 2668 677 2706 in
706 2667 948 2719 patibulum
978 2667 1235 2715 veheretur3
1267 2668 1432 2719 respuit
1462 2668 1570 2718 ipse,
1604 2668 1719 2706 forte

91 2737 188 2790 quia
203 2740 402 2778 Christus
419 2739 522 2790 Opt.
547 2740 660 2778 Max.
684 2752 763 2790 pro
785 2739 912 2778 nobis
931 2738 1131 2777 omnibus
1152 2744 1340 2778 mortem
1361 2739 1500 2790 pedes
1519 2739 1717 2791 oppetiit,

91 2823 217 2860 quem
247 2811 340 2862 ipse
371 2824 544 2862 semper
574 2811 617 2849 in
649 2823 724 2849 ore
756 2822 806 2848 ac
837 2809 972 2849 corde
1007 2811 1226 2861 gestabat.
1265 2811 1455 2862 Rogauit
1488 2817 1720 2861 praeterea

91 2881 304 2932 quendam
326 2882 397 2933 qui
419 2882 650 2921 cathenam
671 2894 756 2932 qua
771 2880 945 2920 vinctus
968 2886 1075 2928 erat,
1099 2893 1155 2919 ne
1176 2881 1374 2932 pondere
1395 2886 1653 2933 grauaretur
1677 2888 1719 2921 et

138 3023 158 3043 a
207 3029 342 3062 erant.
