<?xml version="1.0" encoding="UTF-8"?>
<!DOCTYPE html PUBLIC "-//W3C//DTD XHTML 1.0 Transitional//EN"
    "http://www.w3.org/TR/xhtml1/DTD/xhtml1-transitional.dtd">
<html xmlns="http://www.w3.org/1999/xhtml" xml:lang="en" lang="en">
 <head>
  <title>
</title>
<meta http-equiv="Content-Type" content="text/html;charset=utf-8" />
  <meta name='ocr-system' content='tesseract 3.04.00' />
  <meta name='ocr-capabilities' content='ocr_page ocr_carea ocr_par ocr_line ocrx_word'/>
</head>
<body>
  <div class='ocr_page' id='page_1' title='image "./litteraequadrime1806lain_0347.png"; bbox 0 0 1908 3446; ppageno 0'>
   <div class='ocr_carea' id='block_1_1' title="bbox 455 210 1645 264">
    <p class='ocr_par' dir='ltr' id='par_1_1' title="bbox 455 210 1645 264">
     <span class='ocr_line' id='line_1_1' title="bbox 455 210 1645 264; baseline -0.001 -16"><span class='ocrx_word' id='word_1_1' title='bbox 455 210 844 248; x_wconf 67' lang='lat' dir='ltr'>296.-V1N00130NA</span> <span class='ocrx_word' id='word_1_2' title='bbox 875 212 887 248; x_wconf 97' lang='lat' dir='ltr'>l</span> <span class='ocrx_word' id='word_1_3' title='bbox 918 210 1181 248; x_wconf 54' lang='lat' dir='ltr'>Sapra-namus</span> <span class='ocrx_word' id='word_1_4' title='bbox 1211 212 1300 248; x_wconf 72' lang='lat'>1559</span> <span class='ocrx_word' id='word_1_5' title='bbox 1345 257 1350 264; x_wconf 25' lang='grc' dir='ltr'><em>Α</em></span> <span class='ocrx_word' id='word_1_6' title='bbox 1577 211 1645 249; x_wconf 83' lang='grc'>327</span> 
     </span>
    </p>
   </div>
   <div class='ocr_carea' id='block_1_2' title="bbox 35 313 1710 2874">
    <p class='ocr_par' dir='ltr' id='par_1_2' title="bbox 71 313 1696 498">
     <span class='ocr_line' id='line_1_2' title="bbox 71 313 1695 363; baseline -0.002 -8"><span class='ocrx_word' id='word_1_7' title='bbox 71 316 250 356; x_wconf 89' lang='lat' dir='ltr'>fendere</span> <span class='ocrx_word' id='word_1_8' title='bbox 273 328 324 353; x_wconf 89' lang='lat' dir='ltr'>ac</span> <span class='ocrx_word' id='word_1_9' title='bbox 344 314 457 352; x_wconf 85' lang='lat' dir='ltr'>tueri</span> <span class='ocrx_word' id='word_1_10' title='bbox 481 314 536 352; x_wconf 89' lang='lat' dir='ltr'>ob</span> <span class='ocrx_word' id='word_1_11' title='bbox 553 313 716 352; x_wconf 84' lang='lat' dir='ltr'>Christi</span> <span class='ocrx_word' id='word_1_12' title='bbox 737 325 932 351; x_wconf 86' lang='lat' dir='ltr'>amorem</span> <span class='ocrx_word' id='word_1_13' title='bbox 954 326 1004 352; x_wconf 89' lang='lat' dir='ltr'>ac</span> <span class='ocrx_word' id='word_1_14' title='bbox 1026 314 1323 363; x_wconf 80' lang='lat' dir='ltr'>proximorum</span> <span class='ocrx_word' id='word_1_15' title='bbox 1342 315 1525 351; x_wconf 74' lang='lat' dir='ltr'>salutem</span> <span class='ocrx_word' id='word_1_16' title='bbox 1548 320 1695 351; x_wconf 78' lang='lat' dir='ltr'>tenea-</span> 
     </span>
     <span class='ocr_line' id='line_1_3' title="bbox 71 384 1696 437; baseline -0.004 -10"><span class='ocrx_word' id='word_1_17' title='bbox 71 388 296 437; x_wconf 76' lang='lat' dir='ltr'>mur,[)lzts</span> <span class='ocrx_word' id='word_1_18' title='bbox 316 385 418 423; x_wconf 88' lang='lat' dir='ltr'>satis</span> <span class='ocrx_word' id='word_1_19' title='bbox 443 385 536 423; x_wconf 73' lang='lat' dir='ltr'>iam</span> <span class='ocrx_word' id='word_1_20' title='bbox 559 397 613 423; x_wconf 84' lang='lat' dir='ltr'>ex</span> <span class='ocrx_word' id='word_1_21' title='bbox 639 384 731 423; x_wconf 88' lang='lat' dir='ltr'>eius</span> <span class='ocrx_word' id='word_1_22' title='bbox 753 385 984 436; x_wconf 87' lang='lat' dir='ltr'>colloquijs</span> <span class='ocrx_word' id='word_1_23' title='bbox 1017 391 1060 422; x_wconf 92' lang='lat' dir='ltr'>et</span> <span class='ocrx_word' id='word_1_24' title='bbox 1092 385 1472 423; x_wconf 81' lang='lat' dir='ltr'>exhortationibus</span> <span class='ocrx_word' id='word_1_25' title='bbox 1504 397 1696 435; x_wconf 79' lang='lat' dir='ltr'>agnoue-</span> 
     </span>
     <span class='ocr_line' id='line_1_4' title="bbox 71 461 213 498; baseline -0.014 0"><span class='ocrx_word' id='word_1_26' title='bbox 71 461 213 498; x_wconf 85' lang='lat' dir='ltr'>rimus.</span> 
     </span>
    </p>

    <p class='ocr_par' dir='ltr' id='par_1_3' title="bbox 71 528 1701 1444">
     <span class='ocr_line' id='line_1_5' title="bbox 120 528 1697 580; baseline -0.003 -11"><span class='ocrx_word' id='word_1_27' title='bbox 120 532 158 569; x_wconf 77' lang='grc' dir='ltr'>ὁ.</span> <span class='ocrx_word' id='word_1_28' title='bbox 220 532 455 580; x_wconf 84' lang='lat' dir='ltr'>Postquam</span> <span class='ocrx_word' id='word_1_29' title='bbox 477 533 625 566; x_wconf 88' lang='lat' dir='ltr'>autem</span> <span class='ocrx_word' id='word_1_30' title='bbox 646 528 693 565; x_wconf 82' lang='lat' dir='ltr'>P.</span> <span class='ocrx_word' id='word_1_31' title='bbox 717 532 863 565; x_wconf 85' lang='lat' dir='ltr'>rector</span> <span class='ocrx_word' id='word_1_32' title='bbox 885 528 969 565; x_wconf 89' lang='lat' dir='ltr'>huc</span> <span class='ocrx_word' id='word_1_33' title='bbox 991 529 1168 578; x_wconf 84' lang='lat' dir='ltr'>appulit,</span> <span class='ocrx_word' id='word_1_34' title='bbox 1193 540 1436 578; x_wconf 79' lang='lat' dir='ltr'>quanquam</span> <span class='ocrx_word' id='word_1_35' title='bbox 1459 528 1501 565; x_wconf 90' lang='lat' dir='ltr'>in</span> <span class='ocrx_word' id='word_1_36' title='bbox 1537 529 1697 565; x_wconf 73' lang='lat' dir='ltr'>multos</span> 
     </span>
     <span class='ocr_line' id='line_1_6' title="bbox 71 599 1697 653; baseline -0.003 -12"><span class='ocrx_word' id='word_1_37' title='bbox 71 601 265 653; x_wconf 75' lang='lat' dir='ltr'>quotidie</span> <span class='ocrx_word' id='word_1_38' title='bbox 288 613 465 652; x_wconf 78' lang='lat' dir='ltr'>operam</span> <span class='ocrx_word' id='word_1_39' title='bbox 489 604 533 637; x_wconf 88' lang='lat' dir='ltr'>et</span> <span class='ocrx_word' id='word_1_40' title='bbox 555 599 759 637; x_wconf 86' lang='lat' dir='ltr'>auxilium</span> <span class='ocrx_word' id='word_1_41' title='bbox 799 612 922 637; x_wconf 84' lang='lat' dir='ltr'>suum</span> <span class='ocrx_word' id='word_1_42' title='bbox 945 599 1147 637; x_wconf 80' lang='lat' dir='ltr'>conferre</span> <span class='ocrx_word' id='word_1_43' title='bbox 1170 599 1330 636; x_wconf 84' lang='lat' dir='ltr'>nitatur</span> <span class='ocrx_word' id='word_1_44' title='bbox 1351 600 1384 645; x_wconf 73' lang='lat'>²¹,</span> <span class='ocrx_word' id='word_1_45' title='bbox 1410 599 1697 649; x_wconf 84' lang='lat' dir='ltr'>omnibusque</span> 
     </span>
     <span class='ocr_line' id='line_1_7' title="bbox 71 669 1699 723; baseline -0.004 -9"><span class='ocrx_word' id='word_1_46' title='bbox 71 688 120 714; x_wconf 87' lang='lat' dir='ltr'>ac</span> <span class='ocrx_word' id='word_1_47' title='bbox 140 672 266 713; x_wconf 86' lang='lat' dir='ltr'>nobis</span> <span class='ocrx_word' id='word_1_48' title='bbox 287 671 329 710; x_wconf 92' lang='lat' dir='ltr'>in</span> <span class='ocrx_word' id='word_1_49' title='bbox 350 670 512 723; x_wconf 88' lang='lat' dir='ltr'>primis,</span> <span class='ocrx_word' id='word_1_50' title='bbox 536 669 682 721; x_wconf 87' lang='lat' dir='ltr'>quoad</span> <span class='ocrx_word' id='word_1_51' title='bbox 705 670 798 708; x_wconf 90' lang='lat' dir='ltr'>eius</span> <span class='ocrx_word' id='word_1_52' title='bbox 820 670 915 708; x_wconf 89' lang='lat' dir='ltr'>fieri</span> <span class='ocrx_word' id='word_1_53' title='bbox 935 674 1098 720; x_wconf 84' lang='lat' dir='ltr'>potest,</span> <span class='ocrx_word' id='word_1_54' title='bbox 1124 670 1337 721; x_wconf 76' lang='lat' dir='ltr'><strong>prodesse</strong></span> <span class='ocrx_word' id='word_1_55' title='bbox 1375 675 1576 714; x_wconf 73' lang='lat' dir='ltr'>conetur3</span> <span class='ocrx_word' id='word_1_56' title='bbox 1614 671 1699 707; x_wconf 85' lang='lat' dir='ltr'>hoc</span> 
     </span>
     <span class='ocr_line' id='line_1_8' title="bbox 71 740 1698 795; baseline -0.004 -11"><span class='ocrx_word' id='word_1_57' title='bbox 71 752 215 784; x_wconf 89' lang='lat' dir='ltr'>tamen</span> <span class='ocrx_word' id='word_1_58' title='bbox 236 750 437 795; x_wconf 87' lang='lat' dir='ltr'>tempore</span> <span class='ocrx_word' id='word_1_59' title='bbox 458 741 502 780; x_wconf 89' lang='lat' dir='ltr'>id</span> <span class='ocrx_word' id='word_1_60' title='bbox 524 746 646 779; x_wconf 80' lang='lat' dir='ltr'>curat</span> <span class='ocrx_word' id='word_1_61' title='bbox 668 740 919 792; x_wconf 82' lang='lat' dir='ltr'>diligenter,</span> <span class='ocrx_word' id='word_1_62' title='bbox 944 747 995 779; x_wconf 91' lang='lat' dir='ltr'>ut</span> <span class='ocrx_word' id='word_1_63' title='bbox 1030 754 1206 792; x_wconf 90' lang='lat' dir='ltr'>quoquo</span> <span class='ocrx_word' id='word_1_64' title='bbox 1239 746 1366 792; x_wconf 82' lang='lat' dir='ltr'>pacto</span> <span class='ocrx_word' id='word_1_65' title='bbox 1404 742 1499 779; x_wconf 84' lang='lat' dir='ltr'>fieri</span> <span class='ocrx_word' id='word_1_66' title='bbox 1535 741 1698 791; x_wconf 82' lang='lat' dir='ltr'>optime</span> 
     </span>
     <span class='ocr_line' id='line_1_9' title="bbox 71 812 1698 870; baseline -0.005 -13"><span class='ocrx_word' id='word_1_67' title='bbox 71 823 214 870; x_wconf 83' lang='lat' dir='ltr'>queat,</span> <span class='ocrx_word' id='word_1_68' title='bbox 238 815 390 866; x_wconf 84' lang='lat' dir='ltr'>inclyti</span> <span class='ocrx_word' id='word_1_69' title='bbox 411 814 679 852; x_wconf 70' lang='lat' dir='ltr'>serenissimi</span> <span class='ocrx_word' id='word_1_70' title='bbox 700 813 818 865; x_wconf 86' lang='lat' dir='ltr'>regis</span> <span class='ocrx_word' id='word_1_71' title='bbox 842 813 1121 851; x_wconf 75' lang='lat' dir='ltr'>Maximiliani</span> <span class='ocrx_word' id='word_1_72' title='bbox 1142 813 1215 862; x_wconf 85' lang='lat' dir='ltr'>filij</span> <span class='ocrx_word' id='word_1_73' title='bbox 1239 813 1461 859; x_wconf 60' lang='lat' dir='ltr'>iuuentus,</span> <span class='ocrx_word' id='word_1_74' title='bbox 1493 826 1620 862; x_wconf 86' lang='lat' dir='ltr'>quam</span> <span class='ocrx_word' id='word_1_75' title='bbox 1643 812 1698 850; x_wconf 80' lang='lat' dir='ltr'>ob</span> 
     </span>
     <span class='ocr_line' id='line_1_10' title="bbox 72 884 1699 941; baseline -0.004 -13"><span class='ocrx_word' id='word_1_76' title='bbox 72 904 160 929; x_wconf 86' lang='lat' dir='ltr'>rem</span> <span class='ocrx_word' id='word_1_77' title='bbox 180 888 409 941; x_wconf 89' lang='lat' dir='ltr'>plurimum</span> <span class='ocrx_word' id='word_1_78' title='bbox 429 886 573 937; x_wconf 89' lang='lat' dir='ltr'>operis</span> <span class='ocrx_word' id='word_1_79' title='bbox 596 885 790 932; x_wconf 82' lang='lat' dir='ltr'>adhibet,</span> <span class='ocrx_word' id='word_1_80' title='bbox 811 890 857 923; x_wconf 84' lang='lat' dir='ltr'>ut</span> <span class='ocrx_word' id='word_1_81' title='bbox 879 884 1125 923; x_wconf 90' lang='lat' dir='ltr'>inueniatur</span> <span class='ocrx_word' id='word_1_82' title='bbox 1149 884 1423 936; x_wconf 82' lang='lat' dir='ltr'>eligaturque</span> <span class='ocrx_word' id='word_1_83' title='bbox 1444 884 1536 922; x_wconf 90' lang='lat' dir='ltr'>eius</span> <span class='ocrx_word' id='word_1_84' title='bbox 1556 885 1699 935; x_wconf 88' lang='lat' dir='ltr'>probi-</span> 
     </span>
     <span class='ocr_line' id='line_1_11' title="bbox 72 957 1699 1008; baseline -0.006 -7"><span class='ocrx_word' id='word_1_85' title='bbox 72 961 170 1001; x_wconf 84' lang='lat' dir='ltr'>tatis</span> <span class='ocrx_word' id='word_1_86' title='bbox 191 972 240 999; x_wconf 91' lang='lat' dir='ltr'>ac</span> <span class='ocrx_word' id='word_1_87' title='bbox 262 959 491 998; x_wconf 87' lang='lat' dir='ltr'>doctrinae</span> <span class='ocrx_word' id='word_1_88' title='bbox 512 961 777 1008; x_wconf 82' lang='lat' dir='ltr'>praeceptor</span> <span class='ocrx_word' id='word_1_89' title='bbox 800 957 953 1007; x_wconf 84' lang='lat' dir='ltr'>aliquis</span> <span class='ocrx_word' id='word_1_90' title='bbox 975 957 1047 1008; x_wconf 87' lang='lat' dir='ltr'>qui</span> <span class='ocrx_word' id='word_1_91' title='bbox 1082 957 1194 1004; x_wconf 86' lang='lat' dir='ltr'>illos,</span> <span class='ocrx_word' id='word_1_92' title='bbox 1219 969 1316 994; x_wconf 90' lang='lat' dir='ltr'>curn</span> <span class='ocrx_word' id='word_1_93' title='bbox 1337 957 1380 994; x_wconf 91' lang='lat' dir='ltr'>in</span> <span class='ocrx_word' id='word_1_94' title='bbox 1402 969 1507 994; x_wconf 85' lang='lat' dir='ltr'>uera</span> <span class='ocrx_word' id='word_1_95' title='bbox 1529 960 1572 993; x_wconf 86' lang='lat' dir='ltr'>et</span> <span class='ocrx_word' id='word_1_96' title='bbox 1603 969 1699 1005; x_wconf 75' lang='lat' dir='ltr'>syn-</span> 
     </span>
     <span class='ocr_line' id='line_1_12' title="bbox 72 1028 1698 1079; baseline -0.005 -6"><span class='ocrx_word' id='word_1_97' title='bbox 72 1045 172 1073; x_wconf 91' lang='lat' dir='ltr'>cera</span> <span class='ocrx_word' id='word_1_98' title='bbox 192 1031 278 1070; x_wconf 87' lang='lat' dir='ltr'>fide</span> <span class='ocrx_word' id='word_1_99' title='bbox 307 1030 524 1068; x_wconf 84' lang='lat' dir='ltr'>catholica</span> <span class='ocrx_word' id='word_1_100' title='bbox 537 1029 572 1076; x_wconf 80' lang='lat' dir='ltr'>b,</span> <span class='ocrx_word' id='word_1_101' title='bbox 592 1033 683 1067; x_wconf 92' lang='lat' dir='ltr'>tum</span> <span class='ocrx_word' id='word_1_102' title='bbox 716 1028 991 1079; x_wconf 88' lang='lat' dir='ltr'>potissimum</span> <span class='ocrx_word' id='word_1_103' title='bbox 1014 1028 1056 1066; x_wconf 88' lang='lat' dir='ltr'>in</span> <span class='ocrx_word' id='word_1_104' title='bbox 1077 1029 1218 1075; x_wconf 88' lang='lat' dir='ltr'>bonis,</span> <span class='ocrx_word' id='word_1_105' title='bbox 1252 1028 1466 1075; x_wconf 81' lang='lat' dir='ltr'>honestis,</span> <span class='ocrx_word' id='word_1_106' title='bbox 1505 1028 1698 1066; x_wconf 88' lang='lat' dir='ltr'>christia-</span> 
     </span>
     <span class='ocr_line' id='line_1_13' title="bbox 72 1099 1698 1155; baseline -0.005 -11"><span class='ocrx_word' id='word_1_107' title='bbox 72 1105 221 1155; x_wconf 90' lang='lat' dir='ltr'>nisque</span> <span class='ocrx_word' id='word_1_108' title='bbox 244 1103 436 1141; x_wconf 90' lang='lat' dir='ltr'>moribus</span> <span class='ocrx_word' id='word_1_109' title='bbox 458 1102 657 1139; x_wconf 86' lang='lat' dir='ltr'>instruat.</span> <span class='ocrx_word' id='word_1_110' title='bbox 683 1099 983 1150; x_wconf 88' lang='lat' dir='ltr'>Curatumque</span> <span class='ocrx_word' id='word_1_111' title='bbox 1005 1113 1082 1151; x_wconf 86' lang='lat' dir='ltr'>pro</span> <span class='ocrx_word' id='word_1_112' title='bbox 1106 1100 1218 1138; x_wconf 88' lang='lat' dir='ltr'>uirili</span> <span class='ocrx_word' id='word_1_113' title='bbox 1253 1105 1376 1150; x_wconf 87' lang='lat' dir='ltr'>parte</span> <span class='ocrx_word' id='word_1_114' title='bbox 1409 1105 1490 1145; x_wconf 89' lang='lat' dir='ltr'>est,</span> <span class='ocrx_word' id='word_1_115' title='bbox 1522 1112 1578 1137; x_wconf 92' lang='lat' dir='ltr'>ne</span> <span class='ocrx_word' id='word_1_116' title='bbox 1613 1111 1698 1137; x_wconf 84' lang='lat' dir='ltr'>rna-</span> 
     </span>
     <span class='ocr_line' id='line_1_14' title="bbox 71 1170 1697 1228; baseline -0.004 -14"><span class='ocrx_word' id='word_1_117' title='bbox 71 1178 205 1228; x_wconf 87' lang='lat' dir='ltr'>gister</span> <span class='ocrx_word' id='word_1_118' title='bbox 226 1174 399 1226; x_wconf 89' lang='lat' dir='ltr'>quidam</span> <span class='ocrx_word' id='word_1_119' title='bbox 423 1172 515 1211; x_wconf 90' lang='lat' dir='ltr'>eius</span> <span class='ocrx_word' id='word_1_120' title='bbox 546 1172 608 1210; x_wconf 87' lang='lat' dir='ltr'>rei</span> <span class='ocrx_word' id='word_1_121' title='bbox 639 1170 919 1222; x_wconf 79' lang='lat' dir='ltr'>percupidus,</span> <span class='ocrx_word' id='word_1_122' title='bbox 942 1170 1118 1222; x_wconf 87' lang='lat' dir='ltr'>fideque</span> <span class='ocrx_word' id='word_1_123' title='bbox 1140 1184 1290 1222; x_wconf 84' lang='lat' dir='ltr'>parum</span> <span class='ocrx_word' id='word_1_124' title='bbox 1312 1183 1522 1221; x_wconf 83' lang='lat' dir='ltr'>syncerus</span> <span class='ocrx_word' id='word_1_125' title='bbox 1544 1171 1697 1220; x_wconf 86' lang='lat' dir='ltr'>(multo</span> 
     </span>
     <span class='ocr_line' id='line_1_15' title="bbox 72 1241 1700 1301; baseline -0.005 -14"><span class='ocrx_word' id='word_1_126' title='bbox 72 1247 265 1301; x_wconf 89' lang='lat' dir='ltr'>quamuis</span> <span class='ocrx_word' id='word_1_127' title='bbox 290 1247 443 1285; x_wconf 79' lang='lat' dir='ltr'>fauore</span> <span class='ocrx_word' id='word_1_128' title='bbox 464 1244 507 1283; x_wconf 90' lang='lat' dir='ltr'>id</span> <span class='ocrx_word' id='word_1_129' title='bbox 528 1243 614 1282; x_wconf 89' lang='lat' dir='ltr'>loci</span> <span class='ocrx_word' id='word_1_130' title='bbox 635 1249 708 1282; x_wconf 89' lang='lat' dir='ltr'>aut</span> <span class='ocrx_word' id='word_1_131' title='bbox 731 1243 862 1292; x_wconf 86' lang='lat' dir='ltr'>officij</span> <span class='ocrx_word' id='word_1_132' title='bbox 887 1242 1051 1281; x_wconf 85' lang='lat' dir='ltr'>ambire</span> <span class='ocrx_word' id='word_1_133' title='bbox 1074 1242 1307 1292; x_wconf 85' lang='lat' dir='ltr'>uideatur),</span> <span class='ocrx_word' id='word_1_134' title='bbox 1333 1243 1386 1282; x_wconf 90' lang='lat' dir='ltr'>ad</span> <span class='ocrx_word' id='word_1_135' title='bbox 1417 1241 1520 1281; x_wconf 89' lang='lat' dir='ltr'>illud</span> <span class='ocrx_word' id='word_1_136' title='bbox 1555 1249 1700 1281; x_wconf 87' lang='lat' dir='ltr'>tamen</span> 
     </span>
     <span class='ocr_line' id='line_1_16' title="bbox 74 1314 1701 1366; baseline -0.005 -6"><span class='ocrx_word' id='word_1_137' title='bbox 74 1320 267 1361; x_wconf 86' lang='lat' dir='ltr'>culminis</span> <span class='ocrx_word' id='word_1_138' title='bbox 285 1331 382 1357; x_wconf 89' lang='lat' dir='ltr'>cum</span> <span class='ocrx_word' id='word_1_139' title='bbox 403 1323 524 1356; x_wconf 89' lang='lat' dir='ltr'>tanto</span> <span class='ocrx_word' id='word_1_140' title='bbox 541 1316 654 1355; x_wconf 88' lang='lat' dir='ltr'>illius</span> <span class='ocrx_word' id='word_1_141' title='bbox 676 1315 868 1353; x_wconf 80' lang='lat' dir='ltr'>tenellae</span> <span class='ocrx_word' id='word_1_142' title='bbox 885 1314 1165 1366; x_wconf 86' lang='lat' dir='ltr'>plantationis</span> <span class='ocrx_word' id='word_1_143' title='bbox 1186 1316 1381 1366; x_wconf 85' lang='lat' dir='ltr'>periculo</span> <span class='ocrx_word' id='word_1_144' title='bbox 1400 1328 1451 1354; x_wconf 89' lang='lat' dir='ltr'>ac</span> <span class='ocrx_word' id='word_1_145' title='bbox 1468 1314 1701 1353; x_wconf 89' lang='lat' dir='ltr'>detrimen-</span> 
     </span>
     <span class='ocr_line' id='line_1_17' title="bbox 73 1388 712 1444; baseline -0.013 -12"><span class='ocrx_word' id='word_1_146' title='bbox 73 1398 117 1432; x_wconf 93' lang='lat' dir='ltr'>to</span> <span class='ocrx_word' id='word_1_147' title='bbox 138 1392 393 1444; x_wconf 85' lang='lat' dir='ltr'>pertingere</span> <span class='ocrx_word' id='word_1_148' title='bbox 414 1388 543 1428; x_wconf 87' lang='lat' dir='ltr'>facile</span> <span class='ocrx_word' id='word_1_149' title='bbox 565 1391 712 1438; x_wconf 86' lang='lat' dir='ltr'>queat.</span> 
     </span>
    </p>

    <p class='ocr_par' dir='ltr' id='par_1_4' title="bbox 35 1458 1710 2874">
     <span class='ocr_line' id='line_1_18' title="bbox 124 1458 1702 1513; baseline -0.003 -11"><span class='ocrx_word' id='word_1_150' title='bbox 124 1475 161 1513; x_wconf 91' lang='lat'>7.</span> <span class='ocrx_word' id='word_1_151' title='bbox 229 1463 371 1501; x_wconf 70' lang='lat' dir='ltr'>Tanto</span> <span class='ocrx_word' id='word_1_152' title='bbox 392 1464 625 1512; x_wconf 85' lang='lat' dir='ltr'>praeterea</span> <span class='ocrx_word' id='word_1_153' title='bbox 645 1465 663 1484; x_wconf 84' lang='lat' dir='ltr'>e</span> <span class='ocrx_word' id='word_1_154' title='bbox 684 1470 782 1497; x_wconf 90' lang='lat' dir='ltr'>cum</span> <span class='ocrx_word' id='word_1_155' title='bbox 804 1458 949 1497; x_wconf 85' lang='lat' dir='ltr'>fructu</span> <span class='ocrx_word' id='word_1_156' title='bbox 967 1459 1206 1497; x_wconf 83' lang='lat' dir='ltr'>conciones</span> <span class='ocrx_word' id='word_1_157' title='bbox 1229 1472 1381 1498; x_wconf 84' lang='lat' dir='ltr'>sacrae</span> <span class='ocrx_word' id='word_1_158' title='bbox 1398 1465 1529 1508; x_wconf 88' lang='lat' dir='ltr'>atque</span> <span class='ocrx_word' id='word_1_159' title='bbox 1551 1460 1702 1497; x_wconf 88' lang='lat' dir='ltr'>lectio-</span> 
     </span>
     <span class='ocr_line' id='line_1_19' title="bbox 73 1529 1703 1583; baseline -0.005 -8"><span class='ocrx_word' id='word_1_160' title='bbox 73 1548 150 1575; x_wconf 89' lang='lat' dir='ltr'>nes</span> <span class='ocrx_word' id='word_1_161' title='bbox 170 1534 212 1573; x_wconf 93' lang='lat' dir='ltr'>in</span> <span class='ocrx_word' id='word_1_162' title='bbox 232 1538 384 1572; x_wconf 91' lang='lat' dir='ltr'>nostro</span> <span class='ocrx_word' id='word_1_163' title='bbox 407 1532 572 1583; x_wconf 88' lang='lat' dir='ltr'>templo</span> <span class='ocrx_word' id='word_1_164' title='bbox 597 1529 827 1568; x_wconf 82' lang='lat' dir='ltr'>dominicis</span> <span class='ocrx_word' id='word_1_165' title='bbox 848 1529 1064 1580; x_wconf 85' lang='lat' dir='ltr'>festisque</span> <span class='ocrx_word' id='word_1_166' title='bbox 1088 1529 1242 1569; x_wconf 83' lang='lat' dir='ltr'>diebus</span> <span class='ocrx_word' id='word_1_167' title='bbox 1265 1544 1288 1568; x_wconf 94' lang='lat' dir='ltr'>a</span> <span class='ocrx_word' id='word_1_168' title='bbox 1309 1531 1360 1569; x_wconf 89' lang='lat' dir='ltr'>D.</span> <span class='ocrx_word' id='word_1_169' title='bbox 1386 1531 1622 1568; x_wconf 82' lang='lat' dir='ltr'>Lamberto</span> <span class='ocrx_word' id='word_1_170' title='bbox 1660 1536 1703 1567; x_wconf 86' lang='lat' dir='ltr'>et</span> 
     </span>
     <span class='ocr_line' id='line_1_20' title="bbox 75 1601 1702 1652; baseline -0.004 -6"><span class='ocrx_word' id='word_1_171' title='bbox 75 1608 128 1646; x_wconf 93' lang='lat' dir='ltr'>M.</span> <span class='ocrx_word' id='word_1_172' title='bbox 151 1606 310 1646; x_wconf 89' lang='lat' dir='ltr'>Carolo</span> <span class='ocrx_word' id='word_1_173' title='bbox 333 1605 455 1644; x_wconf 89' lang='lat' dir='ltr'>Grim</span> <span class='ocrx_word' id='word_1_174' title='bbox 476 1604 599 1651; x_wconf 86' lang='lat' dir='ltr'>fiunt,</span> <span class='ocrx_word' id='word_1_175' title='bbox 626 1603 672 1640; x_wconf 68' lang='lat' dir='ltr'>zet</span> <span class='ocrx_word' id='word_1_176' title='bbox 703 1605 742 1643; x_wconf 73' lang='lat' dir='ltr'>et</span> <span class='ocrx_word' id='word_1_177' title='bbox 763 1601 949 1642; x_wconf 65' lang='lat' dir='ltr'>ecclesia</span> <span class='ocrx_word' id='word_1_178' title='bbox 980 1601 1080 1652; x_wconf 69' lang='lat' dir='ltr'>ipsa</span> <span class='ocrx_word' id='word_1_179' title='bbox 1112 1616 1165 1641; x_wconf 77' lang='lat' dir='ltr'>ac</span> <span class='ocrx_word' id='word_1_180' title='bbox 1196 1601 1388 1648; x_wconf 72' lang='lat' dir='ltr'>altaria,</span> <span class='ocrx_word' id='word_1_181' title='bbox 1423 1603 1541 1652; x_wconf 76' lang='lat' dir='ltr'>qnod</span> <span class='ocrx_word' id='word_1_182' title='bbox 1571 1601 1702 1640; x_wconf 78' lang='lat' dir='ltr'>mini-</span> 
     </span>
     <span class='ocr_line' id='line_1_21' title="bbox 75 1671 1704 1728; baseline -0.005 -10"><span class='ocrx_word' id='word_1_183' title='bbox 75 1691 195 1718; x_wconf 77' lang='lat' dir='ltr'>mum</span> <span class='ocrx_word' id='word_1_184' title='bbox 217 1679 294 1725; x_wconf 75' lang='lat' dir='ltr'>est,</span> <span class='ocrx_word' id='word_1_185' title='bbox 319 1690 456 1728; x_wconf 79' lang='lat' dir='ltr'>quam</span> <span class='ocrx_word' id='word_1_186' title='bbox 472 1677 692 1728; x_wconf 74' lang='lat' dir='ltr'>plurimis</span> <span class='ocrx_word' id='word_1_187' title='bbox 713 1675 999 1716; x_wconf 72' lang='lat' dir='ltr'>ornamentis</span> <span class='ocrx_word' id='word_1_188' title='bbox 1028 1673 1177 1713; x_wconf 71' lang='lat' dir='ltr'>sacris</span> <span class='ocrx_word' id='word_1_189' title='bbox 1208 1675 1492 1719; x_wconf 72' lang='lat' dir='ltr'>decorentur,</span> <span class='ocrx_word' id='word_1_190' title='bbox 1531 1675 1570 1712; x_wconf 75' lang='lat' dir='ltr'>et</span> <span class='ocrx_word' id='word_1_191' title='bbox 1600 1671 1704 1723; x_wconf 73' lang='lat' dir='ltr'>piac</span> 
     </span>
     <span class='ocr_line' id='line_1_22' title="bbox 75 1743 1704 1801; baseline -0.006 -11"><span class='ocrx_word' id='word_1_192' title='bbox 75 1750 261 1790; x_wconf 76' lang='lat' dir='ltr'>illorum</span> <span class='ocrx_word' id='word_1_193' title='bbox 279 1748 358 1800; x_wconf 78' lang='lat' dir='ltr'>qui</span> <span class='ocrx_word' id='word_1_194' title='bbox 377 1751 437 1788; x_wconf 82' lang='lat' dir='ltr'>ad</span> <span class='ocrx_word' id='word_1_195' title='bbox 453 1762 552 1788; x_wconf 80' lang='lat' dir='ltr'>eam</span> <span class='ocrx_word' id='word_1_196' title='bbox 570 1749 819 1801; x_wconf 70' lang='lat' dir='ltr'>confluunt,</span> <span class='ocrx_word' id='word_1_197' title='bbox 840 1747 1020 1786; x_wconf 75' lang='lat' dir='ltr'>animae</span> <span class='ocrx_word' id='word_1_198' title='bbox 1043 1744 1342 1796; x_wconf 68' lang='lat' dir='ltr'>amplissimis</span> <span class='ocrx_word' id='word_1_199' title='bbox 1366 1743 1616 1783; x_wconf 60' lang='lat' dir='ltr'>uirtutibus</span> <span class='ocrx_word' id='word_1_200' title='bbox 1633 1756 1704 1782; x_wconf 86' lang='lat' dir='ltr'>or-</span> 
     </span>
     <span class='ocr_line' id='line_1_23' title="bbox 75 1815 1705 1871; baseline -0.006 -10"><span class='ocrx_word' id='word_1_201' title='bbox 75 1824 252 1869; x_wconf 77' lang='lat' dir='ltr'>nentur,</span> <span class='ocrx_word' id='word_1_202' title='bbox 275 1833 425 1871; x_wconf 76' lang='lat' dir='ltr'>eoque,</span> <span class='ocrx_word' id='word_1_203' title='bbox 450 1820 544 1859; x_wconf 81' lang='lat' dir='ltr'>Deo</span> <span class='ocrx_word' id='word_1_204' title='bbox 567 1823 658 1871; x_wconf 69' lang='lat' dir='ltr'>opt.</span> <span class='ocrx_word' id='word_1_205' title='bbox 683 1821 805 1859; x_wconf 79' lang='lat' dir='ltr'>Max.</span> <span class='ocrx_word' id='word_1_206' title='bbox 831 1820 949 1865; x_wconf 74' lang='lat' dir='ltr'>laus,</span> <span class='ocrx_word' id='word_1_207' title='bbox 978 1819 1159 1857; x_wconf 77' lang='lat' dir='ltr'>uentum</span> <span class='ocrx_word' id='word_1_208' title='bbox 1181 1818 1257 1863; x_wconf 68' lang='lat' dir='ltr'>est,</span> <span class='ocrx_word' id='word_1_209' title='bbox 1291 1821 1337 1854; x_wconf 90' lang='lat' dir='ltr'>ut</span> <span class='ocrx_word' id='word_1_210' title='bbox 1372 1829 1460 1854; x_wconf 93' lang='lat' dir='ltr'>non</span> <span class='ocrx_word' id='word_1_211' title='bbox 1490 1815 1630 1854; x_wconf 89' lang='lat' dir='ltr'>solum</span> <span class='ocrx_word' id='word_1_212' title='bbox 1665 1816 1705 1853; x_wconf 75' lang='lat' dir='ltr'>et</span> 
     </span>
     <span class='ocr_line' id='line_1_24' title="bbox 35 1887 1705 1941; baseline -0.005 -9"><span class='ocrx_word' id='word_1_213' title='bbox 35 1907 38 1910; x_wconf 76' lang='grc'><strong>’</strong></span> <span class='ocrx_word' id='word_1_214' title='bbox 75 1905 270 1940; x_wconf 91' lang='lat' dir='ltr'>numero,</span> <span class='ocrx_word' id='word_1_215' title='bbox 296 1897 339 1930; x_wconf 88' lang='lat' dir='ltr'>et</span> <span class='ocrx_word' id='word_1_216' title='bbox 355 1891 601 1939; x_wconf 88' lang='lat' dir='ltr'>nobilitate,</span> <span class='ocrx_word' id='word_1_217' title='bbox 628 1897 671 1930; x_wconf 89' lang='lat' dir='ltr'>et</span> <span class='ocrx_word' id='word_1_218' title='bbox 693 1891 909 1938; x_wconf 75' lang='lat' dir='ltr'>doctrina,</span> <span class='ocrx_word' id='word_1_219' title='bbox 933 1890 1011 1929; x_wconf 92' lang='lat' dir='ltr'>sed</span> <span class='ocrx_word' id='word_1_220' title='bbox 1031 1890 1198 1941; x_wconf 88' lang='lat' dir='ltr'>pietate</span> <span class='ocrx_word' id='word_1_221' title='bbox 1218 1889 1363 1934; x_wconf 86' lang='lat' dir='ltr'>etiam,</span> <span class='ocrx_word' id='word_1_222' title='bbox 1388 1894 1435 1926; x_wconf 91' lang='lat' dir='ltr'>ut</span> <span class='ocrx_word' id='word_1_223' title='bbox 1453 1901 1550 1926; x_wconf 89' lang='lat' dir='ltr'>cum</span> <span class='ocrx_word' id='word_1_224' title='bbox 1573 1887 1705 1925; x_wconf 78' lang='lat' dir='ltr'>maxi-</span> 
     </span>
     <span class='ocr_line' id='line_1_25' title="bbox 76 1959 1704 2016; baseline -0.004 -13"><span class='ocrx_word' id='word_1_225' title='bbox 76 1977 143 2003; x_wconf 90' lang='lat' dir='ltr'>me</span> <span class='ocrx_word' id='word_1_226' title='bbox 163 1964 384 2016; x_wconf 85' lang='lat' dir='ltr'>singulari,</span> <span class='ocrx_word' id='word_1_227' title='bbox 410 1964 684 2002; x_wconf 81' lang='lat' dir='ltr'>excelentior</span> <span class='ocrx_word' id='word_1_228' title='bbox 713 1964 766 2002; x_wconf 85' lang='lat' dir='ltr'>sit</span> <span class='ocrx_word' id='word_1_229' title='bbox 794 1976 922 2014; x_wconf 91' lang='lat' dir='ltr'>quam</span> <span class='ocrx_word' id='word_1_230' title='bbox 944 1962 1131 2000; x_wconf 87' lang='lat' dir='ltr'>antehac</span> <span class='ocrx_word' id='word_1_231' title='bbox 1152 1973 1339 2010; x_wconf 86' lang='lat' dir='ltr'>unquam</span> <span class='ocrx_word' id='word_1_232' title='bbox 1356 1959 1603 1998; x_wconf 84' lang='lat' dir='ltr'>auditorum</span> <span class='ocrx_word' id='word_1_233' title='bbox 1620 1959 1704 1997; x_wconf 75' lang='lat' dir='ltr'>tre-</span> 
     </span>
     <span class='ocr_line' id='line_1_26' title="bbox 76 2032 1705 2088; baseline -0.004 -13"><span class='ocrx_word' id='word_1_234' title='bbox 76 2037 265 2088; x_wconf 90' lang='lat' dir='ltr'>quentia,</span> <span class='ocrx_word' id='word_1_235' title='bbox 290 2037 338 2074; x_wconf 77' lang='lat' dir='ltr'>ut</span> <span class='ocrx_word' id='word_1_236' title='bbox 368 2036 388 2061; x_wconf 74' lang='lat' dir='ltr'>d</span> <span class='ocrx_word' id='word_1_237' title='bbox 408 2035 492 2074; x_wconf 89' lang='lat' dir='ltr'>iam</span> <span class='ocrx_word' id='word_1_238' title='bbox 513 2035 686 2074; x_wconf 88' lang='lat' dir='ltr'>nobiles</span> <span class='ocrx_word' id='word_1_239' title='bbox 708 2047 883 2086; x_wconf 90' lang='lat' dir='ltr'>quoque</span> <span class='ocrx_word' id='word_1_240' title='bbox 905 2039 1133 2072; x_wconf 87' lang='lat' dir='ltr'>matronae</span> <span class='ocrx_word' id='word_1_241' title='bbox 1164 2045 1215 2071; x_wconf 89' lang='lat' dir='ltr'>ac</span> <span class='ocrx_word' id='word_1_242' title='bbox 1245 2032 1475 2084; x_wconf 59' lang='lat' dir='ltr'>primariae</span> <span class='ocrx_word' id='word_1_243' title='bbox 1497 2032 1642 2070; x_wconf 89' lang='lat' dir='ltr'>locum</span> <span class='ocrx_word' id='word_1_244' title='bbox 1664 2032 1705 2069; x_wconf 87' lang='lat' dir='ltr'>in</span> 
     </span>
     <span class='ocr_line' id='line_1_27' title="bbox 77 2103 1706 2159; baseline -0.004 -13"><span class='ocrx_word' id='word_1_245' title='bbox 77 2113 225 2147; x_wconf 88' lang='lat' dir='ltr'>nostro</span> <span class='ocrx_word' id='word_1_246' title='bbox 259 2107 424 2159; x_wconf 89' lang='lat' dir='ltr'>templo</span> <span class='ocrx_word' id='word_1_247' title='bbox 458 2107 675 2154; x_wconf 90' lang='lat' dir='ltr'>obtinere,</span> <span class='ocrx_word' id='word_1_248' title='bbox 709 2118 760 2145; x_wconf 89' lang='lat' dir='ltr'>ac</span> <span class='ocrx_word' id='word_1_249' title='bbox 794 2118 1105 2157; x_wconf 86' lang='lat' dir='ltr'>germanorum</span> <span class='ocrx_word' id='word_1_250' title='bbox 1140 2116 1277 2150; x_wconf 89' lang='lat' dir='ltr'>more,</span> <span class='ocrx_word' id='word_1_251' title='bbox 1309 2103 1486 2142; x_wconf 84' lang='lat' dir='ltr'>sedibus</span> <span class='ocrx_word' id='word_1_252' title='bbox 1519 2103 1706 2154; x_wconf 87' lang='lat' dir='ltr'>proprijs</span> 
     </span>
     <span class='ocr_line' id='line_1_28' title="bbox 79 2174 1705 2230; baseline -0.004 -11"><span class='ocrx_word' id='word_1_253' title='bbox 79 2180 308 2219; x_wconf 89' lang='lat' dir='ltr'>ecclesiam</span> <span class='ocrx_word' id='word_1_254' title='bbox 343 2191 499 2218; x_wconf 89' lang='lat' dir='ltr'>ornare</span> <span class='ocrx_word' id='word_1_255' title='bbox 533 2192 621 2217; x_wconf 91' lang='lat' dir='ltr'>non</span> <span class='ocrx_word' id='word_1_256' title='bbox 654 2191 806 2230; x_wconf 90' lang='lat' dir='ltr'>parum</span> <span class='ocrx_word' id='word_1_257' title='bbox 846 2176 934 2215; x_wconf 85' lang='lat' dir='ltr'>sint</span> <span class='ocrx_word' id='word_1_258' title='bbox 970 2184 987 2202; x_wconf 67' lang='grc' dir='ltr'>θ</span> <span class='ocrx_word' id='word_1_259' title='bbox 1023 2176 1253 2215; x_wconf 86' lang='lat' dir='ltr'>sollicitae.</span> <span class='ocrx_word' id='word_1_260' title='bbox 1286 2174 1705 2225; x_wconf 86' lang='lat' dir='ltr'>Frequentissimum</span> 
     </span>
     <span class='ocr_line' id='line_1_29' title="bbox 77 2247 1705 2304; baseline -0.004 -13"><span class='ocrx_word' id='word_1_261' title='bbox 77 2257 306 2304; x_wconf 88' lang='lat' dir='ltr'>praeterea</span> <span class='ocrx_word' id='word_1_262' title='bbox 325 2251 431 2290; x_wconf 89' lang='lat' dir='ltr'>illud</span> <span class='ocrx_word' id='word_1_263' title='bbox 453 2256 535 2299; x_wconf 89' lang='lat' dir='ltr'>est,</span> <span class='ocrx_word' id='word_1_264' title='bbox 559 2256 607 2289; x_wconf 94' lang='lat' dir='ltr'>ut</span> <span class='ocrx_word' id='word_1_265' title='bbox 627 2255 879 2290; x_wconf 89' lang='lat' dir='ltr'>nostrorum</span> <span class='ocrx_word' id='word_1_266' title='bbox 901 2249 1156 2296; x_wconf 79' lang='lat' dir='ltr'>conciones,</span> <span class='ocrx_word' id='word_1_267' title='bbox 1179 2261 1267 2286; x_wconf 91' lang='lat' dir='ltr'>non</span> <span class='ocrx_word' id='word_1_268' title='bbox 1288 2249 1330 2286; x_wconf 91' lang='lat' dir='ltr'>in</span> <span class='ocrx_word' id='word_1_269' title='bbox 1356 2247 1521 2298; x_wconf 90' lang='lat' dir='ltr'>templo</span> <span class='ocrx_word' id='word_1_270' title='bbox 1553 2253 1705 2285; x_wconf 88' lang='lat' dir='ltr'>nostro</span> 
     </span>
     <span class='ocr_line' id='line_1_30' title="bbox 79 2320 1707 2372; baseline -0.004 -9"><span class='ocrx_word' id='word_1_271' title='bbox 79 2324 230 2372; x_wconf 86' lang='lat' dir='ltr'>solum,</span> <span class='ocrx_word' id='word_1_272' title='bbox 253 2323 334 2362; x_wconf 86' lang='lat' dir='ltr'>sed</span> <span class='ocrx_word' id='word_1_273' title='bbox 366 2324 409 2362; x_wconf 90' lang='lat' dir='ltr'>in</span> <span class='ocrx_word' id='word_1_274' title='bbox 445 2323 646 2363; x_wconf 84' lang='lat' dir='ltr'>omnibus</span> <span class='ocrx_word' id='word_1_275' title='bbox 681 2322 776 2361; x_wconf 88' lang='lat' dir='ltr'>fere</span> <span class='ocrx_word' id='word_1_276' title='bbox 812 2321 1002 2360; x_wconf 89' lang='lat' dir='ltr'>ciuitatis</span> <span class='ocrx_word' id='word_1_277' title='bbox 1038 2320 1313 2372; x_wconf 86' lang='lat' dir='ltr'>amplissimis</span> <span class='ocrx_word' id='word_1_278' title='bbox 1347 2320 1538 2369; x_wconf 85' lang='lat' dir='ltr'>templis,</span> <span class='ocrx_word' id='word_1_279' title='bbox 1576 2324 1707 2370; x_wconf 88' lang='lat' dir='ltr'>atque</span> 
     </span>
     <span class='ocr_line' id='line_1_31' title="bbox 79 2388 1707 2446; baseline -0.005 -11"><span class='ocrx_word' id='word_1_280' title='bbox 79 2395 188 2434; x_wconf 88' lang='lat' dir='ltr'>adeo</span> <span class='ocrx_word' id='word_1_281' title='bbox 219 2395 262 2434; x_wconf 92' lang='lat' dir='ltr'>in</span> <span class='ocrx_word' id='word_1_282' title='bbox 289 2395 383 2446; x_wconf 88' lang='lat' dir='ltr'>ipsa</span> <span class='ocrx_word' id='word_1_283' title='bbox 413 2393 655 2434; x_wconf 85' lang='lat' dir='ltr'>cathedrali</span> <span class='ocrx_word' id='word_1_284' title='bbox 684 2394 749 2444; x_wconf 89' lang='lat' dir='ltr'>(ut</span> <span class='ocrx_word' id='word_1_285' title='bbox 778 2392 958 2443; x_wconf 87' lang='lat' dir='ltr'>uocant)</span> <span class='ocrx_word' id='word_1_286' title='bbox 999 2391 1203 2438; x_wconf 86' lang='lat' dir='ltr'>ecclesia,</span> <span class='ocrx_word' id='word_1_287' title='bbox 1238 2395 1281 2429; x_wconf 89' lang='lat' dir='ltr'>et</span> <span class='ocrx_word' id='word_1_288' title='bbox 1318 2390 1525 2442; x_wconf 88' lang='lat' dir='ltr'>permulti</span> <span class='ocrx_word' id='word_1_289' title='bbox 1558 2388 1707 2428; x_wconf 89' lang='lat' dir='ltr'>audire</span> 
     </span>
     <span class='ocr_line' id='line_1_32' title="bbox 81 2461 1709 2518; baseline -0.004 -13"><span class='ocrx_word' id='word_1_290' title='bbox 81 2466 266 2518; x_wconf 90' lang='lat' dir='ltr'>cupiant,</span> <span class='ocrx_word' id='word_1_291' title='bbox 301 2470 344 2505; x_wconf 88' lang='lat' dir='ltr'>et</span> <span class='ocrx_word' id='word_1_292' title='bbox 377 2466 592 2504; x_wconf 89' lang='lat' dir='ltr'>instanter</span> <span class='ocrx_word' id='word_1_293' title='bbox 627 2477 652 2503; x_wconf 89' lang='lat' dir='ltr'>a</span> <span class='ocrx_word' id='word_1_294' title='bbox 685 2465 812 2503; x_wconf 88' lang='lat' dir='ltr'>nobis</span> <span class='ocrx_word' id='word_1_295' title='bbox 842 2468 1009 2515; x_wconf 89' lang='lat' dir='ltr'>petant.</span> <span class='ocrx_word' id='word_1_296' title='bbox 1043 2463 1243 2514; x_wconf 86' lang='lat' dir='ltr'>Augetur</span> <span class='ocrx_word' id='word_1_297' title='bbox 1273 2461 1471 2513; x_wconf 88' lang='lat' dir='ltr'>quotidie</span> <span class='ocrx_word' id='word_1_298' title='bbox 1501 2473 1709 2499; x_wconf 89' lang='lat' dir='ltr'>numerus</span> 
     </span>
     <span class='ocr_line' id='line_1_33' title="bbox 82 2533 1708 2589; baseline -0.005 -11"><span class='ocrx_word' id='word_1_299' title='bbox 82 2539 395 2586; x_wconf 88' lang='lat' dir='ltr'>confitentium,</span> <span class='ocrx_word' id='word_1_300' title='bbox 419 2538 491 2589; x_wconf 89' lang='lat' dir='ltr'>qui</span> <span class='ocrx_word' id='word_1_301' title='bbox 511 2550 599 2576; x_wconf 93' lang='lat' dir='ltr'>non</span> <span class='ocrx_word' id='word_1_302' title='bbox 619 2537 761 2576; x_wconf 92' lang='lat' dir='ltr'>solum</span> <span class='ocrx_word' id='word_1_303' title='bbox 782 2537 825 2575; x_wconf 92' lang='lat' dir='ltr'>in</span> <span class='ocrx_word' id='word_1_304' title='bbox 847 2536 968 2585; x_wconf 88' lang='lat' dir='ltr'>ferijs</span> <span class='ocrx_word' id='word_1_305' title='bbox 991 2540 1034 2574; x_wconf 85' lang='lat' dir='ltr'>et</span> <span class='ocrx_word' id='word_1_306' title='bbox 1055 2535 1223 2586; x_wconf 90' lang='lat' dir='ltr'>magnis</span> <span class='ocrx_word' id='word_1_307' title='bbox 1245 2533 1597 2576; x_wconf 71' lang='lat' dir='ltr'>solennitatibus,</span> <span class='ocrx_word' id='word_1_308' title='bbox 1635 2544 1708 2571; x_wconf 88' lang='lat' dir='ltr'>ue-</span> 
     </span>
     <span class='ocr_line' id='line_1_34' title="bbox 81 2605 1708 2660; baseline -0.002 -13"><span class='ocrx_word' id='word_1_309' title='bbox 81 2622 172 2648; x_wconf 89' lang='lat' dir='ltr'>rum</span> <span class='ocrx_word' id='word_1_310' title='bbox 192 2611 324 2649; x_wconf 87' lang='lat' dir='ltr'>etiam</span> <span class='ocrx_word' id='word_1_311' title='bbox 345 2609 440 2659; x_wconf 89' lang='lat' dir='ltr'>alijs</span> <span class='ocrx_word' id='word_1_312' title='bbox 460 2620 785 2660; x_wconf 87' lang='lat' dir='ltr'>nonnumquam</span> <span class='ocrx_word' id='word_1_313' title='bbox 807 2606 977 2654; x_wconf 91' lang='lat' dir='ltr'>diebus,</span> <span class='ocrx_word' id='word_1_314' title='bbox 1001 2607 1114 2645; x_wconf 92' lang='lat' dir='ltr'>hanc</span> <span class='ocrx_word' id='word_1_315' title='bbox 1136 2607 1192 2645; x_wconf 89' lang='lat' dir='ltr'>ob</span> <span class='ocrx_word' id='word_1_316' title='bbox 1215 2618 1391 2645; x_wconf 90' lang='lat' dir='ltr'>causam</span> <span class='ocrx_word' id='word_1_317' title='bbox 1413 2605 1467 2644; x_wconf 88' lang='lat' dir='ltr'>ad</span> <span class='ocrx_word' id='word_1_318' title='bbox 1495 2617 1576 2644; x_wconf 89' lang='lat' dir='ltr'>nos</span> <span class='ocrx_word' id='word_1_319' title='bbox 1608 2616 1708 2643; x_wconf 92' lang='lat' dir='ltr'>con·</span> 
     </span>
     <span class='ocr_line' id='line_1_35' title="bbox 75 2677 1710 2732; baseline -0.003 -14"><span class='ocrx_word' id='word_1_320' title='bbox 75 2678 230 2729; x_wconf 85' lang='lat' dir='ltr'>¹fluunt,</span> <span class='ocrx_word' id='word_1_321' title='bbox 254 2681 414 2732; x_wconf 90' lang='lat' dir='ltr'>quique</span> <span class='ocrx_word' id='word_1_322' title='bbox 436 2680 618 2731; x_wconf 90' lang='lat' dir='ltr'>singulis</span> <span class='ocrx_word' id='word_1_323' title='bbox 638 2678 1004 2726; x_wconf 89' lang='lat' dir='ltr'>hebdomadibus,</span> <span class='ocrx_word' id='word_1_324' title='bbox 1028 2684 1101 2716; x_wconf 91' lang='lat' dir='ltr'>aut</span> <span class='ocrx_word' id='word_1_325' title='bbox 1134 2682 1289 2729; x_wconf 89' lang='lat' dir='ltr'>quarto</span> <span class='ocrx_word' id='word_1_326' title='bbox 1327 2677 1498 2715; x_wconf 91' lang='lat' dir='ltr'>decimo</span> <span class='ocrx_word' id='word_1_327' title='bbox 1533 2687 1710 2726; x_wconf 91' lang='lat' dir='ltr'>quoque</span> 
     </span>
     <span class='ocr_line' id='line_1_36' title="bbox 83 2747 1709 2802; baseline -0.004 -12"><span class='ocrx_word' id='word_1_328' title='bbox 83 2752 151 2792; x_wconf 88' lang='lat' dir='ltr'>die</span> <span class='ocrx_word' id='word_1_329' title='bbox 173 2752 487 2792; x_wconf 86' lang='lat' dir='ltr'>conscientiam</span> <span class='ocrx_word' id='word_1_330' title='bbox 508 2764 629 2790; x_wconf 89' lang='lat' dir='ltr'>suam</span> <span class='ocrx_word' id='word_1_331' title='bbox 649 2763 727 2802; x_wconf 89' lang='lat' dir='ltr'>per</span> <span class='ocrx_word' id='word_1_332' title='bbox 748 2756 1033 2802; x_wconf 86' lang='lat' dir='ltr'>peccatorum</span> <span class='ocrx_word' id='word_1_333' title='bbox 1061 2763 1239 2788; x_wconf 89' lang='lat' dir='ltr'>suorum</span> <span class='ocrx_word' id='word_1_334' title='bbox 1258 2747 1584 2787; x_wconf 85' lang='lat' dir='ltr'>confessionem</span> <span class='ocrx_word' id='word_1_335' title='bbox 1606 2759 1709 2785; x_wconf 86' lang='lat' dir='ltr'>exo-</span> 
     </span>
     <span class='ocr_line' id='line_1_37' title="bbox 83 2819 1710 2874; baseline -0.004 -11"><span class='ocrx_word' id='word_1_336' title='bbox 83 2830 248 2863; x_wconf 89' lang='lat' dir='ltr'>nerant.</span> <span class='ocrx_word' id='word_1_337' title='bbox 272 2824 478 2862; x_wconf 89' lang='lat' dir='ltr'>Mulieres</span> <span class='ocrx_word' id='word_1_338' title='bbox 498 2835 606 2862; x_wconf 92' lang='lat' dir='ltr'>uero</span> <span class='ocrx_word' id='word_1_339' title='bbox 627 2828 938 2874; x_wconf 85' lang='lat' dir='ltr'>praegnantes,</span> <span class='ocrx_word' id='word_1_340' title='bbox 964 2834 1060 2862; x_wconf 88' lang='lat' dir='ltr'>cum</span> <span class='ocrx_word' id='word_1_341' title='bbox 1083 2833 1131 2859; x_wconf 91' lang='lat' dir='ltr'>se</span> <span class='ocrx_word' id='word_1_342' title='bbox 1155 2833 1206 2859; x_wconf 92' lang='lat' dir='ltr'>ea</span> <span class='ocrx_word' id='word_1_343' title='bbox 1226 2833 1289 2868; x_wconf 90' lang='lat' dir='ltr'>re,</span> <span class='ocrx_word' id='word_1_344' title='bbox 1315 2820 1433 2870; x_wconf 92' lang='lat' dir='ltr'>quod</span> <span class='ocrx_word' id='word_1_345' title='bbox 1462 2819 1710 2870; x_wconf 88' lang='lat' dir='ltr'>pericliten-</span> 
     </span>
    </p>
   </div>
   <div class='ocr_carea' id='block_1_3' title="bbox 131 2968 1623 3070">
    <p class='ocr_par' dir='ltr' id='par_1_5' title="bbox 131 2968 1623 3070">
     <span class='ocr_line' id='line_1_38' title="bbox 131 2968 1623 3014; baseline -0.004 -5"><span class='ocrx_word' id='word_1_346' title='bbox 131 2972 151 2992; x_wconf 87' lang='lat' dir='ltr'>a</span> <span class='ocrx_word' id='word_1_347' title='bbox 200 2972 385 3010; x_wconf 82' lang='lat' dir='ltr'>Emend.</span> <span class='ocrx_word' id='word_1_348' title='bbox 407 2982 457 3009; x_wconf 88' lang='lat' dir='ltr'>ex</span> <span class='ocrx_word' id='word_1_349' title='bbox 475 2971 670 3008; x_wconf 83' lang='lat' dir='ltr'>nitantur.</span> <span class='ocrx_word' id='word_1_350' title='bbox 769 2972 789 2997; x_wconf 80' lang='lat' dir='ltr'>b</span> <span class='ocrx_word' id='word_1_351' title='bbox 812 2970 996 3008; x_wconf 81' lang='lat' dir='ltr'>Emend.</span> <span class='ocrx_word' id='word_1_352' title='bbox 1015 2980 1065 3007; x_wconf 87' lang='lat' dir='ltr'>ex</span> <span class='ocrx_word' id='word_1_353' title='bbox 1083 2968 1321 3006; x_wconf 77' lang='lat' dir='ltr'>chatholica.</span> <span class='ocrx_word' id='word_1_354' title='bbox 1376 2976 1441 2994; x_wconf 71' lang='grc' dir='ltr'>-ο</span> <span class='ocrx_word' id='word_1_355' title='bbox 1461 2979 1623 3014; x_wconf 87' lang='lat' dir='ltr'>magno.</span> 
     </span>
     <span class='ocr_line' id='line_1_39' title="bbox 133 3032 497 3070; baseline -0.008 0"><span class='ocrx_word' id='word_1_356' title='bbox 133 3032 153 3058; x_wconf 61' lang='grc' dir='ltr'>ἃ</span> <span class='ocrx_word' id='word_1_357' title='bbox 200 3036 254 3070; x_wconf 87' lang='lat' dir='ltr'>et.</span> <span class='ocrx_word' id='word_1_358' title='bbox 306 3039 372 3058; x_wconf 84' lang='lat'>—0</span> <span class='ocrx_word' id='word_1_359' title='bbox 391 3035 497 3069; x_wconf 81' lang='lat' dir='ltr'>sunt.</span> 
     </span>
    </p>
   </div>
  </div>
 </body>
</html>
