<?xml version="1.0" encoding="UTF-8"?>
<!DOCTYPE html PUBLIC "-//W3C//DTD XHTML 1.0 Transitional//EN"
    "http://www.w3.org/TR/xhtml1/DTD/xhtml1-transitional.dtd">
<html xmlns="http://www.w3.org/1999/xhtml" xml:lang="en" lang="en">
 <head>
  <title>
</title>
<meta http-equiv="Content-Type" content="text/html;charset=utf-8" />
  <meta name='ocr-system' content='tesseract 3.04.00' />
  <meta name='ocr-capabilities' content='ocr_page ocr_carea ocr_par ocr_line ocrx_word'/>
</head>
<body>
  <div class='ocr_page' id='page_1' title='image "./litteraequadrime1806lain_0805.png"; bbox 0 0 1908 3446; ppageno 0'>
   <div class='ocr_carea' id='block_1_1' title="bbox 510 163 1672 205">
    <p class='ocr_par' dir='ltr' id='par_1_1' title="bbox 510 163 1672 205">
     <span class='ocr_line' id='line_1_1' title="bbox 510 163 1672 205; baseline 0.003 -4"><span class='ocrx_word' id='word_1_1' title='bbox 510 163 846 203; x_wconf 64' lang='lat' dir='ltr'>411.—LAUR13T0</span> <span class='ocrx_word' id='word_1_2' title='bbox 875 165 890 203; x_wconf 92' lang='lat'>1</span> <span class='ocrx_word' id='word_1_3' title='bbox 920 165 1182 204; x_wconf 76' lang='lat' dir='ltr'>SEPTEMBms</span> <span class='ocrx_word' id='word_1_4' title='bbox 1212 165 1300 203; x_wconf 84' lang='lat'>1560</span> <span class='ocrx_word' id='word_1_5' title='bbox 1603 166 1672 205; x_wconf 85' lang='lat'>785</span> 
     </span>
    </p>
   </div>
   <div class='ocr_carea' id='block_1_2' title="bbox 95 263 1732 2676">
    <p class='ocr_par' dir='ltr' id='par_1_2' title="bbox 95 263 1724 1099">
     <span class='ocr_line' id='line_1_2' title="bbox 97 263 1717 314; baseline 0.004 -13"><span class='ocrx_word' id='word_1_6' title='bbox 97 263 275 314; x_wconf 90' lang='lat' dir='ltr'>quinon</span> <span class='ocrx_word' id='word_1_7' title='bbox 297 266 436 303; x_wconf 89' lang='lat' dir='ltr'>solum</span> <span class='ocrx_word' id='word_1_8' title='bbox 459 265 614 304; x_wconf 91' lang='lat' dir='ltr'>diebus</span> <span class='ocrx_word' id='word_1_9' title='bbox 636 266 862 305; x_wconf 83' lang='lat' dir='ltr'>dominicis</span> <span class='ocrx_word' id='word_1_10' title='bbox 895 273 937 306; x_wconf 87' lang='lat' dir='ltr'>et</span> <span class='ocrx_word' id='word_1_11' title='bbox 969 268 1091 306; x_wconf 87' lang='lat' dir='ltr'>festis</span> <span class='ocrx_word' id='word_1_12' title='bbox 1121 267 1163 306; x_wconf 90' lang='lat' dir='ltr'>in</span> <span class='ocrx_word' id='word_1_13' title='bbox 1197 268 1431 307; x_wconf 82' lang='lat' dir='ltr'>celebriori</span> <span class='ocrx_word' id='word_1_14' title='bbox 1466 270 1584 307; x_wconf 81' lang='lat' dir='ltr'>vrbis</span> <span class='ocrx_word' id='word_1_15' title='bbox 1620 270 1717 308; x_wconf 91' lang='lat' dir='ltr'>loco</span> 
     </span>
     <span class='ocr_line' id='line_1_3' title="bbox 98 335 1720 387; baseline 0.004 -15"><span class='ocrx_word' id='word_1_16' title='bbox 98 335 204 385; x_wconf 88' lang='lat' dir='ltr'>legit</span> <span class='ocrx_word' id='word_1_17' title='bbox 239 347 366 374; x_wconf 86' lang='lat' dir='ltr'>vnam</span> <span class='ocrx_word' id='word_1_18' title='bbox 400 349 454 374; x_wconf 86' lang='lat' dir='ltr'>ex</span> <span class='ocrx_word' id='word_1_19' title='bbox 494 337 690 387; x_wconf 90' lang='lat' dir='ltr'>epistolis</span> <span class='ocrx_word' id='word_1_20' title='bbox 732 339 827 376; x_wconf 89' lang='lat' dir='ltr'>Diui</span> <span class='ocrx_word' id='word_1_21' title='bbox 864 339 999 386; x_wconf 85' lang='lat' dir='ltr'>Pauli,</span> <span class='ocrx_word' id='word_1_22' title='bbox 1037 339 1115 378; x_wconf 92' lang='lat' dir='ltr'>sed</span> <span class='ocrx_word' id='word_1_23' title='bbox 1151 340 1281 377; x_wconf 91' lang='lat' dir='ltr'>etiam</span> <span class='ocrx_word' id='word_1_24' title='bbox 1316 340 1409 378; x_wconf 88' lang='lat' dir='ltr'>aliis</span> <span class='ocrx_word' id='word_1_25' title='bbox 1444 339 1600 379; x_wconf 89' lang='lat' dir='ltr'>diebus</span> <span class='ocrx_word' id='word_1_26' title='bbox 1635 342 1720 379; x_wconf 92' lang='lat' dir='ltr'>hoc</span> 
     </span>
     <span class='ocr_line' id='line_1_4' title="bbox 98 406 1717 462; baseline 0.004 -18"><span class='ocrx_word' id='word_1_27' title='bbox 98 406 236 456; x_wconf 90' lang='lat' dir='ltr'>ipsum</span> <span class='ocrx_word' id='word_1_28' title='bbox 257 412 435 458; x_wconf 88' lang='lat' dir='ltr'>propter</span> <span class='ocrx_word' id='word_1_29' title='bbox 465 419 665 459; x_wconf 88' lang='lat' dir='ltr'>magnam</span> <span class='ocrx_word' id='word_1_30' title='bbox 697 410 930 448; x_wconf 89' lang='lat' dir='ltr'>multorum</span> <span class='ocrx_word' id='word_1_31' title='bbox 961 410 1246 449; x_wconf 89' lang='lat' dir='ltr'>deuotionem</span> <span class='ocrx_word' id='word_1_32' title='bbox 1280 411 1428 449; x_wconf 86' lang='lat' dir='ltr'>facere</span> <span class='ocrx_word' id='word_1_33' title='bbox 1460 412 1717 462; x_wconf 78' lang='lat' dir='ltr'>cogebatur.</span> 
     </span>
     <span class='ocr_line' id='line_1_5' title="bbox 98 477 1721 533; baseline 0.004 -19"><span class='ocrx_word' id='word_1_34' title='bbox 98 477 273 516; x_wconf 80' lang='lat' dir='ltr'><strong>Interim</strong></span> <span class='ocrx_word' id='word_1_35' title='bbox 309 484 455 517; x_wconf 87' lang='lat' dir='ltr'>tamen</span> <span class='ocrx_word' id='word_1_36' title='bbox 490 479 552 517; x_wconf 89' lang='lat' dir='ltr'>sic</span> <span class='ocrx_word' id='word_1_37' title='bbox 586 479 936 520; x_wconf 87' lang='lat' dir='ltr'>recinetensibus</span> <span class='ocrx_word' id='word_1_38' title='bbox 958 489 976 506; x_wconf 72' lang='lat' dir='ltr'>a</span> <span class='ocrx_word' id='word_1_39' title='bbox 999 495 1176 532; x_wconf 80' lang='lat' dir='ltr'>operam</span> <span class='ocrx_word' id='word_1_40' title='bbox 1211 495 1332 521; x_wconf 89' lang='lat' dir='ltr'>suam</span> <span class='ocrx_word' id='word_1_41' title='bbox 1370 483 1637 533; x_wconf 79' lang='lat' dir='ltr'>praestabat,</span> <span class='ocrx_word' id='word_1_42' title='bbox 1674 488 1721 521; x_wconf 83' lang='lat' dir='ltr'>vt</span> 
     </span>
     <span class='ocr_line' id='line_1_6' title="bbox 97 548 1721 605; baseline 0.004 -20"><span class='ocrx_word' id='word_1_43' title='bbox 97 548 238 595; x_wconf 89' lang='lat' dir='ltr'>nobis,</span> <span class='ocrx_word' id='word_1_44' title='bbox 276 549 348 599; x_wconf 89' lang='lat' dir='ltr'>qui</span> <span class='ocrx_word' id='word_1_45' title='bbox 383 549 557 587; x_wconf 83' lang='lat' dir='ltr'>Laureti</span> <span class='ocrx_word' id='word_1_46' title='bbox 594 550 879 601; x_wconf 79' lang='lat' dir='ltr'>degebamus,</span> <span class='ocrx_word' id='word_1_47' title='bbox 918 554 1173 603; x_wconf 82' lang='lat' dir='ltr'>opportunis</span> <span class='ocrx_word' id='word_1_48' title='bbox 1209 553 1327 591; x_wconf 92' lang='lat' dir='ltr'>horis</span> <span class='ocrx_word' id='word_1_49' title='bbox 1357 553 1550 601; x_wconf 75' lang='lat' dir='ltr'>adesset,</span> <span class='ocrx_word' id='word_1_50' title='bbox 1585 566 1721 605; x_wconf 89' lang='lat' dir='ltr'>seque</span> 
     </span>
     <span class='ocr_line' id='line_1_7' title="bbox 97 620 1722 675; baseline 0.004 -19"><span class='ocrx_word' id='word_1_51' title='bbox 97 620 331 657; x_wconf 90' lang='lat' dir='ltr'>multorum</span> <span class='ocrx_word' id='word_1_52' title='bbox 353 620 593 659; x_wconf 88' lang='lat' dir='ltr'>commodis</span> <span class='ocrx_word' id='word_1_53' title='bbox 616 627 660 659; x_wconf 89' lang='lat' dir='ltr'>et</span> <span class='ocrx_word' id='word_1_54' title='bbox 682 623 973 661; x_wconf 81' lang='lat' dir='ltr'>consolationi</span> <span class='ocrx_word' id='word_1_55' title='bbox 993 629 1178 674; x_wconf 88' lang='lat' dir='ltr'>aptaret.</span> <span class='ocrx_word' id='word_1_56' title='bbox 1203 623 1372 675; x_wconf 87' lang='lat' dir='ltr'>Reliqui</span> <span class='ocrx_word' id='word_1_57' title='bbox 1403 630 1549 663; x_wconf 86' lang='lat' dir='ltr'>autern</span> <span class='ocrx_word' id='word_1_58' title='bbox 1580 637 1722 664; x_wconf 90' lang='lat' dir='ltr'>sacer-</span> 
     </span>
     <span class='ocr_line' id='line_1_8' title="bbox 97 689 1722 746; baseline 0.005 -19"><span class='ocrx_word' id='word_1_59' title='bbox 97 689 226 727; x_wconf 87' lang='lat' dir='ltr'>dotes</span> <span class='ocrx_word' id='word_1_60' title='bbox 246 690 289 728; x_wconf 92' lang='lat' dir='ltr'>in</span> <span class='ocrx_word' id='word_1_61' title='bbox 309 691 395 729; x_wconf 86' lang='lat' dir='ltr'>hoc</span> <span class='ocrx_word' id='word_1_62' title='bbox 416 692 689 730; x_wconf 89' lang='lat' dir='ltr'>sanctissimo</span> <span class='ocrx_word' id='word_1_63' title='bbox 711 695 876 743; x_wconf 90' lang='lat' dir='ltr'>templo</span> <span class='ocrx_word' id='word_1_64' title='bbox 900 694 1118 733; x_wconf 82' lang='lat' dir='ltr'>continuis</span> <span class='ocrx_word' id='word_1_65' title='bbox 1138 695 1232 734; x_wconf 88' lang='lat' dir='ltr'>fere</span> <span class='ocrx_word' id='word_1_66' title='bbox 1255 696 1618 746; x_wconf 82' lang='lat' dir='ltr'>occupationibus</span> <span class='ocrx_word' id='word_1_67' title='bbox 1640 696 1722 735; x_wconf 87' lang='lat' dir='ltr'>dis-</span> 
     </span>
     <span class='ocr_line' id='line_1_9' title="bbox 95 759 1723 813; baseline 0.006 -16"><span class='ocrx_word' id='word_1_68' title='bbox 95 759 206 798; x_wconf 90' lang='lat' dir='ltr'>tenti</span> <span class='ocrx_word' id='word_1_69' title='bbox 226 762 408 800; x_wconf 90' lang='lat' dir='ltr'>multum</span> <span class='ocrx_word' id='word_1_70' title='bbox 429 763 525 800; x_wconf 88' lang='lat' dir='ltr'>Deo</span> <span class='ocrx_word' id='word_1_71' title='bbox 549 768 593 800; x_wconf 90' lang='lat' dir='ltr'>et</span> <span class='ocrx_word' id='word_1_72' title='bbox 614 764 913 813; x_wconf 85' lang='lat' dir='ltr'>proximorum</span> <span class='ocrx_word' id='word_1_73' title='bbox 935 766 1273 805; x_wconf 89' lang='lat' dir='ltr'>necessitatibus</span> <span class='ocrx_word' id='word_1_74' title='bbox 1295 766 1604 806; x_wconf 90' lang='lat' dir='ltr'>inseruierunt.</span> <span class='ocrx_word' id='word_1_75' title='bbox 1629 767 1723 806; x_wconf 89' lang='lat' dir='ltr'>Nec</span> 
     </span>
     <span class='ocr_line' id='line_1_10' title="bbox 98 831 1724 889; baseline 0.005 -20"><span class='ocrx_word' id='word_1_76' title='bbox 98 831 233 870; x_wconf 87' lang='lat' dir='ltr'>refert</span> <span class='ocrx_word' id='word_1_77' title='bbox 254 833 472 883; x_wconf 83' lang='lat' dir='ltr'>sigillatim</span> <span class='ocrx_word' id='word_1_78' title='bbox 496 845 547 872; x_wconf 90' lang='lat' dir='ltr'>ea</span> <span class='ocrx_word' id='word_1_79' title='bbox 568 846 899 879; x_wconf 77' lang='lat' dir='ltr'>connumerare,</span> <span class='ocrx_word' id='word_1_80' title='bbox 924 849 1034 886; x_wconf 87' lang='lat' dir='ltr'>quae</span> <span class='ocrx_word' id='word_1_81' title='bbox 1055 849 1133 887; x_wconf 90' lang='lat' dir='ltr'>per</span> <span class='ocrx_word' id='word_1_82' title='bbox 1155 850 1257 875; x_wconf 87' lang='lat' dir='ltr'>suos</span> <span class='ocrx_word' id='word_1_83' title='bbox 1280 839 1504 888; x_wconf 88' lang='lat' dir='ltr'>operarios</span> <span class='ocrx_word' id='word_1_84' title='bbox 1533 844 1724 889; x_wconf 90' lang='lat' dir='ltr'>praesta-</span> 
     </span>
     <span class='ocr_line' id='line_1_11' title="bbox 98 904 1724 960; baseline 0.005 -20"><span class='ocrx_word' id='word_1_85' title='bbox 98 915 143 940; x_wconf 90' lang='lat' dir='ltr'>re</span> <span class='ocrx_word' id='word_1_86' title='bbox 166 904 305 941; x_wconf 90' lang='lat' dir='ltr'>voluit</span> <span class='ocrx_word' id='word_1_87' title='bbox 325 904 551 943; x_wconf 87' lang='lat' dir='ltr'>Dominus.</span> <span class='ocrx_word' id='word_1_88' title='bbox 576 906 667 944; x_wconf 89' lang='lat' dir='ltr'>Scit</span> <span class='ocrx_word' id='word_1_89' title='bbox 690 906 803 944; x_wconf 90' lang='lat' dir='ltr'>enim</span> <span class='ocrx_word' id='word_1_90' title='bbox 827 907 989 957; x_wconf 88' lang='lat' dir='ltr'>optime</span> <span class='ocrx_word' id='word_1_91' title='bbox 1012 908 1059 946; x_wconf 89' lang='lat' dir='ltr'>R.</span> <span class='ocrx_word' id='word_1_92' title='bbox 1084 914 1157 947; x_wconf 86' lang='lat' dir='ltr'>tua</span> <span class='ocrx_word' id='word_1_93' title='bbox 1179 909 1422 948; x_wconf 86' lang='lat' dir='ltr'>Paternitas</span> <span class='ocrx_word' id='word_1_94' title='bbox 1443 915 1649 960; x_wconf 88' lang='lat' dir='ltr'>quantum</span> <span class='ocrx_word' id='word_1_95' title='bbox 1671 910 1724 948; x_wconf 90' lang='lat' dir='ltr'>ad</span> 
     </span>
     <span class='ocr_line' id='line_1_12' title="bbox 98 975 1724 1032; baseline 0.006 -20"><span class='ocrx_word' id='word_1_96' title='bbox 98 975 335 1013; x_wconf 88' lang='lat' dir='ltr'>animarum</span> <span class='ocrx_word' id='word_1_97' title='bbox 368 977 554 1014; x_wconf 90' lang='lat' dir='ltr'>salutem</span> <span class='ocrx_word' id='word_1_98' title='bbox 585 989 709 1015; x_wconf 88' lang='lat' dir='ltr'>sacer</span> <span class='ocrx_word' id='word_1_99' title='bbox 739 978 820 1016; x_wconf 89' lang='lat' dir='ltr'>iste</span> <span class='ocrx_word' id='word_1_100' title='bbox 858 979 980 1017; x_wconf 87' lang='lat' dir='ltr'>locus</span> <span class='ocrx_word' id='word_1_101' title='bbox 1011 981 1169 1028; x_wconf 84' lang='lat' dir='ltr'>valeat,</span> <span class='ocrx_word' id='word_1_102' title='bbox 1207 986 1498 1032; x_wconf 89' lang='lat' dir='ltr'>quantamque</span> <span class='ocrx_word' id='word_1_103' title='bbox 1534 993 1724 1021; x_wconf 87' lang='lat' dir='ltr'>messem</span> 
     </span>
     <span class='ocr_line' id='line_1_13' title="bbox 99 1047 1583 1099; baseline 0.005 -15"><span class='ocrx_word' id='word_1_104' title='bbox 99 1047 268 1085; x_wconf 86' lang='lat' dir='ltr'>soleant</span> <span class='ocrx_word' id='word_1_105' title='bbox 289 1047 442 1095; x_wconf 85' lang='lat' dir='ltr'>nostri,</span> <span class='ocrx_word' id='word_1_106' title='bbox 467 1049 538 1099; x_wconf 91' lang='lat' dir='ltr'>qui</span> <span class='ocrx_word' id='word_1_107' title='bbox 559 1049 629 1087; x_wconf 91' lang='lat' dir='ltr'>hic</span> <span class='ocrx_word' id='word_1_108' title='bbox 649 1049 859 1097; x_wconf 88' lang='lat' dir='ltr'>habitant,</span> <span class='ocrx_word' id='word_1_109' title='bbox 884 1051 925 1088; x_wconf 90' lang='lat' dir='ltr'>in</span> <span class='ocrx_word' id='word_1_110' title='bbox 947 1052 1107 1091; x_wconf 86' lang='lat' dir='ltr'>horrea</span> <span class='ocrx_word' id='word_1_111' title='bbox 1128 1053 1301 1091; x_wconf 88' lang='lat' dir='ltr'>Domini</span> <span class='ocrx_word' id='word_1_112' title='bbox 1322 1053 1583 1092; x_wconf 89' lang='lat' dir='ltr'>recondere.</span> 
     </span>
    </p>

    <p class='ocr_par' dir='ltr' id='par_1_3' title="bbox 99 1119 1732 2676">
     <span class='ocr_line' id='line_1_14' title="bbox 151 1119 1725 1176; baseline 0.005 -20"><span class='ocrx_word' id='word_1_113' title='bbox 151 1129 189 1166; x_wconf 87' lang='lat'>3.</span> <span class='ocrx_word' id='word_1_114' title='bbox 250 1119 400 1157; x_wconf 91' lang='lat' dir='ltr'>Dicam</span> <span class='ocrx_word' id='word_1_115' title='bbox 422 1120 552 1170; x_wconf 88' lang='lat' dir='ltr'>igitur</span> <span class='ocrx_word' id='word_1_116' title='bbox 569 1133 680 1171; x_wconf 83' lang='lat' dir='ltr'>quae</span> <span class='ocrx_word' id='word_1_117' title='bbox 696 1121 801 1159; x_wconf 89' lang='lat' dir='ltr'>foris</span> <span class='ocrx_word' id='word_1_118' title='bbox 817 1128 944 1173; x_wconf 88' lang='lat' dir='ltr'>gesta</span> <span class='ocrx_word' id='word_1_119' title='bbox 961 1128 1074 1161; x_wconf 89' lang='lat' dir='ltr'>sunt.</span> <span class='ocrx_word' id='word_1_120' title='bbox 1096 1125 1289 1163; x_wconf 88' lang='lat' dir='ltr'>Fuerunt</span> <span class='ocrx_word' id='word_1_121' title='bbox 1306 1125 1561 1176; x_wconf 87' lang='lat' dir='ltr'>frequenter</span> <span class='ocrx_word' id='word_1_122' title='bbox 1578 1137 1725 1164; x_wconf 89' lang='lat' dir='ltr'>accer-</span> 
     </span>
     <span class='ocr_line' id='line_1_15' title="bbox 102 1190 1725 1245; baseline 0.004 -18"><span class='ocrx_word' id='word_1_123' title='bbox 102 1190 171 1227; x_wconf 89' lang='lat' dir='ltr'>siti</span> <span class='ocrx_word' id='word_1_124' title='bbox 192 1191 389 1229; x_wconf 88' lang='lat' dir='ltr'>nonnulli</span> <span class='ocrx_word' id='word_1_125' title='bbox 406 1203 460 1229; x_wconf 86' lang='lat' dir='ltr'>ex</span> <span class='ocrx_word' id='word_1_126' title='bbox 477 1193 654 1240; x_wconf 90' lang='lat' dir='ltr'>nostris,</span> <span class='ocrx_word' id='word_1_127' title='bbox 674 1193 746 1243; x_wconf 90' lang='lat' dir='ltr'>qui</span> <span class='ocrx_word' id='word_1_128' title='bbox 763 1194 907 1232; x_wconf 88' lang='lat' dir='ltr'>vicina</span> <span class='ocrx_word' id='word_1_129' title='bbox 925 1196 1082 1245; x_wconf 89' lang='lat' dir='ltr'>oppida</span> <span class='ocrx_word' id='word_1_130' title='bbox 1098 1196 1342 1244; x_wconf 88' lang='lat' dir='ltr'>visitarent,</span> <span class='ocrx_word' id='word_1_131' title='bbox 1368 1202 1412 1235; x_wconf 90' lang='lat' dir='ltr'>et</span> <span class='ocrx_word' id='word_1_132' title='bbox 1433 1197 1475 1235; x_wconf 92' lang='lat' dir='ltr'>in</span> <span class='ocrx_word' id='word_1_133' title='bbox 1492 1198 1589 1245; x_wconf 89' lang='lat' dir='ltr'>illis,</span> <span class='ocrx_word' id='word_1_134' title='bbox 1615 1198 1725 1236; x_wconf 89' lang='lat' dir='ltr'>sicut</span> 
     </span>
     <span class='ocr_line' id='line_1_16' title="bbox 101 1261 1726 1319; baseline 0.006 -21"><span class='ocrx_word' id='word_1_135' title='bbox 101 1261 292 1309; x_wconf 89' lang='lat' dir='ltr'>Laureti,</span> <span class='ocrx_word' id='word_1_136' title='bbox 316 1263 615 1312; x_wconf 83' lang='lat' dir='ltr'>proximorum</span> <span class='ocrx_word' id='word_1_137' title='bbox 637 1265 979 1304; x_wconf 88' lang='lat' dir='ltr'>necessitatibus</span> <span class='ocrx_word' id='word_1_138' title='bbox 1000 1267 1303 1315; x_wconf 80' lang='lat' dir='ltr'>subuenirent3</span> <span class='ocrx_word' id='word_1_139' title='bbox 1326 1268 1445 1319; x_wconf 91' lang='lat' dir='ltr'>quod</span> <span class='ocrx_word' id='word_1_140' title='bbox 1466 1281 1571 1307; x_wconf 89' lang='lat' dir='ltr'>sane</span> <span class='ocrx_word' id='word_1_141' title='bbox 1593 1268 1726 1307; x_wconf 86' lang='lat' dir='ltr'>effec-</span> 
     </span>
     <span class='ocr_line' id='line_1_17' title="bbox 100 1333 1726 1385; baseline 0.006 -16"><span class='ocrx_word' id='word_1_142' title='bbox 100 1336 190 1370; x_wconf 91' lang='lat' dir='ltr'>tum</span> <span class='ocrx_word' id='word_1_143' title='bbox 212 1333 231 1358; x_wconf 78' lang='lat' dir='ltr'>b</span> <span class='ocrx_word' id='word_1_144' title='bbox 254 1337 322 1371; x_wconf 89' lang='lat' dir='ltr'>est</span> <span class='ocrx_word' id='word_1_145' title='bbox 342 1346 429 1372; x_wconf 92' lang='lat' dir='ltr'>non</span> <span class='ocrx_word' id='word_1_146' title='bbox 451 1334 544 1372; x_wconf 89' lang='lat' dir='ltr'>sine</span> <span class='ocrx_word' id='word_1_147' title='bbox 566 1336 817 1383; x_wconf 91' lang='lat' dir='ltr'>multorum,</span> <span class='ocrx_word' id='word_1_148' title='bbox 842 1338 1030 1375; x_wconf 84' lang='lat' dir='ltr'>maxime</span> <span class='ocrx_word' id='word_1_149' title='bbox 1052 1343 1198 1377; x_wconf 88' lang='lat' dir='ltr'>autem</span> <span class='ocrx_word' id='word_1_150' title='bbox 1220 1338 1503 1385; x_wconf 90' lang='lat' dir='ltr'>infirmorum,</span> <span class='ocrx_word' id='word_1_151' title='bbox 1528 1340 1726 1379; x_wconf 88' lang='lat' dir='ltr'>consola-</span> 
     </span>
     <span class='ocr_line' id='line_1_18' title="bbox 99 1403 1726 1462; baseline 0.006 -22"><span class='ocrx_word' id='word_1_152' title='bbox 99 1403 235 1441; x_wconf 88' lang='lat' dir='ltr'>tione.</span> <span class='ocrx_word' id='word_1_153' title='bbox 260 1403 307 1441; x_wconf 92' lang='lat' dir='ltr'>In</span> <span class='ocrx_word' id='word_1_154' title='bbox 329 1405 479 1442; x_wconf 88' lang='lat' dir='ltr'>Monte</span> <span class='ocrx_word' id='word_1_155' title='bbox 502 1406 664 1444; x_wconf 88' lang='lat' dir='ltr'>Sancto</span> <span class='ocrx_word' id='word_1_156' title='bbox 688 1406 769 1455; x_wconf 89' lang='lat' dir='ltr'>(sic</span> <span class='ocrx_word' id='word_1_157' title='bbox 787 1408 900 1445; x_wconf 92' lang='lat' dir='ltr'>enim</span> <span class='ocrx_word' id='word_1_158' title='bbox 922 1409 1143 1458; x_wconf 91' lang='lat' dir='ltr'>appellant</span> <span class='ocrx_word' id='word_1_159' title='bbox 1162 1410 1310 1448; x_wconf 90' lang='lat' dir='ltr'>nobile</span> <span class='ocrx_word' id='word_1_160' title='bbox 1333 1415 1376 1449; x_wconf 89' lang='lat' dir='ltr'>et</span> <span class='ocrx_word' id='word_1_161' title='bbox 1398 1411 1586 1461; x_wconf 91' lang='lat' dir='ltr'>amplum</span> <span class='ocrx_word' id='word_1_162' title='bbox 1609 1412 1726 1462; x_wconf 93' lang='lat' dir='ltr'>oppi-</span> 
     </span>
     <span class='ocr_line' id='line_1_19' title="bbox 101 1473 1727 1533; baseline 0.006 -22"><span class='ocrx_word' id='word_1_163' title='bbox 101 1473 202 1511; x_wconf 91' lang='lat' dir='ltr'>dum</span> <span class='ocrx_word' id='word_1_164' title='bbox 223 1474 350 1513; x_wconf 90' lang='lat' dir='ltr'>nobis</span> <span class='ocrx_word' id='word_1_165' title='bbox 371 1474 580 1526; x_wconf 90' lang='lat' dir='ltr'>vicinum)</span> <span class='ocrx_word' id='word_1_166' title='bbox 601 1476 681 1515; x_wconf 88' lang='lat' dir='ltr'>fuit</span> <span class='ocrx_word' id='word_1_167' title='bbox 702 1477 876 1527; x_wconf 91' lang='lat' dir='ltr'>quidam</span> <span class='ocrx_word' id='word_1_168' title='bbox 899 1491 953 1516; x_wconf 83' lang='lat' dir='ltr'>ex</span> <span class='ocrx_word' id='word_1_169' title='bbox 976 1480 1137 1517; x_wconf 90' lang='lat' dir='ltr'>nostris</span> <span class='ocrx_word' id='word_1_170' title='bbox 1160 1481 1361 1519; x_wconf 85' lang='lat' dir='ltr'>Patribus</span> <span class='ocrx_word' id='word_1_171' title='bbox 1383 1488 1414 1528; x_wconf 80' lang='lat'>0,</span> <span class='ocrx_word' id='word_1_172' title='bbox 1439 1486 1486 1519; x_wconf 90' lang='lat' dir='ltr'>vt</span> <span class='ocrx_word' id='word_1_173' title='bbox 1508 1483 1727 1533; x_wconf 90' lang='lat' dir='ltr'>antiquam</span> 
     </span>
     <span class='ocr_line' id='line_1_20' title="bbox 101 1546 1728 1604; baseline 0.006 -22"><span class='ocrx_word' id='word_1_174' title='bbox 101 1546 494 1597; x_wconf 80' lang='lat' dir='ltr'>congregationem</span> <span class='ocrx_word' id='word_1_175' title='bbox 529 1547 676 1598; x_wconf 90' lang='lat' dir='ltr'>(quam</span> <span class='ocrx_word' id='word_1_176' title='bbox 709 1548 1029 1588; x_wconf 86' lang='lat' dir='ltr'>fraternitatem</span> <span class='ocrx_word' id='word_1_177' title='bbox 1060 1551 1270 1601; x_wconf 88' lang='lat' dir='ltr'>Corporis</span> <span class='ocrx_word' id='word_1_178' title='bbox 1299 1552 1461 1591; x_wconf 91' lang='lat' dir='ltr'>Christi</span> <span class='ocrx_word' id='word_1_179' title='bbox 1491 1554 1728 1604; x_wconf 89' lang='lat' dir='ltr'>appellant)</span> 
     </span>
     <span class='ocr_line' id='line_1_21' title="bbox 99 1617 1727 1671; baseline 0.005 -17"><span class='ocrx_word' id='word_1_180' title='bbox 99 1617 375 1656; x_wconf 86' lang='lat' dir='ltr'>reformaret.</span> <span class='ocrx_word' id='word_1_181' title='bbox 400 1618 521 1656; x_wconf 91' lang='lat' dir='ltr'>Multi</span> <span class='ocrx_word' id='word_1_182' title='bbox 545 1620 658 1657; x_wconf 90' lang='lat' dir='ltr'>enim</span> <span class='ocrx_word' id='word_1_183' title='bbox 682 1633 737 1658; x_wconf 83' lang='lat' dir='ltr'>ex</span> <span class='ocrx_word' id='word_1_184' title='bbox 758 1621 971 1671; x_wconf 88' lang='lat' dir='ltr'>primariis</span> <span class='ocrx_word' id='word_1_185' title='bbox 993 1623 1315 1671; x_wconf 83' lang='lat' dir='ltr'>subtraxerant,</span> <span class='ocrx_word' id='word_1_186' title='bbox 1350 1630 1395 1662; x_wconf 90' lang='lat' dir='ltr'>et</span> <span class='ocrx_word' id='word_1_187' title='bbox 1424 1637 1495 1663; x_wconf 88' lang='lat' dir='ltr'>res</span> <span class='ocrx_word' id='word_1_188' title='bbox 1517 1630 1612 1663; x_wconf 92' lang='lat' dir='ltr'>tota</span> <span class='ocrx_word' id='word_1_189' title='bbox 1634 1629 1727 1664; x_wconf 86' lang='lat' dir='ltr'>erat</span> 
     </span>
     <span class='ocr_line' id='line_1_22' title="bbox 101 1687 1728 1747; baseline 0.006 -21"><span class='ocrx_word' id='word_1_190' title='bbox 101 1687 155 1726; x_wconf 88' lang='lat' dir='ltr'>ad</span> <span class='ocrx_word' id='word_1_191' title='bbox 175 1688 354 1728; x_wconf 91' lang='lat' dir='ltr'>nihilum</span> <span class='ocrx_word' id='word_1_192' title='bbox 375 1690 470 1729; x_wconf 88' lang='lat' dir='ltr'>fere</span> <span class='ocrx_word' id='word_1_193' title='bbox 494 1690 686 1729; x_wconf 88' lang='lat' dir='ltr'>redacta.</span> <span class='ocrx_word' id='word_1_194' title='bbox 711 1692 859 1742; x_wconf 88' lang='lat' dir='ltr'>Opera</span> <span class='ocrx_word' id='word_1_195' title='bbox 879 1699 1025 1732; x_wconf 91' lang='lat' dir='ltr'>autem</span> <span class='ocrx_word' id='word_1_196' title='bbox 1046 1695 1159 1733; x_wconf 89' lang='lat' dir='ltr'>illius</span> <span class='ocrx_word' id='word_1_197' title='bbox 1182 1696 1321 1734; x_wconf 82' lang='lat' dir='ltr'>Patris</span> <span class='ocrx_word' id='word_1_198' title='bbox 1342 1701 1511 1734; x_wconf 88' lang='lat' dir='ltr'>tantum</span> <span class='ocrx_word' id='word_1_199' title='bbox 1548 1703 1728 1747; x_wconf 88' lang='lat' dir='ltr'>operata</span> 
     </span>
     <span class='ocr_line' id='line_1_23' title="bbox 102 1759 1728 1815; baseline 0.006 -17"><span class='ocrx_word' id='word_1_200' title='bbox 102 1763 168 1798; x_wconf 90' lang='lat' dir='ltr'>est</span> <span class='ocrx_word' id='word_1_201' title='bbox 191 1759 336 1799; x_wconf 90' lang='lat' dir='ltr'>diuina</span> <span class='ocrx_word' id='word_1_202' title='bbox 356 1761 545 1809; x_wconf 88' lang='lat' dir='ltr'>bonitas,</span> <span class='ocrx_word' id='word_1_203' title='bbox 570 1767 616 1800; x_wconf 89' lang='lat' dir='ltr'>vt</span> <span class='ocrx_word' id='word_1_204' title='bbox 637 1775 725 1801; x_wconf 91' lang='lat' dir='ltr'>non</span> <span class='ocrx_word' id='word_1_205' title='bbox 747 1764 886 1802; x_wconf 89' lang='lat' dir='ltr'>solum</span> <span class='ocrx_word' id='word_1_206' title='bbox 909 1766 981 1815; x_wconf 91' lang='lat' dir='ltr'>qui</span> <span class='ocrx_word' id='word_1_207' title='bbox 1003 1765 1056 1803; x_wconf 93' lang='lat' dir='ltr'>ab</span> <span class='ocrx_word' id='word_1_208' title='bbox 1080 1778 1132 1804; x_wconf 90' lang='lat' dir='ltr'>ea</span> <span class='ocrx_word' id='word_1_209' title='bbox 1153 1767 1464 1815; x_wconf 88' lang='lat' dir='ltr'>discesserant,</span> <span class='ocrx_word' id='word_1_210' title='bbox 1497 1768 1728 1807; x_wconf 88' lang='lat' dir='ltr'>libentissi-</span> 
     </span>
     <span class='ocr_line' id='line_1_24' title="bbox 102 1832 1728 1882; baseline 0.006 -13"><span class='ocrx_word' id='word_1_211' title='bbox 102 1844 171 1869; x_wconf 92' lang='lat' dir='ltr'>mo</span> <span class='ocrx_word' id='word_1_212' title='bbox 204 1832 347 1870; x_wconf 90' lang='lat' dir='ltr'>animo</span> <span class='ocrx_word' id='word_1_213' title='bbox 377 1839 726 1882; x_wconf 88' lang='lat' dir='ltr'>reuerterentur,</span> <span class='ocrx_word' id='word_1_214' title='bbox 760 1835 839 1873; x_wconf 91' lang='lat' dir='ltr'>sed</span> <span class='ocrx_word' id='word_1_215' title='bbox 869 1835 992 1874; x_wconf 88' lang='lat' dir='ltr'>multi</span> <span class='ocrx_word' id='word_1_216' title='bbox 1024 1838 1155 1876; x_wconf 91' lang='lat' dir='ltr'>etiam</span> <span class='ocrx_word' id='word_1_217' title='bbox 1188 1850 1241 1876; x_wconf 83' lang='lat' dir='ltr'>ex</span> <span class='ocrx_word' id='word_1_218' title='bbox 1263 1839 1551 1878; x_wconf 89' lang='lat' dir='ltr'>nobilioribus</span> <span class='ocrx_word' id='word_1_219' title='bbox 1572 1840 1728 1879; x_wconf 84' lang='lat' dir='ltr'>Vtrius-</span> 
     </span>
     <span class='ocr_line' id='line_1_25' title="bbox 101 1905 1729 1960; baseline 0.006 -21"><span class='ocrx_word' id='word_1_220' title='bbox 101 1915 185 1953; x_wconf 93' lang='lat' dir='ltr'>que</span> <span class='ocrx_word' id='word_1_221' title='bbox 207 1914 339 1941; x_wconf 89' lang='lat' dir='ltr'>sexus</span> <span class='ocrx_word' id='word_1_222' title='bbox 361 1905 552 1942; x_wconf 89' lang='lat' dir='ltr'>curarint</span> <span class='ocrx_word' id='word_1_223' title='bbox 574 1918 726 1944; x_wconf 91' lang='lat' dir='ltr'>eorum</span> <span class='ocrx_word' id='word_1_224' title='bbox 747 1919 931 1946; x_wconf 90' lang='lat' dir='ltr'>numero</span> <span class='ocrx_word' id='word_1_225' title='bbox 955 1908 973 1932; x_wconf 78' lang='lat' dir='ltr'>d</span> <span class='ocrx_word' id='word_1_226' title='bbox 995 1909 1167 1956; x_wconf 85' lang='lat' dir='ltr'>ascribi,</span> <span class='ocrx_word' id='word_1_227' title='bbox 1191 1923 1376 1960; x_wconf 87' lang='lat' dir='ltr'>quorum</span> <span class='ocrx_word' id='word_1_228' title='bbox 1405 1910 1595 1949; x_wconf 88' lang='lat' dir='ltr'>omnium</span> <span class='ocrx_word' id='word_1_229' title='bbox 1627 1924 1729 1949; x_wconf 88' lang='lat' dir='ltr'>con-</span> 
     </span>
     <span class='ocr_line' id='line_1_26' title="bbox 102 1973 1730 2031; baseline 0.007 -20"><span class='ocrx_word' id='word_1_230' title='bbox 102 1973 341 2013; x_wconf 88' lang='lat' dir='ltr'>fessionem</span> <span class='ocrx_word' id='word_1_231' title='bbox 362 1975 543 2023; x_wconf 85' lang='lat' dir='ltr'>audiuit,</span> <span class='ocrx_word' id='word_1_232' title='bbox 568 1989 734 2028; x_wconf 89' lang='lat' dir='ltr'>eosque</span> <span class='ocrx_word' id='word_1_233' title='bbox 757 1980 1036 2018; x_wconf 86' lang='lat' dir='ltr'>sacratissimi</span> <span class='ocrx_word' id='word_1_234' title='bbox 1059 1982 1267 2031; x_wconf 86' lang='lat' dir='ltr'>Corporis</span> <span class='ocrx_word' id='word_1_235' title='bbox 1289 1983 1597 2021; x_wconf 89' lang='lat' dir='ltr'>communione</span> <span class='ocrx_word' id='word_1_236' title='bbox 1618 1983 1730 2022; x_wconf 89' lang='lat' dir='ltr'>refe-</span> 
     </span>
     <span class='ocr_line' id='line_1_27' title="bbox 103 2045 1731 2106; baseline 0.007 -24"><span class='ocrx_word' id='word_1_237' title='bbox 103 2045 175 2083; x_wconf 88' lang='lat' dir='ltr'>cit.</span> <span class='ocrx_word' id='word_1_238' title='bbox 200 2046 487 2085; x_wconf 86' lang='lat' dir='ltr'>Postmodum</span> <span class='ocrx_word' id='word_1_239' title='bbox 508 2048 643 2086; x_wconf 89' lang='lat' dir='ltr'>multa</span> <span class='ocrx_word' id='word_1_240' title='bbox 671 2050 876 2087; x_wconf 89' lang='lat' dir='ltr'>salutaria</span> <span class='ocrx_word' id='word_1_241' title='bbox 906 2051 1070 2089; x_wconf 89' lang='lat' dir='ltr'>monita</span> <span class='ocrx_word' id='word_1_242' title='bbox 1098 2051 1181 2090; x_wconf 89' lang='lat' dir='ltr'>illis</span> <span class='ocrx_word' id='word_1_243' title='bbox 1212 2052 1399 2103; x_wconf 89' lang='lat' dir='ltr'>reliquit,</span> <span class='ocrx_word' id='word_1_244' title='bbox 1433 2066 1484 2092; x_wconf 92' lang='lat' dir='ltr'>ac</span> <span class='ocrx_word' id='word_1_245' title='bbox 1512 2055 1554 2092; x_wconf 90' lang='lat' dir='ltr'>in</span> <span class='ocrx_word' id='word_1_246' title='bbox 1583 2055 1731 2106; x_wconf 90' lang='lat' dir='ltr'>primis</span> 
     </span>
     <span class='ocr_line' id='line_1_28' title="bbox 101 2116 1732 2174; baseline 0.007 -21"><span class='ocrx_word' id='word_1_247' title='bbox 101 2121 149 2154; x_wconf 87' lang='lat' dir='ltr'>vt</span> <span class='ocrx_word' id='word_1_248' title='bbox 183 2116 438 2166; x_wconf 87' lang='lat' dir='ltr'>frequenter</span> <span class='ocrx_word' id='word_1_249' title='bbox 467 2119 748 2169; x_wconf 87' lang='lat' dir='ltr'>perciperent</span> <span class='ocrx_word' id='word_1_250' title='bbox 782 2121 1075 2160; x_wconf 85' lang='lat' dir='ltr'>sacratissima</span> <span class='ocrx_word' id='word_1_251' title='bbox 1110 2124 1326 2163; x_wconf 88' lang='lat' dir='ltr'>ecelesiae</span> <span class='ocrx_word' id='word_1_252' title='bbox 1363 2132 1651 2174; x_wconf 89' lang='lat' dir='ltr'>sacramenta,</span> <span class='ocrx_word' id='word_1_253' title='bbox 1684 2132 1732 2165; x_wconf 90' lang='lat' dir='ltr'>vt</span> 
     </span>
     <span class='ocr_line' id='line_1_29' title="bbox 102 2188 1730 2249; baseline 0.008 -25"><span class='ocrx_word' id='word_1_254' title='bbox 102 2188 239 2225; x_wconf 90' lang='lat' dir='ltr'>semel</span> <span class='ocrx_word' id='word_1_255' title='bbox 260 2189 415 2226; x_wconf 87' lang='lat' dir='ltr'>saltem</span> <span class='ocrx_word' id='word_1_256' title='bbox 437 2189 616 2240; x_wconf 89' lang='lat' dir='ltr'>singulis</span> <span class='ocrx_word' id='word_1_257' title='bbox 634 2191 855 2230; x_wconf 89' lang='lat' dir='ltr'>mensibus</span> <span class='ocrx_word' id='word_1_258' title='bbox 873 2194 1176 2242; x_wconf 88' lang='lat' dir='ltr'>conuenirent,</span> <span class='ocrx_word' id='word_1_259' title='bbox 1201 2201 1246 2234; x_wconf 88' lang='lat' dir='ltr'>et</span> <span class='ocrx_word' id='word_1_260' title='bbox 1261 2209 1348 2234; x_wconf 92' lang='lat' dir='ltr'>non</span> <span class='ocrx_word' id='word_1_261' title='bbox 1366 2196 1505 2235; x_wconf 90' lang='lat' dir='ltr'>solum</span> <span class='ocrx_word' id='word_1_262' title='bbox 1523 2197 1577 2236; x_wconf 91' lang='lat' dir='ltr'>de</span> <span class='ocrx_word' id='word_1_263' title='bbox 1594 2199 1730 2249; x_wconf 90' lang='lat' dir='ltr'>publi-</span> 
     </span>
     <span class='ocr_line' id='line_1_30' title="bbox 104 2259 1731 2319; baseline 0.007 -22"><span class='ocrx_word' id='word_1_264' title='bbox 104 2271 154 2297; x_wconf 92' lang='lat' dir='ltr'>ca</span> <span class='ocrx_word' id='word_1_265' title='bbox 183 2259 409 2298; x_wconf 90' lang='lat' dir='ltr'>societatis</span> <span class='ocrx_word' id='word_1_266' title='bbox 440 2261 629 2300; x_wconf 87' lang='lat' dir='ltr'>vtilitate</span> <span class='ocrx_word' id='word_1_267' title='bbox 659 2267 914 2312; x_wconf 87' lang='lat' dir='ltr'>tractarent,</span> <span class='ocrx_word' id='word_1_268' title='bbox 940 2265 1018 2303; x_wconf 90' lang='lat' dir='ltr'>sed</span> <span class='ocrx_word' id='word_1_269' title='bbox 1040 2266 1171 2304; x_wconf 87' lang='lat' dir='ltr'>etiam</span> <span class='ocrx_word' id='word_1_270' title='bbox 1193 2266 1247 2306; x_wconf 89' lang='lat' dir='ltr'>de</span> <span class='ocrx_word' id='word_1_271' title='bbox 1269 2268 1440 2319; x_wconf 89' lang='lat' dir='ltr'>priuata</span> <span class='ocrx_word' id='word_1_272' title='bbox 1460 2269 1731 2308; x_wconf 88' lang='lat' dir='ltr'>vniuscuius-</span> 
     </span>
     <span class='ocr_line' id='line_1_31' title="bbox 103 2331 1730 2387; baseline 0.008 -20"><span class='ocrx_word' id='word_1_273' title='bbox 103 2342 187 2381; x_wconf 93' lang='lat' dir='ltr'>que</span> <span class='ocrx_word' id='word_1_274' title='bbox 200 2331 319 2368; x_wconf 89' lang='lat' dir='ltr'>vitae</span> <span class='ocrx_word' id='word_1_275' title='bbox 336 2331 665 2381; x_wconf 88' lang='lat' dir='ltr'>reformatione,</span> <span class='ocrx_word' id='word_1_276' title='bbox 685 2334 830 2385; x_wconf 89' lang='lat' dir='ltr'>deque</span> <span class='ocrx_word' id='word_1_277' title='bbox 846 2336 1028 2375; x_wconf 91' lang='lat' dir='ltr'>aliorum</span> <span class='ocrx_word' id='word_1_278' title='bbox 1044 2338 1359 2387; x_wconf 87' lang='lat' dir='ltr'>proximorum,</span> <span class='ocrx_word' id='word_1_279' title='bbox 1379 2341 1566 2379; x_wconf 85' lang='lat' dir='ltr'>maxime</span> <span class='ocrx_word' id='word_1_280' title='bbox 1583 2346 1730 2379; x_wconf 89' lang='lat' dir='ltr'>autem</span> 
     </span>
     <span class='ocr_line' id='line_1_32' title="bbox 102 2404 1731 2463; baseline 0.007 -24"><span class='ocrx_word' id='word_1_281' title='bbox 102 2413 356 2452; x_wconf 91' lang='lat' dir='ltr'>pauperum,</span> <span class='ocrx_word' id='word_1_282' title='bbox 379 2404 719 2443; x_wconf 89' lang='lat' dir='ltr'>necessitatibus</span> <span class='ocrx_word' id='word_1_283' title='bbox 739 2406 1013 2456; x_wconf 89' lang='lat' dir='ltr'>frequentius</span> <span class='ocrx_word' id='word_1_284' title='bbox 1035 2408 1335 2460; x_wconf 90' lang='lat' dir='ltr'>loquerentur,</span> <span class='ocrx_word' id='word_1_285' title='bbox 1359 2416 1407 2449; x_wconf 91' lang='lat' dir='ltr'>vt</span> <span class='ocrx_word' id='word_1_286' title='bbox 1433 2411 1731 2463; x_wconf 89' lang='lat' dir='ltr'>indigentibus</span> 
     </span>
     <span class='ocr_line' id='line_1_33' title="bbox 105 2473 1731 2533; baseline 0.006 -22"><span class='ocrx_word' id='word_1_287' title='bbox 105 2485 234 2523; x_wconf 88' lang='lat' dir='ltr'>opem</span> <span class='ocrx_word' id='word_1_288' title='bbox 268 2473 449 2522; x_wconf 90' lang='lat' dir='ltr'>ferrent,</span> <span class='ocrx_word' id='word_1_289' title='bbox 486 2475 605 2525; x_wconf 90' lang='lat' dir='ltr'>pacis</span> <span class='ocrx_word' id='word_1_290' title='bbox 641 2476 923 2516; x_wconf 86' lang='lat' dir='ltr'>stabilitatem</span> <span class='ocrx_word' id='word_1_291' title='bbox 959 2485 1179 2528; x_wconf 90' lang='lat' dir='ltr'>curarent,</span> <span class='ocrx_word' id='word_1_292' title='bbox 1210 2482 1371 2531; x_wconf 91' lang='lat' dir='ltr'>passim</span> <span class='ocrx_word' id='word_1_293' title='bbox 1400 2488 1637 2533; x_wconf 87' lang='lat' dir='ltr'>peccantes</span> <span class='ocrx_word' id='word_1_294' title='bbox 1668 2496 1731 2521; x_wconf 88' lang='lat' dir='ltr'>ar-</span> 
     </span>
     <span class='ocr_line' id='line_1_34' title="bbox 103 2544 1731 2605; baseline 0.007 -24"><span class='ocrx_word' id='word_1_295' title='bbox 103 2549 306 2595; x_wconf 89' lang='lat' dir='ltr'>guerent,</span> <span class='ocrx_word' id='word_1_296' title='bbox 330 2545 384 2583; x_wconf 91' lang='lat' dir='ltr'>ad</span> <span class='ocrx_word' id='word_1_297' title='bbox 415 2544 659 2585; x_wconf 66' lang='lat' dir='ltr'>orationem</span> <span class='ocrx_word' id='word_1_298' title='bbox 690 2549 815 2587; x_wconf 89' lang='lat' dir='ltr'>simul</span> <span class='ocrx_word' id='word_1_299' title='bbox 839 2562 991 2588; x_wconf 90' lang='lat' dir='ltr'>omnes</span> <span class='ocrx_word' id='word_1_300' title='bbox 1021 2551 1064 2588; x_wconf 91' lang='lat' dir='ltr'>in</span> <span class='ocrx_word' id='word_1_301' title='bbox 1094 2565 1263 2591; x_wconf 91' lang='lat' dir='ltr'>summo</span> <span class='ocrx_word' id='word_1_302' title='bbox 1286 2554 1449 2605; x_wconf 92' lang='lat' dir='ltr'>templo</span> <span class='ocrx_word' id='word_1_303' title='bbox 1473 2554 1596 2592; x_wconf 91' lang='lat' dir='ltr'>statis</span> <span class='ocrx_word' id='word_1_304' title='bbox 1624 2559 1731 2592; x_wconf 89' lang='lat' dir='ltr'>tem-</span> 
     </span>
     <span class='ocr_line' id='line_1_35' title="bbox 103 2615 1731 2676; baseline 0.008 -24"><span class='ocrx_word' id='word_1_305' title='bbox 103 2615 280 2665; x_wconf 91' lang='lat' dir='ltr'>poribus</span> <span class='ocrx_word' id='word_1_306' title='bbox 303 2616 607 2665; x_wconf 88' lang='lat' dir='ltr'>conuenirent,</span> <span class='ocrx_word' id='word_1_307' title='bbox 631 2619 813 2670; x_wconf 91' lang='lat' dir='ltr'>aliisque</span> <span class='ocrx_word' id='word_1_308' title='bbox 834 2621 1010 2670; x_wconf 88' lang='lat' dir='ltr'>pietatis</span> <span class='ocrx_word' id='word_1_309' title='bbox 1039 2621 1193 2661; x_wconf 87' lang='lat' dir='ltr'>officiis</span> <span class='ocrx_word' id='word_1_310' title='bbox 1225 2637 1403 2675; x_wconf 90' lang='lat' dir='ltr'>operam</span> <span class='ocrx_word' id='word_1_311' title='bbox 1426 2624 1597 2673; x_wconf 89' lang='lat' dir='ltr'>darent;</span> <span class='ocrx_word' id='word_1_312' title='bbox 1620 2638 1731 2676; x_wconf 89' lang='lat' dir='ltr'>quae</span> 
     </span>
    </p>
   </div>
   <div class='ocr_carea' id='block_1_3' title="bbox 104 2685 1733 2813">
    <p class='ocr_par' dir='ltr' id='par_1_4' title="bbox 104 2685 1733 2813">
     <span class='ocr_line' id='line_1_36' title="bbox 105 2685 1733 2748; baseline 0.008 -25"><span class='ocrx_word' id='word_1_313' title='bbox 105 2685 248 2724; x_wconf 91' lang='lat' dir='ltr'>omnia</span> <span class='ocrx_word' id='word_1_314' title='bbox 283 2687 489 2739; x_wconf 85' lang='lat' dir='ltr'>singulari</span> <span class='ocrx_word' id='word_1_315' title='bbox 519 2688 602 2727; x_wconf 93' lang='lat' dir='ltr'>Dei</span> <span class='ocrx_word' id='word_1_316' title='bbox 630 2689 672 2728; x_wconf 91' lang='lat' dir='ltr'>in</span> <span class='ocrx_word' id='word_1_317' title='bbox 705 2691 803 2729; x_wconf 93' lang='lat' dir='ltr'>illos</span> <span class='ocrx_word' id='word_1_318' title='bbox 833 2692 974 2742; x_wconf 89' lang='lat' dir='ltr'>gratia</span> <span class='ocrx_word' id='word_1_319' title='bbox 1003 2706 1160 2745; x_wconf 90' lang='lat' dir='ltr'>magno</span> <span class='ocrx_word' id='word_1_320' title='bbox 1191 2695 1370 2734; x_wconf 86' lang='lat' dir='ltr'>feruore</span> <span class='ocrx_word' id='word_1_321' title='bbox 1401 2696 1654 2748; x_wconf 89' lang='lat' dir='ltr'>adimplent,</span> <span class='ocrx_word' id='word_1_322' title='bbox 1689 2702 1733 2735; x_wconf 82' lang='lat' dir='ltr'>et</span> 
     </span>
     <span class='ocr_line' id='line_1_37' title="bbox 104 2758 1092 2813; baseline 0.007 -18"><span class='ocrx_word' id='word_1_323' title='bbox 104 2758 197 2796; x_wconf 88' lang='lat' dir='ltr'>aliis</span> <span class='ocrx_word' id='word_1_324' title='bbox 219 2758 481 2798; x_wconf 90' lang='lat' dir='ltr'>christianae</span> <span class='ocrx_word' id='word_1_325' title='bbox 503 2760 620 2799; x_wconf 87' lang='lat' dir='ltr'>vitae</span> <span class='ocrx_word' id='word_1_326' title='bbox 643 2763 846 2813; x_wconf 86' lang='lat' dir='ltr'>exempla</span> <span class='ocrx_word' id='word_1_327' title='bbox 864 2763 1092 2813; x_wconf 89' lang='lat' dir='ltr'>praebent.</span> 
     </span>
    </p>
   </div>
   <div class='ocr_carea' id='block_1_4' title="bbox 151 2906 1732 2963">
    <p class='ocr_par' dir='ltr' id='par_1_5' title="bbox 151 2906 1732 2963">
     <span class='ocr_line' id='line_1_38' title="bbox 151 2906 1732 2963; baseline 0.007 -19"><span class='ocrx_word' id='word_1_328' title='bbox 151 2906 170 2925; x_wconf 72' lang='lat' dir='ltr'>a</span> <span class='ocrx_word' id='word_1_329' title='bbox 220 2907 531 2946; x_wconf 80' lang='lat' dir='ltr'>retinstensibus</span> <span class='ocrx_word' id='word_1_330' title='bbox 549 2920 629 2947; x_wconf 85' lang='lat' dir='ltr'>ms.</span> <span class='ocrx_word' id='word_1_331' title='bbox 693 2912 749 2936; x_wconf 83' lang='lat' dir='ltr'>—b</span> <span class='ocrx_word' id='word_1_332' title='bbox 771 2910 964 2950; x_wconf 75' lang='lat' dir='ltr'>affectum</span> <span class='ocrx_word' id='word_1_333' title='bbox 984 2924 1062 2950; x_wconf 86' lang='lat' dir='ltr'>ms.</span> <span class='ocrx_word' id='word_1_334' title='bbox 1117 2923 1182 2941; x_wconf 81' lang='lat'>—0</span> <span class='ocrx_word' id='word_1_335' title='bbox 1204 2916 1295 2963; x_wconf 82' lang='lat' dir='ltr'>Seq.</span> <span class='ocrx_word' id='word_1_336' title='bbox 1318 2917 1471 2963; x_wconf 84' lang='lat' dir='ltr'>aliqua</span> <span class='ocrx_word' id='word_1_337' title='bbox 1486 2928 1552 2954; x_wconf 86' lang='lat' dir='ltr'>vv.</span> <span class='ocrx_word' id='word_1_338' title='bbox 1575 2917 1732 2956; x_wconf 83' lang='lat' dir='ltr'>deleta.</span> 
     </span>
    </p>
   </div>
   <div class='ocr_carea' id='block_1_5' title="bbox 107 2967 701 3007">
    <p class='ocr_par' dir='ltr' id='par_1_6' title="bbox 107 2967 701 3007">
     <span class='ocr_line' id='line_1_39' title="bbox 107 2967 701 3007; baseline 0.007 -4"><span class='ocrx_word' id='word_1_339' title='bbox 107 2967 174 2992; x_wconf 78' lang='lat' dir='ltr'>-d</span> <span class='ocrx_word' id='word_1_340' title='bbox 197 2967 382 3005; x_wconf 80' lang='lat' dir='ltr'>Emend.</span> <span class='ocrx_word' id='word_1_341' title='bbox 403 2979 454 3006; x_wconf 85' lang='lat' dir='ltr'>ex</span> <span class='ocrx_word' id='word_1_342' title='bbox 472 2982 701 3007; x_wconf 88' lang='lat' dir='ltr'>numerum.</span> 
     </span>
    </p>
   </div>
   <div class='ocr_carea' id='block_1_6' title="bbox 249 3051 1594 3090">
    <p class='ocr_par' dir='ltr' id='par_1_7' title="bbox 249 3051 1594 3090">
     <span class='ocr_line' id='line_1_40' title="bbox 249 3051 1594 3090; baseline 0.007 -14"><span class='ocrx_word' id='word_1_343' title='bbox 249 3051 412 3077; x_wconf 64' lang='lat' dir='ltr'>errmuu</span> <span class='ocrx_word' id='word_1_344' title='bbox 433 3053 792 3085; x_wconf 70' lang='lat' dir='ltr'>QUAnnmnsrnus.-T.</span> <span class='ocrx_word' id='word_1_345' title='bbox 817 3056 867 3080; x_wconf 80' lang='lat' dir='ltr'>VI.</span> <span class='ocrx_word' id='word_1_346' title='bbox 1561 3065 1594 3090; x_wconf 84' lang='grc'>50</span> 
     </span>
    </p>
   </div>
  </div>
 </body>
</html>
