1908 3446
14 314 17 322 .
7 243 17 303 ⁴-e-
8 226 14 237 s
3 0 17 220 Α’ξτ-τῳὲ-’ἏὮ

7 337 18 382 t

510 228 852 271 338.—PAN0RM0
881 233 924 270 15
944 233 1146 280 JANUARH
1176 237 1265 273 1560
1588 243 1656 279 497

73 332 230 382 angelj‚
269 334 482 380 sexcenti,
508 340 555 372 ut
585 334 901 374 sanctissimam
932 344 1155 375 sumerent
1188 340 1400 388 synaxim,
1442 343 1699 382 intvrfncre.

9 396 18 411 ”
75 403 158 441 Tot
179 403 396 442 interdum
417 404 541 443 fuere
563 406 859 456 poenitentes,
884 413 929 445 ut
953 408 1082 446 etiam
1106 410 1391 448 concionator
1414 415 1503 462 ipso
1524 428 1546 451 a
1564 416 1699 464 primo

74 473 261 513 diluculo
298 488 433 526 usque
470 476 523 514 ad
559 478 849 528 concjonandj
888 484 1060 530 tempus
1094 493 1222 519 aures
1259 483 1609 522 confessionibus
1632 500 1701 524 au-

73 545 239 585 diendis
261 547 633 586 accomodauerit.
659 550 724 587 Sit
746 550 842 588 Deo
865 550 967 602 Opt.
994 552 1106 590 Max.
1132 553 1223 591 laus
1247 560 1289 591 et
1312 555 1450 605 gloria
1472 556 1513 593 in
1544 570 1700 607 pei-pv-

72 617 206 650 tuum.
231 613 308 651 His
330 626 504 664 quoque
536 615 759 653 mensibus
790 617 1001 666 plurimae
1023 623 1274 657 nostrorum
1298 631 1433 669 opera
1456 623 1699 672 eleeiiiosy-

72 696 152 722 nae
174 683 334 722 orfanis
356 689 400 722 et
423 685 656 735 egentibus
677 687 848 736 puellis,
874 692 919 725 ut
941 689 1195 738 monasterij
1221 690 1409 728 claustra
1431 692 1609 730 dotatae
1642 694 1701 731 in—

71 755 192 807 gredj
215 761 410 806 possent,
436 762 647 808 erogatae
670 764 785 796 sunt.

124 837 160 875 7.
220 826 337 864 R.‘¹¹¹S
364 828 494 865 Pater
511 829 732 879 Juuenalis
757 833 780 875 ¹,
805 829 932 867 huius
965 831 1139 882 collegij
1172 834 1413 883 speculum,
1448 835 1533 873 imo
1567 837 1700 874 totius

72 898 317 947 Panhormj,
341 899 749 949 splendidissimum.
777 914 873 939 cum
895 902 1005 940 febri
1022 904 1275 954 neutiquam
1292 905 1598 955 laboraujsset,
1623 907 1699 945 sed

71 969 297 1018 seujssime
322 970 377 1007 ob
401 972 732 1021 exuperantiam
754 985 831 1010 seu
860 973 1192 1012 redundantiam
1225 977 1445 1026 sanguinis
1476 985 1697 1028 aegrotas-

70 1046 137 1079 set
157 1041 349 1091 (semper
369 1054 558 1092 namque
580 1026 759 1082 strenue
790 1044 872 1094 pijs
905 1046 1268 1095 occupationibus
1300 1052 1343 1084 et
1376 1048 1598 1087 charitatis
1629 1063 1698 1088 ua-

69 1113 195 1152 cabat
217 1113 455 1164 operibus),
479 1120 628 1162 nocte,
652 1128 763 1166 quae
787 1116 903 1154 diem
923 1119 1167 1167 praecessit
1188 1120 1239 1157 D.
1267 1121 1527 1159 Catharinae
1559 1135 1698 1161 sacra-

68 1189 157 1222 tum
178 1188 204 1232 ²,
228 1197 307 1223 suo
330 1185 532 1235 Creatorj
556 1187 652 1225 Deo
676 1187 863 1236 anjmlam
885 1187 1089 1237 reddidit,
1113 1191 1290 1240 nemjne
1320 1198 1555 1242 praesente
1587 1208 1697 1232 mor-

68 1257 231 1306 taljum,
266 1257 344 1295 sed
374 1258 438 1307 (ut
467 1258 538 1308 pie
568 1259 675 1308 ljcet
706 1259 909 1309 credere)
940 1262 1176 1300 assistente
1207 1263 1395 1302 Domino
1424 1271 1575 1303 nostro
1595 1267 1696 1316 Jesu

68 1328 240 1368 Christo
262 1329 351 1379 (qui
381 1329 485 1378 nuilj
518 1343 706 1381 unquam
738 1330 867 1369 deest
896 1331 937 1368 in
960 1337 1160 1383 tempore
1191 1334 1480 1385 necessario),
1514 1349 1610 1374 cum
1641 1350 1695 1375 ne

66 1413 195 1438 unum
229 1399 404 1450 quidem
440 1400 555 1439 diem
590 1401 632 1439 in
668 1402 784 1440 lecto
821 1403 1044 1442 iacuisset.
1082 1405 1187 1442 Erat
1220 1405 1292 1443 ille
1329 1407 1458 1444 Pater
1491 1408 1693 1458 profecto

0 1491 13 1509 ι,
67 1471 285 1521 exemplar
308 1470 588 1510 obedientiae
610 1473 722 1510 inter
753 1486 848 1521 nos,
873 1479 1004 1524 atque
1026 1475 1140 1513 inter
1163 1489 1315 1515 omnes
1337 1478 1607 1527 humjlitatis,
1631 1480 1693 1517 fo-

0 1563 7 1584 :
63 1541 204 1591 risque
226 1542 441 1580 honorem
463 1543 544 1592 Dej
570 1549 615 1581 et
635 1544 875 1592 anjmarum
897 1546 1082 1584 salutem
1103 1546 1328 1586 indefesso
1351 1548 1496 1587 studio
1521 1555 1566 1587 et
1588 1551 1692 1601 nigi-

63 1611 299 1651 lantissima
319 1625 422 1651 cura
442 1614 662 1653 tuebatur.
689 1617 807 1654 Deus
829 1615 930 1666 Opt.
956 1618 1069 1656 Max.
1094 1619 1234 1668 uolujt
1256 1619 1374 1658 illum
1405 1621 1445 1657 in
1481 1628 1693 1672 perpetua

0 1679 11 1716 ΞῚ
63 1681 126 1732 (ut
158 1683 227 1733 pie
264 1682 500 1735 credimus)
535 1686 684 1735 quiete
721 1687 956 1736 collocare,
996 1700 1093 1726 cum
1125 1690 1245 1737 satis,
1271 1691 1375 1728 satis
1396 1691 1479 1729 iam
1501 1692 1690 1742 inquam,

63 1754 366 1804 laboraujsset,
390 1758 565 1795 tametsi
586 1757 659 1795 ille
684 1757 747 1806 ujr
769 1758 1037 1807 admjrabilis
1058 1761 1176 1799 nulla
1197 1774 1385 1812 unquam
1407 1762 1448 1800 in
1470 1776 1517 1801 re
1550 1777 1595 1801 se
1619 1764 1691 1802 de-

0 1826 13 1864 i·
62 1824 224 1864 fessum
245 1826 466 1865 sentiebat
486 1829 530 1866 in
551 1841 634 1879 qua
655 1829 751 1867 Deo
783 1829 1020 1880 gratificari
1053 1837 1220 1881 posset.
1261 1834 1336 1871 Est
1360 1834 1478 1884 quod
1498 1836 1574 1873 X.0
1595 1849 1689 1886 gra-

64 1897 143 1935 tias
164 1910 344 1948 agamus
365 1899 567 1949 ingentes
590 1905 634 1938 et
656 1900 940 1949 immortales,
964 1902 1123 1953 quippe
1155 1904 1226 1954 qui
1258 1909 1378 1942 tanta
1412 1906 1692 1955 proujdentia

13 2003 15 2005 .
46 1953 216 2007 cuncta
251 1969 519 2008 moderatur.
557 1971 594 2008 A
629 1971 809 2021 prandio
847 1973 1037 2011 cadauer
1071 1974 1113 2012 in
1148 1976 1359 2026 templum
1389 1977 1580 2025 allatum,
1605 1992 1690 2028 qno

62 2039 191 2089 (fama
212 2040 357 2078 obitus
377 2041 461 2078 iam
483 2041 725 2093 diuulgata)
748 2048 867 2081 tanta
889 2046 1099 2083 conuenit
1134 2046 1324 2097 undique
1362 2048 1608 2095 multitudo,
1646 2054 1691 2085 nt

10 2143 16 2146 .
63 2115 164 2150 tune
184 2111 358 2150 demum
380 2113 442 2162 rej
473 2115 830 2164 comprobauerit
866 2122 1068 2164 euentus,
1100 2131 1228 2168 quam
1260 2119 1416 2157 charus
1445 2124 1488 2157 et
1510 2133 1674 2158 uenera

64 2181 156 2221 bilis
191 2183 392 2233 omnjbus
424 2185 660 2223 extitisset.
687 2186 811 2224 Mitto
835 2186 1100 2226 deuotorum
1123 2188 1188 2238 (ut
1210 2189 1377 2239 dicunt)
1399 2191 1544 2237 fletus,
1568 2204 1690 2242 prae-

11 2301 13 2306 ·
62 2255 255 2303 termjtto
278 2256 477 2304 manjbus
500 2257 650 2294 oscula
671 2256 785 2304 data,
811 2262 854 2296 et
876 2259 1117 2308 petitiones
1140 2261 1210 2298 uel
1242 2261 1514 2309 mjnimarum
1546 2275 1689 2300 rerum

12 2328 13 2331 ’
63 2323 213 2375 quibus
247 2326 318 2364 ille
350 2326 451 2364 dum
472 2326 514 2365 in
536 2327 649 2376 ujuis
670 2335 843 2379 ageret,
868 2342 970 2368 usus
991 2331 1163 2380 fujsset.
1189 2333 1288 2370 Hoc
1309 2346 1440 2371 unum
1464 2333 1689 2372 dumtaxat

62 2409 147 2434 non
166 2409 343 2447 possum
372 2394 746 2447 uolr'recensere3
782 2414 979 2440 maurum
1006 2404 1225 2454 quendam
1260 2405 1451 2443 nondum
1488 2406 1686 2456 baptismj

62 2467 233 2507 lauacro
279 2475 511 2520 purgatum
555 2472 798 2510 accessisse
839 2473 893 2511 ad
932 2474 1211 2524 pheretrum,
1261 2481 1306 2515 et
1356 2478 1555 2526 manjbus
1596 2479 1688 2515 eius

63 2540 207 2577 oscula
226 2541 493 2591 porrexisse.
513 2543 623 2580 Nam
645 2544 715 2581 uel
735 2544 877 2582 orbati
893 2544 995 2594 fidej
1019 2551 1199 2585 nostrae
1223 2548 1503 2587 orthodoxae
1526 2549 1686 2598 lumjne

59 2616 272 2649 nouerant
291 2611 410 2650 illum
431 2618 635 2663 tanquam
658 2614 800 2663 ujrum
823 2615 1028 2666 singularj
1067 2617 1250 2666 ujrtute,
1282 2632 1536 2670 summaque
1567 2621 1685 2669 ujtae

61 2678 327 2731 integritate,
351 2695 403 2721 ac
423 2683 675 2722 innocentia
696 2684 927 2735 preditum.
952 2687 1110 2726 Preces
1127 2689 1450 2740 defunctorum
1475 2704 1501 2728 a
1519 2690 1690 2729 nostris

107 2911 116 2931 ¹
167 2911 212 2949 P.
228 2912 440 2960 Juvenalis
465 2914 653 2953 Boterus.
684 2916 749 2954 Cf.
781 2916 1041 2964 SAcchUM,
1075 2920 1181 2957 Hz'st
1222 2920 1314 2958 Soc.
1338 2920 1464 2967 Jesu,
1499 2928 1599 2968 part.
1633 2921 1680 2962 ΙΙ,

60 2969 127 3008 lib.
146 2970 212 3015 III,
233 2985 272 3010 n.
291 2972 350 3018 62;
372 2974 617 3018 AGUHAERA,
639 2976 769 3015 Prov.
792 2978 890 3022 Sic„
911 2992 947 3015 a.
975 2979 1074 3022 1559,
1095 2984 1114 3021 ἓ
1134 2979 1354 3017 XXXVH.

106 3029 120 3050 ²
166 3030 213 3068 25
230 3031 484 3072 Novembris.

199 3114 362 3143 anmaAn
381 3117 740 3151 Qtunnfflusrnns.—T.
762 3121 816 3147 VI.
1511 3128 1545 3153 32
