1908 3446
10 205 11 208 Α
8 197 12 199 ·
9 164 19 186 :e
5 0 20 142 &mss-3²5³

2 3405 35 3418 (l

0 3426 17 3446 Η

518 252 907 292 355.-BELL1MARE
932 253 979 291 28
1007 252 1166 291 MARTn
1196 253 1288 292 1560
1601 253 1667 292 561

100 357 332 407 Bellymar3
350 356 522 406 hocque
542 369 639 395 esse
657 357 946 408 agricolarum
963 369 1120 408 pagum
1144 358 1299 409 Burgis
1317 370 1444 408 quam
1461 358 1721 408 proximum,

97 431 227 468 immo
251 430 560 466 suburbanum.
585 429 642 466 At
665 442 771 467 uero
794 443 879 480 quo
901 434 1030 480 pacto
1054 430 1118 467 vir
1140 429 1224 467 iste
1247 430 1482 480 collegium
1505 429 1618 467 idem
1642 430 1724 467 iam

97 501 311 539 Societati
344 500 586 547 tradiderit,
624 506 731 550 quot
763 500 844 537 sint
879 503 921 538 in
958 500 1117 538 eodem
1155 500 1345 551 collegio
1382 500 1618 538 Societatis
1653 501 1726 537 mi-

97 572 234 618 nistri,
258 583 427 622 quaeue
451 571 594 609 munia
616 572 772 621 singuli
795 577 1083 621 exequantur,
1113 584 1223 622 quos
1252 570 1436 609 subinde
1467 571 1576 609 Deo.
1615 571 1725 619 ejus-

99 643 195 681 dem
228 643 309 680 Dei
339 643 507 688 fauore,
538 643 730 680 referant
758 643 940 689 f1-uetus3
963 643 1109 680 forsan
1144 643 1334 680 nondum
1357 642 1581 693 accepisti.
1606 642 1729 679 Haec

99 714 231 764 igitur
253 713 445 751 iniuncta
467 718 565 750 sunt
588 714 687 750 mihi
711 726 734 750 a
757 715 827 751 P.⁶'
850 713 963 764 Mag.
990 713 1186 764 Baptista
1210 720 1233 759 ¹,
1270 714 1399 762 hujus
1428 713 1601 763 collegii
1638 726 1728 750 rec-

100 790 212 830 tore,
250 789 297 821 ut
320 783 396 821 tibi
430 796 634 821 sermone
658 785 961 835 qualicumque
986 783 1134 830 latino,
1155 783 1386 835 perspicue
1411 789 1557 822 tamen
1582 790 1626 822 et
1647 797 1731 834 qua

98 866 274 905 possem
296 854 529 900 breuitate,
553 866 789 893 narrarem.

149 936 186 963 2.
248 925 504 963 Praedictus
526 925 605 971 vir,
631 926 699 962 cui
722 925 943 963 indefessa
961 926 980 943 a
1002 930 1069 963 est
1086 925 1141 963 de
1165 925 1305 963 salute
1327 926 1565 963 animarum
1589 924 1730 963 solici-

97 997 219 1044 tudo,
243 996 355 1035 adeo
379 995 572 1034 instanit
593 997 612 1020 b
634 998 737 1034 noui
760 997 935 1047 collegij
961 1002 1222 1044 structurae,
1253 1002 1299 1034 ut
1327 997 1589 1034 breuissimo
1622 1002 1729 1034 tem-

98 1081 204 1119 pore
238 1068 501 1118 permultum
534 1068 679 1118 operis
714 1068 872 1106 fecerit
902 1068 1086 1106 absolui.
1120 1068 1202 1106 Vbi
1238 1080 1345 1106 uero
1381 1068 1531 1106 habuit
1567 1069 1731 1118 aliquas

97 1139 244 1185 cellas,
264 1151 375 1188 quae
394 1139 626 1177 commode
648 1144 831 1189 possent
851 1138 1051 1185 habitari,
1075 1139 1306 1190 impatiens
1328 1139 1540 1190 longioris
1563 1151 1726 1186 morae,

97 1216 205 1257 orat,
230 1210 398 1262 flagitat
421 1216 666 1261 opportune
689 1217 733 1248 et
754 1212 1002 1261 importune
1026 1213 1200 1249 Patrem
1222 1212 1522 1261 praepositum
1556 1211 1729 1260 prouin-

98 1283 250 1322 cialem
272 1284 284 1302 ²
306 1282 448 1320 mittat
469 1282 741 1320 habitatores
764 1282 957 1333 collegij,
981 1283 1054 1333 qui
1075 1284 1403 1333 possessionem
1427 1283 1612 1333 capiant,
1638 1283 1729 1320 mit-

99 1359 161 1392 tat
184 1354 408 1405 operarios
430 1354 472 1392 in
492 1354 622 1391 latam
644 1354 757 1391 hanc
779 1359 822 1392 et
845 1354 947 1391 satis
970 1354 1175 1392 incultam
1205 1356 1377 1410 vineam
1405 1354 1596 1403 Dominj.
1631 1355 1730 1392 Non

95 1426 236 1476 potuit
258 1427 387 1464 Pater
408 1426 685 1477 praepositus
706 1426 985 1476 prouincialis
1008 1432 1095 1464 tam
1116 1426 1198 1477 pijs
1221 1432 1266 1464 et
1286 1426 1590 1476 frequentibus
1614 1425 1729 1463 votis

95 1510 181 1535 non
202 1509 413 1545 annuere,
437 1501 481 1535 et
502 1496 617 1535 misit
640 1499 814 1535 Patrem
839 1499 950 1548 Mag.
977 1498 1232 1548 Baptistam,
1253 1498 1325 1547 qui
1343 1498 1384 1535 in
1401 1510 1518 1535 nouo
1539 1497 1728 1547 collegio

97 1569 282 1607 rectoris
303 1568 561 1619 fungeretur
586 1568 748 1616 officio,
773 1569 887 1606 misit
918 1582 1003 1614 me,
1036 1568 1260 1620 indignum
1297 1569 1591 1615 sacerdotem,
1617 1569 1731 1606 misit

98 1645 140 1677 et
175 1639 285 1678 duos
319 1639 477 1678 fratres
516 1640 783 1690 temporales
819 1639 1118 1688 coadjutores,
1156 1640 1272 1678 misit
1307 1640 1466 1678 deinde
1502 1645 1601 1690 post
1636 1639 1731 1677 dies

97 1709 274 1762 aliquot,
298 1711 515 1762 quendam
537 1710 773 1749 Societatis
795 1711 989 1758 fratrem,
1014 1712 1086 1761 qui
1109 1711 1343 1750 admodum
1378 1712 1558 1762 pulchre
1595 1711 1730 1761 picto-

97 1783 200 1820 riam
231 1788 415 1820 exercet
444 1788 598 1828 artem,
623 1788 669 1819 ut
690 1781 870 1832 picturis
893 1789 937 1819 et
958 1782 1218 1833 imaginibus
1239 1795 1477 1834 pauperem
1500 1783 1626 1828 hanc,
1652 1781 1730 1819 sed

97 1855 318 1904 pulchram
340 1854 517 1892 domum
538 1854 834 1905 pulchriorem
857 1854 1080 1892 redderet.
1115 1856 1401 1892 Peruenimus
1432 1854 1486 1891 ad
1523 1853 1608 1891 hoc
1644 1853 1731 1891 col-

96 1926 254 1976 legium
285 1930 439 1976 quarto
476 1926 570 1963 Kal.
604 1925 750 1972 Febr.‚
775 1923 845 1963 die
869 1926 1007 1964 sancti
1029 1927 1166 1973 Pauli,
1191 1926 1315 1976 primi
1337 1913 1581 1964 heremitae
1602 1930 1630 1972 ⁸,
1656 1925 1728 1963 ubi

97 2002 181 2035 tarn
204 1997 330 2035 laetis
351 1998 504 2036 animis
524 1998 578 2035 ab
602 1998 802 2036 omnibus
842 2011 990 2035 sumus
1013 1999 1204 2047 excepti,
1229 2011 1357 2047 quam
1380 1997 1635 2036 ardentibus
1657 1997 1731 2035 de-

97 2068 283 2118 syderijs
305 2081 477 2107 eramus
500 2069 737 2120 expectati.
763 2070 915 2106 Patres
947 2067 1111 2119 aliquot
1147 2069 1384 2107 Societatis
1417 2069 1592 2120 collegij
1629 2069 1728 2107 bur-

97 2139 243 2190 gensis
264 2152 343 2177 nos
365 2144 463 2178 sunt
486 2141 696 2187 comitati,
730 2141 857 2180 simul
889 2147 934 2179 et
954 2139 1271 2191 proepiscopus
1298 2140 1532 2191 burgensis
1563 2140 1729 2190 episco-

97 2215 221 2261 patus
242 2223 340 2248 cum
362 2211 457 2260 alijs
478 2211 711 2249 nobilibus.
738 2212 907 2261 Quibus
929 2211 1171 2249 astantibus
1193 2211 1355 2249 factum
1388 2218 1453 2248 est
1485 2223 1655 2249 sacrum
1688 2211 1729 2248 in

100 2281 264 2332 capella
284 2281 469 2332 quadarn
492 2281 547 2320 ad
567 2283 654 2320 hoc
676 2288 842 2320 ornata.
867 2282 1073 2320 Nondum
1097 2282 1210 2320 enim
1228 2281 1510 2332 principctlis
1542 2281 1732 2319 ecclesia

100 2353 271 2404 collegij
303 2353 502 2407 perfecta
532 2360 613 2392 est.
649 2354 947 2393 Concionatus
980 2359 1046 2391 est
1067 2353 1241 2405 quidam
1265 2361 1280 2378 C
1304 2353 1542 2392 Societatis
1563 2366 1650 2390 non
1674 2353 1732 2389 in-

99 2423 222 2462 fimus
257 2425 557 2472 concionator,
594 2437 678 2463 nec
712 2424 895 2463 defuere
935 2426 1100 2463 musica
1138 2425 1442 2470 instrumenta,
1483 2430 1610 2474 prout
1647 2424 1731 2461 iste

99 2493 385 2545 agricolarum
405 2495 578 2534 ferebat
598 2497 737 2534 locus.
762 2497 868 2534 Post
891 2508 1060 2534 sacrum
1082 2496 1241 2534 tradita
1264 2502 1332 2534 est
1355 2496 1530 2546 collegij
1555 2507 1729 2546 posses-

145 2693 164 2713 a
213 2693 398 2740 Syllaba
415 2693 453 2729 fe
472 2697 610 2739 supra
629 2703 821 2730 versum.
881 2693 941 2718 --b
963 2692 1121 2730 institit.
1176 2700 1239 2719 ——0
1260 2705 1372 2729 urae.

149 2899 158 2918 ¹
208 2897 254 2935 P.
269 2897 451 2944 Joannes
468 2896 655 2944 Baptista
673 2895 722 2932 de
742 2894 918 2941 Segura.

149 2957 162 2976 ⁹
210 2957 256 2995 P.
276 2957 481 2995 Antonius
500 2957 550 2993 de
570 2955 722 2993 Araoz.

148 3016 161 3036 ³
211 3016 278 3055 Sic
312 3023 464 3062 auctor,
501 3015 674 3053 fortasse
703 3014 925 3052 seeundum
955 3014 1154 3051 ecclesiae
1185 3014 1403 3060 burgensis
1437 3013 1730 3052 calendarium.

105 3073 267 3113 Festum
288 3076 362 3114 Sti.
387 3075 501 3113 Pauli
523 3075 717 3112 eremitae
736 3073 965 3121 generatim
983 3073 1047 3111 die
1070 3073 1112 3110 10
1125 3073 1314 3121 Januarii
1334 3073 1633 3111 celebrabatur.

244 3160 406 3186 errmun
426 3159 786 3194 QUAnnmnsrnns.-—T.
808 3158 860 3184 VI.
1560 3156 1592 3186 36
