<?xml version="1.0" encoding="UTF-8"?>
<!DOCTYPE html PUBLIC "-//W3C//DTD XHTML 1.0 Transitional//EN"
    "http://www.w3.org/TR/xhtml1/DTD/xhtml1-transitional.dtd">
<html xmlns="http://www.w3.org/1999/xhtml" xml:lang="en" lang="en">
 <head>
  <title>
</title>
<meta http-equiv="Content-Type" content="text/html;charset=utf-8" />
  <meta name='ocr-system' content='tesseract 3.04.00' />
  <meta name='ocr-capabilities' content='ocr_page ocr_carea ocr_par ocr_line ocrx_word'/>
</head>
<body>
  <div class='ocr_page' id='page_1' title='image "./litteraequadrime1806lain_0499.png"; bbox 0 0 1908 3446; ppageno 0'>
   <div class='ocr_carea' id='block_1_1' title="bbox 521 161 1613 209">
    <p class='ocr_par' dir='ltr' id='par_1_1' title="bbox 521 161 1613 209">
     <span class='ocr_line' id='line_1_1' title="bbox 521 161 1613 209; baseline -0.002 -9"><span class='ocrx_word' id='word_1_1' title='bbox 521 162 780 201; x_wconf 68' lang='lat' dir='ltr'>334—SEN1s</span> <span class='ocrx_word' id='word_1_2' title='bbox 803 162 826 200; x_wconf 87' lang='lat'>8</span> <span class='ocrx_word' id='word_1_3' title='bbox 848 161 1049 209; x_wconf 84' lang='lat' dir='ltr'>JANUARH</span> <span class='ocrx_word' id='word_1_4' title='bbox 1080 161 1169 199; x_wconf 84' lang='lat'>1560</span> <span class='ocrx_word' id='word_1_5' title='bbox 1544 161 1613 198; x_wconf 70' lang='lat'>479</span> 
     </span>
    </p>
   </div>
   <div class='ocr_carea' id='block_1_2' title="bbox 11 262 1671 2032">
    <p class='ocr_par' dir='ltr' id='par_1_2' title="bbox 11 262 1671 2032">
     <span class='ocr_line' id='line_1_2' title="bbox 43 262 1661 317; baseline -0.005 -8"><span class='ocrx_word' id='word_1_6' title='bbox 43 273 140 309; x_wconf 83' lang='lat' dir='ltr'>tuae</span> <span class='ocrx_word' id='word_1_7' title='bbox 161 267 283 306; x_wconf 48' lang='lat' dir='ltr'>Rfiae</span> <span class='ocrx_word' id='word_1_8' title='bbox 308 268 356 305; x_wconf 83' lang='lat' dir='ltr'>P.</span> <span class='ocrx_word' id='word_1_9' title='bbox 380 266 696 317; x_wconf 77' lang='lat' dir='ltr'>significatum</span> <span class='ocrx_word' id='word_1_10' title='bbox 711 264 827 315; x_wconf 67' lang='lat' dir='ltr'>fuit,⁸</span> <span class='ocrx_word' id='word_1_11' title='bbox 851 277 971 302; x_wconf 85' lang='lat' dir='ltr'>nunc</span> <span class='ocrx_word' id='word_1_12' title='bbox 993 266 1142 302; x_wconf 79' lang='lat' dir='ltr'>tamen</span> <span class='ocrx_word' id='word_1_13' title='bbox 1165 262 1379 314; x_wconf 81' lang='lat' dir='ltr'>differre,</span> <span class='ocrx_word' id='word_1_14' title='bbox 1405 264 1661 302; x_wconf 81' lang='lat' dir='ltr'>conducibi-</span> 
     </span>
     <span class='ocr_line' id='line_1_3' title="bbox 42 333 1661 389; baseline -0.005 -10"><span class='ocrx_word' id='word_1_15' title='bbox 42 342 78 380; x_wconf 88' lang='lat' dir='ltr'>le</span> <span class='ocrx_word' id='word_1_16' title='bbox 99 338 278 379; x_wconf 82' lang='lat' dir='ltr'>minime</span> <span class='ocrx_word' id='word_1_17' title='bbox 304 340 537 389; x_wconf 74' lang='lat' dir='ltr'>putamus;</span> <span class='ocrx_word' id='word_1_18' title='bbox 571 337 706 375; x_wconf 82' lang='lat' dir='ltr'>immo</span> <span class='ocrx_word' id='word_1_19' title='bbox 740 339 798 374; x_wconf 81' lang='lat' dir='ltr'>ud</span> <span class='ocrx_word' id='word_1_20' title='bbox 829 338 1111 375; x_wconf 85' lang='lat' dir='ltr'>coeterorum</span> <span class='ocrx_word' id='word_1_21' title='bbox 1143 333 1434 384; x_wconf 72' lang='lat' dir='ltr'>disciplinam</span> <span class='ocrx_word' id='word_1_22' title='bbox 1466 335 1661 372; x_wconf 75' lang='lat' dir='ltr'>conscri-</span> 
     </span>
     <span class='ocr_line' id='line_1_4' title="bbox 11 404 1663 456; baseline -0.004 -5.856"><span class='ocrx_word' id='word_1_23' title='bbox 11 412 202 451; x_wconf 80' lang='lat' dir='ltr'>bendas</span> <span class='ocrx_word' id='word_1_24' title='bbox 235 408 401 447; x_wconf 77' lang='lat' dir='ltr'>usitato</span> <span class='ocrx_word' id='word_1_25' title='bbox 435 408 594 446; x_wconf 81' lang='lat' dir='ltr'>ordine</span> <span class='ocrx_word' id='word_1_26' title='bbox 625 407 895 446; x_wconf 78' lang='lat' dir='ltr'>censuimus.</span> <span class='ocrx_word' id='word_1_27' title='bbox 931 407 985 444; x_wconf 93' lang='lat' dir='ltr'>Vt</span> <span class='ocrx_word' id='word_1_28' title='bbox 1016 419 1198 456; x_wconf 77' lang='lat' dir='ltr'>primum</span> <span class='ocrx_word' id='word_1_29' title='bbox 1228 405 1282 443; x_wconf 91' lang='lat' dir='ltr'>de</span> <span class='ocrx_word' id='word_1_30' title='bbox 1315 404 1569 444; x_wconf 79' lang='lat' dir='ltr'>domesticis</span> <span class='ocrx_word' id='word_1_31' title='bbox 1598 419 1663 443; x_wconf 86' lang='lat' dir='ltr'>r-e</span> 
     </span>
     <span class='ocr_line' id='line_1_5' title="bbox 15 477 1662 530; baseline -0.006 -7"><span class='ocrx_word' id='word_1_32' title='bbox 15 482 132 528; x_wconf 69' lang='lat' dir='ltr'>ibus,</span> <span class='ocrx_word' id='word_1_33' title='bbox 157 482 288 519; x_wconf 67' lang='lat' dir='ltr'>tuma</span> <span class='ocrx_word' id='word_1_34' title='bbox 309 480 364 518; x_wconf 90' lang='lat' dir='ltr'>de</span> <span class='ocrx_word' id='word_1_35' title='bbox 396 480 542 526; x_wconf 86' lang='lat' dir='ltr'>scolis;</span> <span class='ocrx_word' id='word_1_36' title='bbox 565 478 739 530; x_wconf 90' lang='lat' dir='ltr'>deque</span> <span class='ocrx_word' id='word_1_37' title='bbox 732 479 783 528; x_wconf 81' lang='lat' dir='ltr'>ijs</span> <span class='ocrx_word' id='word_1_38' title='bbox 805 484 1048 530; x_wconf 83' lang='lat' dir='ltr'>postremo,</span> <span class='ocrx_word' id='word_1_39' title='bbox 1068 490 1181 527; x_wconf 90' lang='lat' dir='ltr'>quae</span> <span class='ocrx_word' id='word_1_40' title='bbox 1198 477 1304 515; x_wconf 82' lang='lat' dir='ltr'>foris</span> <span class='ocrx_word' id='word_1_41' title='bbox 1321 483 1548 528; x_wconf 88' lang='lat' dir='ltr'>geruntur,</span> <span class='ocrx_word' id='word_1_42' title='bbox 1568 477 1662 514; x_wconf 78' lang='lat' dir='ltr'>bre-</span> 
     </span>
     <span class='ocr_line' id='line_1_6' title="bbox 15 545 1663 601; baseline -0.004 -7.883"><span class='ocrx_word' id='word_1_43' title='bbox 15 553 149 594; x_wconf 66' lang='lat' dir='ltr'>ffuiter</span> <span class='ocrx_word' id='word_1_44' title='bbox 170 552 375 590; x_wconf 86' lang='lat' dir='ltr'>dicamus.</span> <span class='ocrx_word' id='word_1_45' title='bbox 401 551 551 589; x_wconf 82' lang='lat' dir='ltr'>Nostri</span> <span class='ocrx_word' id='word_1_46' title='bbox 572 550 769 601; x_wconf 82' lang='lat' dir='ltr'>quotidie</span> <span class='ocrx_word' id='word_1_47' title='bbox 792 549 981 588; x_wconf 86' lang='lat' dir='ltr'>maiores</span> <span class='ocrx_word' id='word_1_48' title='bbox 1002 550 1043 587; x_wconf 89' lang='lat' dir='ltr'>in</span> <span class='ocrx_word' id='word_1_49' title='bbox 1072 549 1306 587; x_wconf 86' lang='lat' dir='ltr'>uirtutibus</span> <span class='ocrx_word' id='word_1_50' title='bbox 1330 554 1374 586; x_wconf 92' lang='lat' dir='ltr'>et</span> <span class='ocrx_word' id='word_1_51' title='bbox 1401 545 1477 586; x_wconf 89' lang='lat' dir='ltr'>sui</span> <span class='ocrx_word' id='word_1_52' title='bbox 1487 548 1625 599; x_wconf 81' lang='lat' dir='ltr'>ipszus</span> <span class='ocrx_word' id='word_1_53' title='bbox 1647 550 1663 571; x_wconf 78' lang='lat'>¹</span> 
     </span>
     <span class='ocr_line' id='line_1_7' title="bbox 15 621 1665 678; baseline -0.004 -15"><span class='ocrx_word' id='word_1_54' title='bbox 15 668 17 674; x_wconf 25' lang='lat' dir='ltr'>y</span> <span class='ocrx_word' id='word_1_55' title='bbox 15 624 291 678; x_wconf 87' lang='lat' dir='ltr'>praesertim</span> <span class='ocrx_word' id='word_1_56' title='bbox 309 622 597 672; x_wconf 83' lang='lat' dir='ltr'>despectione</span> <span class='ocrx_word' id='word_1_57' title='bbox 614 634 876 672; x_wconf 85' lang='lat' dir='ltr'>progressus</span> <span class='ocrx_word' id='word_1_58' title='bbox 895 622 1075 668; x_wconf 86' lang='lat' dir='ltr'>faciunt,</span> <span class='ocrx_word' id='word_1_59' title='bbox 1095 621 1148 658; x_wconf 91' lang='lat' dir='ltr'>ad</span> <span class='ocrx_word' id='word_1_60' title='bbox 1166 633 1293 671; x_wconf 86' lang='lat' dir='ltr'>quam</span> <span class='ocrx_word' id='word_1_61' title='bbox 1313 621 1358 658; x_wconf 76' lang='lat' dir='ltr'>P.</span> <span class='ocrx_word' id='word_1_62' title='bbox 1384 626 1531 658; x_wconf 85' lang='lat' dir='ltr'>rector</span> <span class='ocrx_word' id='word_1_63' title='bbox 1556 625 1562 643; x_wconf 88' lang='lat'>¹</span> <span class='ocrx_word' id='word_1_64' title='bbox 1586 633 1665 657; x_wconf 88' lang='lat' dir='ltr'>nos</span> 
     </span>
     <span class='ocr_line' id='line_1_8' title="bbox 14 692 1664 750; baseline -0.004 -14"><span class='ocrx_word' id='word_1_65' title='bbox 14 694 17 747; x_wconf 72' lang='grc' dir='ltr'><strong>ἱ</strong></span> <span class='ocrx_word' id='word_1_66' title='bbox 42 697 263 750; x_wconf 89' lang='lat' dir='ltr'>plurimum</span> <span class='ocrx_word' id='word_1_67' title='bbox 287 695 541 732; x_wconf 81' lang='lat' dir='ltr'>cohortatur</span> <span class='ocrx_word' id='word_1_68' title='bbox 564 701 594 731; x_wconf 78' lang='lat'>0.</span> <span class='ocrx_word' id='word_1_69' title='bbox 620 693 778 743; x_wconf 72' lang='lat' dir='ltr'>Nuper</span> <span class='ocrx_word' id='word_1_70' title='bbox 799 693 917 732; x_wconf 77' lang='lat' dir='ltr'>enim</span> <span class='ocrx_word' id='word_1_71' title='bbox 941 694 1024 732; x_wconf 77' lang='lat' dir='ltr'>lioc</span> <span class='ocrx_word' id='word_1_72' title='bbox 1047 692 1261 739; x_wconf 77' lang='lat' dir='ltr'>instituit,</span> <span class='ocrx_word' id='word_1_73' title='bbox 1290 695 1335 731; x_wconf 82' lang='lat' dir='ltr'>ut</span> <span class='ocrx_word' id='word_1_74' title='bbox 1349 692 1566 744; x_wconf 80' lang='lat' dir='ltr'>fratrum</span> <span class='ocrx_word' id='word_1_75' title='bbox 1588 704 1664 730; x_wconf 85' lang='lat' dir='ltr'>no-</span> 
     </span>
     <span class='ocr_line' id='line_1_9' title="bbox 15 763 1665 816; baseline -0.004 -8"><span class='ocrx_word' id='word_1_76' title='bbox 15 783 16 798; x_wconf 71' lang='lat'>2</span> <span class='ocrx_word' id='word_1_77' title='bbox 42 767 163 808; x_wconf 82' lang='lat' dir='ltr'>mina</span> <span class='ocrx_word' id='word_1_78' title='bbox 186 765 519 816; x_wconf 79' lang='lat' dir='ltr'>coniJ&#39;cerentur</span> <span class='ocrx_word' id='word_1_79' title='bbox 543 764 588 802; x_wconf 86' lang='lat' dir='ltr'>in</span> <span class='ocrx_word' id='word_1_80' title='bbox 619 777 802 811; x_wconf 79' lang='lat' dir='ltr'>urnam,</span> <span class='ocrx_word' id='word_1_81' title='bbox 827 767 866 803; x_wconf 80' lang='lat' dir='ltr'>et</span> <span class='ocrx_word' id='word_1_82' title='bbox 888 765 1018 815; x_wconf 80' lang='lat' dir='ltr'>cujus</span> <span class='ocrx_word' id='word_1_83' title='bbox 1048 764 1210 803; x_wconf 82' lang='lat' dir='ltr'>nomen</span> <span class='ocrx_word' id='word_1_84' title='bbox 1228 763 1433 814; x_wconf 73' lang='lat' dir='ltr'>primum</span> <span class='ocrx_word' id='word_1_85' title='bbox 1464 765 1665 802; x_wconf 86' lang='lat' dir='ltr'>educere-</span> 
     </span>
     <span class='ocr_line' id='line_1_10' title="bbox 14 829 1666 897; baseline -0.004 -19"><span class='ocrx_word' id='word_1_86' title='bbox 14 829 17 897; x_wconf 54' lang='lat'>}</span> <span class='ocrx_word' id='word_1_87' title='bbox 44 842 130 886; x_wconf 90' lang='lat' dir='ltr'>tur,</span> <span class='ocrx_word' id='word_1_88' title='bbox 152 837 226 876; x_wconf 81' lang='lat' dir='ltr'>illi</span> <span class='ocrx_word' id='word_1_89' title='bbox 244 839 418 883; x_wconf 77' lang='lat' dir='ltr'>errata,</span> <span class='ocrx_word' id='word_1_90' title='bbox 445 849 557 886; x_wconf 76' lang='lat' dir='ltr'>quae</span> <span class='ocrx_word' id='word_1_91' title='bbox 580 837 696 875; x_wconf 79' lang='lat' dir='ltr'>alter</span> <span class='ocrx_word' id='word_1_92' title='bbox 718 837 773 874; x_wconf 78' lang='lat' dir='ltr'>ab</span> <span class='ocrx_word' id='word_1_93' title='bbox 795 836 1003 875; x_wconf 81' lang='lat' dir='ltr'>omnibus</span> <span class='ocrx_word' id='word_1_94' title='bbox 1020 836 1243 887; x_wconf 77' lang='lat' dir='ltr'>exigebat,</span> <span class='ocrx_word' id='word_1_95' title='bbox 1278 836 1438 886; x_wconf 73' lang='lat' dir='ltr'>palam</span> <span class='ocrx_word' id='word_1_96' title='bbox 1473 834 1666 885; x_wconf 72' lang='lat' dir='ltr'>explicu-</span> 
     </span>
     <span class='ocr_line' id='line_1_11' title="bbox 14 906 1665 964; baseline -0.004 -14"><span class='ocrx_word' id='word_1_97' title='bbox 14 910 17 964; x_wconf 67' lang='grc' dir='ltr'>ξ</span> <span class='ocrx_word' id='word_1_98' title='bbox 44 911 211 950; x_wconf 87' lang='lat' dir='ltr'>rentur.</span> <span class='ocrx_word' id='word_1_99' title='bbox 234 908 301 948; x_wconf 88' lang='lat' dir='ltr'>Ex</span> <span class='ocrx_word' id='word_1_100' title='bbox 318 921 403 958; x_wconf 80' lang='lat' dir='ltr'>quo</span> <span class='ocrx_word' id='word_1_101' title='bbox 422 909 643 958; x_wconf 80' lang='lat' dir='ltr'>quantum</span> <span class='ocrx_word' id='word_1_102' title='bbox 656 907 943 957; x_wconf 68' lang='lat' dir='ltr'>percipiatur</span> <span class='ocrx_word' id='word_1_103' title='bbox 955 906 1261 953; x_wconf 82' lang='lat' dir='ltr'>emolumenti</span> <span class='ocrx_word' id='word_1_104' title='bbox 1280 906 1454 957; x_wconf 86' lang='lat' dir='ltr'>liquido</span> <span class='ocrx_word' id='word_1_105' title='bbox 1473 908 1665 953; x_wconf 76' lang='lat' dir='ltr'>constat3</span> 
     </span>
     <span class='ocr_line' id='line_1_12' title="bbox 14 977 1667 1029; baseline -0.003 -9"><span class='ocrx_word' id='word_1_106' title='bbox 14 992 17 1007; x_wconf 76' lang='lat'>⁸</span> <span class='ocrx_word' id='word_1_107' title='bbox 46 983 102 1021; x_wconf 86' lang='lat' dir='ltr'>ad</span> <span class='ocrx_word' id='word_1_108' title='bbox 135 993 219 1019; x_wconf 78' lang='lat' dir='ltr'>sua</span> <span class='ocrx_word' id='word_1_109' title='bbox 250 979 412 1029; x_wconf 68' lang='lat' dir='ltr'>quippe</span> <span class='ocrx_word' id='word_1_110' title='bbox 439 977 619 1029; x_wconf 73' lang='lat' dir='ltr'>Singuli</span> <span class='ocrx_word' id='word_1_111' title='bbox 650 991 840 1017; x_wconf 78' lang='lat' dir='ltr'>munera</span> <span class='ocrx_word' id='word_1_112' title='bbox 866 979 1069 1017; x_wconf 85' lang='lat' dir='ltr'>obeunda</span> <span class='ocrx_word' id='word_1_113' title='bbox 1092 979 1367 1029; x_wconf 80' lang='lat' dir='ltr'>regulasque</span> <span class='ocrx_word' id='word_1_114' title='bbox 1398 979 1667 1016; x_wconf 77' lang='lat' dir='ltr'>teneuendas·</span> 
     </span>
     <span class='ocr_line' id='line_1_13' title="bbox 14 966 661 1104; baseline -0.008 -12"><span class='ocrx_word' id='word_1_115' title='bbox 14 966 17 1082; x_wconf 66' lang='lat' dir='ltr'>i</span> <span class='ocrx_word' id='word_1_116' title='bbox 45 1050 357 1104; x_wconf 78' lang='lat' dir='ltr'>diligentiores</span> <span class='ocrx_word' id='word_1_117' title='bbox 377 1049 661 1102; x_wconf 77' lang='lat' dir='ltr'>efficiuntur.</span> 
     </span>
     <span class='ocr_line' id='line_1_14' title="bbox 14 1110 1668 1200; baseline -0.003 -37"><span class='ocrx_word' id='word_1_118' title='bbox 14 1110 17 1200; x_wconf 63' lang='grc'><strong>,</strong></span> <span class='ocrx_word' id='word_1_119' title='bbox 92 1135 129 1163; x_wconf 88' lang='lat'>2.</span> <span class='ocrx_word' id='word_1_120' title='bbox 188 1123 296 1170; x_wconf 80' lang='lat' dir='ltr'>Scis,</span> <span class='ocrx_word' id='word_1_121' title='bbox 336 1123 382 1160; x_wconf 83' lang='lat' dir='ltr'>R.</span> <span class='ocrx_word' id='word_1_122' title='bbox 418 1123 504 1168; x_wconf 64' lang='lat' dir='ltr'>Pr„</span> <span class='ocrx_word' id='word_1_123' title='bbox 528 1134 613 1172; x_wconf 90' lang='lat' dir='ltr'>qua</span> <span class='ocrx_word' id='word_1_124' title='bbox 643 1120 813 1160; x_wconf 89' lang='lat' dir='ltr'>ratione</span> <span class='ocrx_word' id='word_1_125' title='bbox 848 1122 974 1159; x_wconf 90' lang='lat' dir='ltr'>nobis</span> <span class='ocrx_word' id='word_1_126' title='bbox 1005 1121 1285 1160; x_wconf 79' lang='lat' dir='ltr'>habitandam</span> <span class='ocrx_word' id='word_1_127' title='bbox 1314 1119 1539 1159; x_wconf 87' lang='lat' dir='ltr'>cuiusdam</span> <span class='ocrx_word' id='word_1_128' title='bbox 1561 1121 1668 1159; x_wconf 89' lang='lat' dir='ltr'>ciuis</span> 
     </span>
     <span class='ocr_line' id='line_1_15' title="bbox 14 1191 1667 1250; baseline -0.002 -16"><span class='ocrx_word' id='word_1_129' title='bbox 14 1203 17 1250; x_wconf 69' lang='grc' dir='ltr'><em>ζ</em></span> <span class='ocrx_word' id='word_1_130' title='bbox 44 1196 212 1235; x_wconf 89' lang='lat' dir='ltr'>domum</span> <span class='ocrx_word' id='word_1_131' title='bbox 235 1194 340 1232; x_wconf 87' lang='lat' dir='ltr'>satis</span> <span class='ocrx_word' id='word_1_132' title='bbox 362 1194 544 1244; x_wconf 80' lang='lat' dir='ltr'>amplam</span> <span class='ocrx_word' id='word_1_133' title='bbox 567 1191 797 1231; x_wconf 88' lang='lat' dir='ltr'>cardinalis</span> <span class='ocrx_word' id='word_1_134' title='bbox 818 1193 1050 1243; x_wconf 85' lang='lat' dir='ltr'>burgensis</span> <span class='ocrx_word' id='word_1_135' title='bbox 1073 1196 1085 1215; x_wconf 87' lang='lat'><strong>²</strong></span> <span class='ocrx_word' id='word_1_136' title='bbox 1109 1192 1353 1239; x_wconf 87' lang='lat' dir='ltr'>tradiderit;</span> <span class='ocrx_word' id='word_1_137' title='bbox 1376 1191 1447 1231; x_wconf 89' lang='lat' dir='ltr'>hic</span> <span class='ocrx_word' id='word_1_138' title='bbox 1475 1192 1667 1243; x_wconf 90' lang='lat' dir='ltr'>superio-</span> 
     </span>
     <span class='ocr_line' id='line_1_16' title="bbox 13 1257 1667 1326; baseline -0.002 -20"><span class='ocrx_word' id='word_1_139' title='bbox 13 1257 17 1326; x_wconf 67' lang='lat'><strong>}</strong></span> <span class='ocrx_word' id='word_1_140' title='bbox 44 1268 155 1306; x_wconf 92' lang='lat' dir='ltr'>ribus</span> <span class='ocrx_word' id='word_1_141' title='bbox 186 1266 339 1304; x_wconf 89' lang='lat' dir='ltr'>diebus</span> <span class='ocrx_word' id='word_1_142' title='bbox 371 1265 503 1303; x_wconf 87' lang='lat' dir='ltr'>edicit</span> <span class='ocrx_word' id='word_1_143' title='bbox 534 1277 581 1302; x_wconf 89' lang='lat' dir='ltr'>se</span> <span class='ocrx_word' id='word_1_144' title='bbox 612 1265 737 1303; x_wconf 88' lang='lat' dir='ltr'>alteri</span> <span class='ocrx_word' id='word_1_145' title='bbox 767 1265 955 1303; x_wconf 80' lang='lat' dir='ltr'>locasse:</span> <span class='ocrx_word' id='word_1_146' title='bbox 981 1265 1267 1315; x_wconf 90' lang='lat' dir='ltr'>quamobrem</span> <span class='ocrx_word' id='word_1_147' title='bbox 1299 1270 1344 1302; x_wconf 89' lang='lat' dir='ltr'>ut</span> <span class='ocrx_word' id='word_1_148' title='bbox 1372 1264 1455 1302; x_wconf 89' lang='lat' dir='ltr'>alio</span> <span class='ocrx_word' id='word_1_149' title='bbox 1479 1264 1667 1315; x_wconf 86' lang='lat' dir='ltr'>migrare</span> 
     </span>
     <span class='ocr_line' id='line_1_17' title="bbox 14 1335 1667 1391; baseline -0.002 -13"><span class='ocrx_word' id='word_1_150' title='bbox 14 1339 338 1391; x_wconf 59' lang='lat' dir='ltr'>iproperemus:</span> <span class='ocrx_word' id='word_1_151' title='bbox 374 1339 419 1375; x_wconf 76' lang='lat' dir='ltr'>P.</span> <span class='ocrx_word' id='word_1_152' title='bbox 459 1338 620 1375; x_wconf 87' lang='lat' dir='ltr'>Rector</span> <span class='ocrx_word' id='word_1_153' title='bbox 653 1350 698 1375; x_wconf 89' lang='lat' dir='ltr'>se</span> <span class='ocrx_word' id='word_1_154' title='bbox 729 1338 816 1376; x_wconf 91' lang='lat' dir='ltr'>hoc</span> <span class='ocrx_word' id='word_1_155' title='bbox 846 1338 1131 1389; x_wconf 84' lang='lat' dir='ltr'>gubernatori</span> <span class='ocrx_word' id='word_1_156' title='bbox 1166 1338 1403 1375; x_wconf 84' lang='lat' dir='ltr'>relaturum</span> <span class='ocrx_word' id='word_1_157' title='bbox 1439 1336 1558 1375; x_wconf 88' lang='lat' dir='ltr'>dicit:</span> <span class='ocrx_word' id='word_1_158' title='bbox 1596 1335 1667 1374; x_wconf 89' lang='lat' dir='ltr'>ille</span> 
     </span>
     <span class='ocr_line' id='line_1_18' title="bbox 11 1387 1668 1474; baseline -0.003 -24"><span class='ocrx_word' id='word_1_159' title='bbox 11 1387 17 1474; x_wconf 49' lang='grc' dir='ltr'>ξ</span> <span class='ocrx_word' id='word_1_160' title='bbox 46 1411 156 1450; x_wconf 89' lang='lat' dir='ltr'>omni</span> <span class='ocrx_word' id='word_1_161' title='bbox 178 1410 456 1448; x_wconf 84' lang='lat' dir='ltr'>cunctatione</span> <span class='ocrx_word' id='word_1_162' title='bbox 480 1408 666 1456; x_wconf 87' lang='lat' dir='ltr'>abiecta,</span> <span class='ocrx_word' id='word_1_163' title='bbox 701 1409 948 1447; x_wconf 89' lang='lat' dir='ltr'>scholarum</span> <span class='ocrx_word' id='word_1_164' title='bbox 971 1408 1091 1446; x_wconf 89' lang='lat' dir='ltr'>fores</span> <span class='ocrx_word' id='word_1_165' title='bbox 1123 1408 1298 1454; x_wconf 85' lang='lat' dir='ltr'>claudit,</span> <span class='ocrx_word' id='word_1_166' title='bbox 1324 1412 1368 1445; x_wconf 90' lang='lat' dir='ltr'>ut</span> <span class='ocrx_word' id='word_1_167' title='bbox 1396 1420 1474 1458; x_wconf 89' lang='lat' dir='ltr'>per</span> <span class='ocrx_word' id='word_1_168' title='bbox 1504 1406 1668 1458; x_wconf 86' lang='lat' dir='ltr'>aliquot</span> 
     </span>
     <span class='ocr_line' id='line_1_19' title="bbox 11 1476 1669 1537; baseline -0.002 -17"><span class='ocrx_word' id='word_1_169' title='bbox 11 1476 18 1537; x_wconf 56' lang='grc' dir='ltr'>ξ</span> <span class='ocrx_word' id='word_1_170' title='bbox 45 1482 134 1521; x_wconf 88' lang='lat' dir='ltr'>dies</span> <span class='ocrx_word' id='word_1_171' title='bbox 153 1482 194 1520; x_wconf 88' lang='lat' dir='ltr'>in</span> <span class='ocrx_word' id='word_1_172' title='bbox 217 1480 426 1518; x_wconf 83' lang='lat' dir='ltr'>cubiculis</span> <span class='ocrx_word' id='word_1_173' title='bbox 449 1480 580 1518; x_wconf 88' lang='lat' dir='ltr'>etiam</span> <span class='ocrx_word' id='word_1_174' title='bbox 603 1492 654 1518; x_wconf 87' lang='lat' dir='ltr'>ac</span> <span class='ocrx_word' id='word_1_175' title='bbox 676 1480 919 1518; x_wconf 89' lang='lat' dir='ltr'>coenaculo</span> <span class='ocrx_word' id='word_1_176' title='bbox 944 1479 1181 1530; x_wconf 90' lang='lat' dir='ltr'>discipulos</span> <span class='ocrx_word' id='word_1_177' title='bbox 1209 1479 1374 1518; x_wconf 89' lang='lat' dir='ltr'>docere</span> <span class='ocrx_word' id='word_1_178' title='bbox 1406 1491 1669 1530; x_wconf 82' lang='lat' dir='ltr'>cogeremur</span> 
     </span>
     <span class='ocr_line' id='line_1_20' title="bbox 14 1547 1669 1602; baseline -0.002 -10"><span class='ocrx_word' id='word_1_179' title='bbox 14 1547 17 1576; x_wconf 43' lang='grc' dir='ltr'><strong>ᾗ</strong></span> <span class='ocrx_word' id='word_1_180' title='bbox 46 1553 227 1592; x_wconf 85' lang='lat' dir='ltr'>maximo</span> <span class='ocrx_word' id='word_1_181' title='bbox 259 1564 403 1590; x_wconf 90' lang='lat' dir='ltr'>rerum</span> <span class='ocrx_word' id='word_1_182' title='bbox 427 1551 617 1590; x_wconf 90' lang='lat' dir='ltr'>omnium</span> <span class='ocrx_word' id='word_1_183' title='bbox 647 1551 944 1590; x_wconf 83' lang='lat' dir='ltr'>incommodo.</span> <span class='ocrx_word' id='word_1_184' title='bbox 970 1551 1052 1590; x_wconf 83' lang='lat' dir='ltr'>Vix</span> <span class='ocrx_word' id='word_1_185' title='bbox 1084 1550 1261 1590; x_wconf 90' lang='lat' dir='ltr'>tandem</span> <span class='ocrx_word' id='word_1_186' title='bbox 1291 1551 1435 1590; x_wconf 91' lang='lat' dir='ltr'>multis</span> <span class='ocrx_word' id='word_1_187' title='bbox 1465 1551 1669 1602; x_wconf 88' lang='lat' dir='ltr'>precibus</span> 
     </span>
     <span class='ocr_line' id='line_1_21' title="bbox 46 1622 1668 1675; baseline -0.001 -12"><span class='ocrx_word' id='word_1_188' title='bbox 46 1625 96 1663; x_wconf 86' lang='lat' dir='ltr'>ab</span> <span class='ocrx_word' id='word_1_189' title='bbox 125 1637 176 1662; x_wconf 87' lang='lat' dir='ltr'>eo</span> <span class='ocrx_word' id='word_1_190' title='bbox 209 1622 520 1662; x_wconf 81' lang='lat' dir='ltr'>contendimus</span> <span class='ocrx_word' id='word_1_191' title='bbox 542 1622 576 1670; x_wconf 73' lang='lat' dir='ltr'>d,</span> <span class='ocrx_word' id='word_1_192' title='bbox 610 1628 656 1661; x_wconf 92' lang='lat' dir='ltr'>ut</span> <span class='ocrx_word' id='word_1_193' title='bbox 687 1622 788 1661; x_wconf 85' lang='lat' dir='ltr'>dum</span> <span class='ocrx_word' id='word_1_194' title='bbox 820 1623 874 1661; x_wconf 92' lang='lat' dir='ltr'>de</span> <span class='ocrx_word' id='word_1_195' title='bbox 903 1623 970 1661; x_wconf 90' lang='lat' dir='ltr'>his</span> <span class='ocrx_word' id='word_1_196' title='bbox 1001 1629 1209 1675; x_wconf 84' lang='lat' dir='ltr'>ageretur</span> <span class='ocrx_word' id='word_1_197' title='bbox 1231 1630 1248 1648; x_wconf 69' lang='lat' dir='ltr'>e</span> <span class='ocrx_word' id='word_1_198' title='bbox 1270 1624 1479 1674; x_wconf 78' lang='lat' dir='ltr'>aperiret3</span> <span class='ocrx_word' id='word_1_199' title='bbox 1511 1623 1668 1661; x_wconf 91' lang='lat' dir='ltr'>iterum</span> 
     </span>
     <span class='ocr_line' id='line_1_22' title="bbox 47 1694 1670 1742; baseline -0.001 -8"><span class='ocrx_word' id='word_1_200' title='bbox 47 1702 186 1734; x_wconf 89' lang='lat' dir='ltr'>tamen</span> <span class='ocrx_word' id='word_1_201' title='bbox 208 1695 376 1742; x_wconf 82' lang='lat' dir='ltr'>clausit,</span> <span class='ocrx_word' id='word_1_202' title='bbox 401 1707 603 1733; x_wconf 84' lang='lat' dir='ltr'>asserens</span> <span class='ocrx_word' id='word_1_203' title='bbox 624 1706 672 1732; x_wconf 86' lang='lat' dir='ltr'>se</span> <span class='ocrx_word' id='word_1_204' title='bbox 695 1707 816 1733; x_wconf 91' lang='lat' dir='ltr'>suam</span> <span class='ocrx_word' id='word_1_205' title='bbox 845 1695 962 1732; x_wconf 90' lang='lat' dir='ltr'>uelle</span> <span class='ocrx_word' id='word_1_206' title='bbox 984 1700 1140 1733; x_wconf 91' lang='lat' dir='ltr'>tenere</span> <span class='ocrx_word' id='word_1_207' title='bbox 1163 1694 1356 1742; x_wconf 72' lang='lat' dir='ltr'>domum,</span> <span class='ocrx_word' id='word_1_208' title='bbox 1392 1708 1475 1734; x_wconf 87' lang='lat' dir='ltr'>nos</span> <span class='ocrx_word' id='word_1_209' title='bbox 1502 1707 1670 1733; x_wconf 78' lang='lat' dir='ltr'>curare</span> 
     </span>
     <span class='ocr_line' id='line_1_23' title="bbox 15 1765 1669 1817; baseline -0.002 -11"><span class='ocrx_word' id='word_1_210' title='bbox 15 1773 17 1780; x_wconf 67' lang='lat'><strong><em>⁴</em></strong></span> <span class='ocrx_word' id='word_1_211' title='bbox 48 1769 93 1807; x_wconf 85' lang='lat' dir='ltr'>ut</span> <span class='ocrx_word' id='word_1_212' title='bbox 125 1768 403 1813; x_wconf 78' lang='lat' dir='ltr'>redderetur,</span> <span class='ocrx_word' id='word_1_213' title='bbox 442 1771 669 1817; x_wconf 87' lang='lat' dir='ltr'>postremo</span> <span class='ocrx_word' id='word_1_214' title='bbox 707 1765 782 1805; x_wconf 88' lang='lat' dir='ltr'>ille</span> <span class='ocrx_word' id='word_1_215' title='bbox 815 1766 968 1804; x_wconf 87' lang='lat' dir='ltr'>nescio</span> <span class='ocrx_word' id='word_1_216' title='bbox 1006 1765 1127 1804; x_wconf 91' lang='lat' dir='ltr'>cuius</span> <span class='ocrx_word' id='word_1_217' title='bbox 1165 1779 1300 1817; x_wconf 88' lang='lat' dir='ltr'>opera</span> <span class='ocrx_word' id='word_1_218' title='bbox 1333 1766 1543 1817; x_wconf 89' lang='lat' dir='ltr'>impulsus</span> <span class='ocrx_word' id='word_1_219' title='bbox 1578 1778 1669 1803; x_wconf 91' lang='lat' dir='ltr'>rem</span> 
     </span>
     <span class='ocr_line' id='line_1_24' title="bbox 47 1836 1669 1890; baseline -0.001 -13"><span class='ocrx_word' id='word_1_220' title='bbox 47 1844 233 1877; x_wconf 86' lang='lat' dir='ltr'>nostram</span> <span class='ocrx_word' id='word_1_221' title='bbox 255 1836 542 1876; x_wconf 88' lang='lat' dir='ltr'>domesticam</span> <span class='ocrx_word' id='word_1_222' title='bbox 564 1838 605 1875; x_wconf 93' lang='lat' dir='ltr'>in</span> <span class='ocrx_word' id='word_1_223' title='bbox 636 1850 782 1876; x_wconf 90' lang='lat' dir='ltr'>aream</span> <span class='ocrx_word' id='word_1_224' title='bbox 806 1837 984 1885; x_wconf 88' lang='lat' dir='ltr'>efferre;</span> <span class='ocrx_word' id='word_1_225' title='bbox 1008 1838 1018 1862; x_wconf 73' lang='lat' dir='ltr'>f</span> <span class='ocrx_word' id='word_1_226' title='bbox 1051 1851 1133 1876; x_wconf 88' lang='lat' dir='ltr'>nos</span> <span class='ocrx_word' id='word_1_227' title='bbox 1150 1837 1462 1890; x_wconf 74' lang='lat' dir='ltr'>gubernatori</span> <span class='ocrx_word' id='word_1_228' title='bbox 1480 1836 1669 1876; x_wconf 82' lang='lat' dir='ltr'>nuncia-</span> 
     </span>
     <span class='ocr_line' id='line_1_25' title="bbox 48 1907 1671 1961; baseline -0.002 -12"><span class='ocrx_word' id='word_1_229' title='bbox 48 1923 156 1958; x_wconf 84' lang='lat' dir='ltr'>mus,</span> <span class='ocrx_word' id='word_1_230' title='bbox 189 1909 266 1961; x_wconf 82' lang='lat' dir='ltr'>qui</span> <span class='ocrx_word' id='word_1_231' title='bbox 298 1907 456 1948; x_wconf 81' lang='lat' dir='ltr'>statim</span> <span class='ocrx_word' id='word_1_232' title='bbox 490 1909 611 1948; x_wconf 79' lang='lat' dir='ltr'>hunc</span> <span class='ocrx_word' id='word_1_233' title='bbox 646 1909 917 1948; x_wconf 77' lang='lat' dir='ltr'>accersitum</span> <span class='ocrx_word' id='word_1_234' title='bbox 954 1909 1236 1949; x_wconf 80' lang='lat' dir='ltr'>uehementer</span> <span class='ocrx_word' id='word_1_235' title='bbox 1273 1908 1509 1960; x_wconf 83' lang='lat' dir='ltr'>obiurgat,</span> <span class='ocrx_word' id='word_1_236' title='bbox 1546 1908 1671 1958; x_wconf 84' lang='lat' dir='ltr'>eique</span> 
     </span>
     <span class='ocr_line' id='line_1_26' title="bbox 48 1979 1670 2032; baseline -0.001 -12"><span class='ocrx_word' id='word_1_237' title='bbox 48 1981 259 2021; x_wconf 85' lang='lat' dir='ltr'>minando</span> <span class='ocrx_word' id='word_1_238' title='bbox 284 1980 401 2020; x_wconf 86' lang='lat' dir='ltr'>iubet</span> <span class='ocrx_word' id='word_1_239' title='bbox 422 1993 493 2020; x_wconf 83' lang='lat' dir='ltr'>res</span> <span class='ocrx_word' id='word_1_240' title='bbox 514 1982 700 2019; x_wconf 82' lang='lat' dir='ltr'>nostras</span> <span class='ocrx_word' id='word_1_241' title='bbox 726 1979 796 2018; x_wconf 89' lang='lat' dir='ltr'>uti</span> <span class='ocrx_word' id='word_1_242' title='bbox 832 1980 878 2019; x_wconf 88' lang='lat' dir='ltr'>in</span> <span class='ocrx_word' id='word_1_243' title='bbox 912 1993 1046 2019; x_wconf 87' lang='lat' dir='ltr'>suum</span> <span class='ocrx_word' id='word_1_244' title='bbox 1069 1981 1218 2019; x_wconf 85' lang='lat' dir='ltr'>locum</span> <span class='ocrx_word' id='word_1_245' title='bbox 1241 1979 1535 2031; x_wconf 79' lang='lat' dir='ltr'>ordinemque</span> <span class='ocrx_word' id='word_1_246' title='bbox 1557 1979 1670 2032; x_wconf 89' lang='lat' dir='ltr'>refe-</span> 
     </span>
    </p>
   </div>
   <div class='ocr_carea' id='block_1_3' title="bbox 15 2017 18 2033">
    <p class='ocr_par' dir='ltr' id='par_1_3' title="bbox 15 2017 18 2033">
     <span class='ocr_line' id='line_1_27' title="bbox 15 2017 18 2033; baseline 0 0"><span class='ocrx_word' id='word_1_247' title='bbox 15 2017 18 2033; x_wconf 67' lang='lat' dir='ltr'>t</span> 
     </span>
    </p>
   </div>
   <div class='ocr_carea' id='block_1_4' title="bbox 13 2038 19 2067">
    <p class='ocr_par' dir='ltr' id='par_1_4' title="bbox 13 2038 19 2067">
     <span class='ocr_line' id='line_1_28' title="bbox 13 2038 19 2067; baseline 0 0"><span class='ocrx_word' id='word_1_248' title='bbox 13 2038 19 2067; x_wconf 72' lang='grc' dir='ltr'>ἵ</span> 
     </span>
    </p>
   </div>
   <div class='ocr_carea' id='block_1_5' title="bbox 15 1604 18 2118">
    <p class='ocr_par' dir='ltr' id='par_1_5' title="bbox 15 1604 18 2118">
     <span class='ocr_line' id='line_1_29' title="bbox 15 1604 18 2118; baseline 0 0"><span class='ocrx_word' id='word_1_249' title='bbox 15 1604 18 2118; x_wconf 95' lang='lat' dir='ltr'> </span> 
     </span>
    </p>
   </div>
   <div class='ocr_carea' id='block_1_6' title="bbox 16 2051 1672 2463">
    <p class='ocr_par' dir='ltr' id='par_1_6' title="bbox 16 2051 1672 2463">
     <span class='ocr_line' id='line_1_30' title="bbox 49 2051 1671 2103; baseline -0.002 -11"><span class='ocrx_word' id='word_1_250' title='bbox 49 2055 136 2092; x_wconf 78' lang='lat' dir='ltr'>rat:</span> <span class='ocrx_word' id='word_1_251' title='bbox 158 2054 242 2092; x_wconf 81' lang='lat' dir='ltr'>has</span> <span class='ocrx_word' id='word_1_252' title='bbox 263 2055 393 2092; x_wconf 88' lang='lat' dir='ltr'>aedes</span> <span class='ocrx_word' id='word_1_253' title='bbox 423 2052 580 2092; x_wconf 86' lang='lat' dir='ltr'>deinde</span> <span class='ocrx_word' id='word_1_254' title='bbox 610 2051 924 2092; x_wconf 77' lang='lat' dir='ltr'>conduximus.</span> <span class='ocrx_word' id='word_1_255' title='bbox 960 2053 1150 2091; x_wconf 85' lang='lat' dir='ltr'>Demum</span> <span class='ocrx_word' id='word_1_256' title='bbox 1181 2065 1281 2092; x_wconf 90' lang='lat' dir='ltr'>eum</span> <span class='ocrx_word' id='word_1_257' title='bbox 1312 2051 1425 2091; x_wconf 91' lang='lat' dir='ltr'>adeo</span> <span class='ocrx_word' id='word_1_258' title='bbox 1457 2052 1671 2103; x_wconf 85' lang='lat' dir='ltr'>mitigaui·</span> 
     </span>
     <span class='ocr_line' id='line_1_31' title="bbox 16 2123 1671 2179; baseline -0.001 -16"><span class='ocrx_word' id='word_1_259' title='bbox 16 2123 19 2179; x_wconf 52' lang='lat' dir='ltr'>b</span> <span class='ocrx_word' id='word_1_260' title='bbox 49 2138 148 2170; x_wconf 84' lang='lat' dir='ltr'>mus,</span> <span class='ocrx_word' id='word_1_261' title='bbox 183 2130 228 2164; x_wconf 91' lang='lat' dir='ltr'>ut</span> <span class='ocrx_word' id='word_1_262' title='bbox 264 2125 394 2164; x_wconf 88' lang='lat' dir='ltr'>etiam</span> <span class='ocrx_word' id='word_1_263' title='bbox 416 2133 438 2158; x_wconf 71' lang='lat' dir='ltr'>g</span> <span class='ocrx_word' id='word_1_264' title='bbox 461 2130 635 2164; x_wconf 88' lang='lat' dir='ltr'>nostras</span> <span class='ocrx_word' id='word_1_265' title='bbox 670 2137 718 2163; x_wconf 91' lang='lat' dir='ltr'>se</span> <span class='ocrx_word' id='word_1_266' title='bbox 752 2125 1133 2176; x_wconf 88' lang='lat' dir='ltr'>frequentaturum</span> <span class='ocrx_word' id='word_1_267' title='bbox 1169 2124 1343 2163; x_wconf 88' lang='lat' dir='ltr'>scholas</span> <span class='ocrx_word' id='word_1_268' title='bbox 1373 2124 1549 2172; x_wconf 84' lang='lat' dir='ltr'>dixerit,</span> <span class='ocrx_word' id='word_1_269' title='bbox 1572 2137 1671 2162; x_wconf 91' lang='lat' dir='ltr'>nos-</span> 
     </span>
     <span class='ocr_line' id='line_1_32' title="bbox 16 2182 1671 2256; baseline 0 -22"><span class='ocrx_word' id='word_1_270' title='bbox 16 2182 19 2256; x_wconf 56' lang='lat'>¹5</span> <span class='ocrx_word' id='word_1_271' title='bbox 49 2201 152 2235; x_wconf 87' lang='lat' dir='ltr'>tram</span> <span class='ocrx_word' id='word_1_272' title='bbox 173 2198 252 2236; x_wconf 88' lang='lat' dir='ltr'>sibi</span> <span class='ocrx_word' id='word_1_273' title='bbox 282 2198 470 2236; x_wconf 86' lang='lat' dir='ltr'>maxime</span> <span class='ocrx_word' id='word_1_274' title='bbox 500 2197 677 2247; x_wconf 87' lang='lat' dir='ltr'>placere</span> <span class='ocrx_word' id='word_1_275' title='bbox 707 2196 996 2236; x_wconf 88' lang='lat' dir='ltr'>Societatem.</span> <span class='ocrx_word' id='word_1_276' title='bbox 1031 2195 1220 2235; x_wconf 83' lang='lat' dir='ltr'>Interim</span> <span class='ocrx_word' id='word_1_277' title='bbox 1247 2198 1329 2246; x_wconf 77' lang='lat' dir='ltr'>per</span> <span class='ocrx_word' id='word_1_278' title='bbox 1359 2195 1593 2235; x_wconf 82' lang='lat' dir='ltr'>ciuitatem</span> <span class='ocrx_word' id='word_1_279' title='bbox 1622 2197 1671 2234; x_wconf 82' lang='lat' dir='ltr'>de</span> 
     </span>
     <span class='ocr_line' id='line_1_33' title="bbox 17 2261 1672 2320; baseline -0.001 -14"><span class='ocrx_word' id='word_1_280' title='bbox 17 2261 19 2284; x_wconf 63' lang='lat'>¹</span> <span class='ocrx_word' id='word_1_281' title='bbox 50 2270 173 2307; x_wconf 82' lang='lat' dir='ltr'>nulla</span> <span class='ocrx_word' id='word_1_282' title='bbox 194 2282 242 2308; x_wconf 92' lang='lat' dir='ltr'>re</span> <span class='ocrx_word' id='word_1_283' title='bbox 263 2269 639 2320; x_wconf 80' lang='lat' dir='ltr'>colloquebantur</span> <span class='ocrx_word' id='word_1_284' title='bbox 668 2267 760 2307; x_wconf 87' lang='lat' dir='ltr'>nisi</span> <span class='ocrx_word' id='word_1_285' title='bbox 793 2281 876 2307; x_wconf 90' lang='lat' dir='ltr'>nos</span> <span class='ocrx_word' id='word_1_286' title='bbox 897 2281 987 2307; x_wconf 87' lang='lat' dir='ltr'>esse</span> <span class='ocrx_word' id='word_1_287' title='bbox 1009 2268 1302 2307; x_wconf 80' lang='lat' dir='ltr'>discessuros.</span> <span class='ocrx_word' id='word_1_288' title='bbox 1328 2268 1453 2307; x_wconf 86' lang='lat' dir='ltr'>Haec</span> <span class='ocrx_word' id='word_1_289' title='bbox 1474 2266 1591 2315; x_wconf 86' lang='lat' dir='ltr'>dico,</span> <span class='ocrx_word' id='word_1_290' title='bbox 1623 2269 1672 2305; x_wconf 85' lang='lat' dir='ltr'>ut</span> 
     </span>
     <span class='ocr_line' id='line_1_34' title="bbox 52 2338 1670 2391; baseline -0.001 -13"><span class='ocrx_word' id='word_1_291' title='bbox 52 2338 287 2391; x_wconf 83' lang='lat' dir='ltr'>intelligas,</span> <span class='ocrx_word' id='word_1_292' title='bbox 313 2342 364 2380; x_wconf 84' lang='lat' dir='ltr'>R.</span> <span class='ocrx_word' id='word_1_293' title='bbox 389 2341 455 2389; x_wconf 87' lang='lat' dir='ltr'>P.,</span> <span class='ocrx_word' id='word_1_294' title='bbox 480 2354 594 2391; x_wconf 81' lang='lat' dir='ltr'>quae</span> <span class='ocrx_word' id='word_1_295' title='bbox 616 2339 803 2391; x_wconf 73' lang='lat' dir='ltr'>collegis</span> <span class='ocrx_word' id='word_1_296' title='bbox 823 2339 973 2379; x_wconf 83' lang='lat' dir='ltr'>nostri</span> <span class='ocrx_word' id='word_1_297' title='bbox 1004 2339 1128 2378; x_wconf 84' lang='lat' dir='ltr'>iacta</span> <span class='ocrx_word' id='word_1_298' title='bbox 1157 2339 1249 2378; x_wconf 81' lang='lat' dir='ltr'>sint</span> <span class='ocrx_word' id='word_1_299' title='bbox 1272 2339 1600 2391; x_wconf 80' lang='lat' dir='ltr'>fundamenta,</span> <span class='ocrx_word' id='word_1_300' title='bbox 1627 2338 1670 2377; x_wconf 83' lang='lat' dir='ltr'>in</span> 
     </span>
     <span class='ocr_line' id='line_1_35' title="bbox 52 2393 929 2463; baseline -0.001 -13"><span class='ocrx_word' id='word_1_301' title='bbox 52 2411 206 2462; x_wconf 83' lang='lat' dir='ltr'>quibus</span> <span class='ocrx_word' id='word_1_302' title='bbox 227 2414 321 2452; x_wconf 87' lang='lat' dir='ltr'>tuto</span> <span class='ocrx_word' id='word_1_303' title='bbox 344 2393 643 2463; x_wconf 79' lang='lat' dir='ltr'>exaedificare</span> <span class='ocrx_word' id='word_1_304' title='bbox 659 2410 929 2461; x_wconf 76' lang='lat' dir='ltr'>poterimus.</span> 
     </span>
    </p>
   </div>
   <div class='ocr_carea' id='block_1_7' title="bbox 123 2505 324 2508">
    <p class='ocr_par' dir='ltr' id='par_1_7' title="bbox 123 2505 324 2508">
     <span class='ocr_line' id='line_1_36' title="bbox 123 2505 324 2508; baseline 0 0"><span class='ocrx_word' id='word_1_305' title='bbox 123 2505 324 2508; x_wconf 95' lang='lat' dir='ltr'> </span> 
     </span>
    </p>
   </div>
   <div class='ocr_carea' id='block_1_8' title="bbox 19 2548 1672 2714">
    <p class='ocr_par' dir='ltr' id='par_1_8' title="bbox 19 2548 1672 2714">
     <span class='ocr_line' id='line_1_37' title="bbox 19 2548 1671 2596; baseline 0 -10"><span class='ocrx_word' id='word_1_306' title='bbox 19 2586 21 2593; x_wconf 73' lang='grc'>,</span> <span class='ocrx_word' id='word_1_307' title='bbox 95 2549 113 2568; x_wconf 72' lang='lat'>²²</span> <span class='ocrx_word' id='word_1_308' title='bbox 161 2550 316 2586; x_wconf 89' lang='lat' dir='ltr'>deinde.</span> <span class='ocrx_word' id='word_1_309' title='bbox 370 2550 435 2575; x_wconf 79' lang='lat' dir='ltr'>—b</span> <span class='ocrx_word' id='word_1_310' title='bbox 457 2549 645 2596; x_wconf 89' lang='lat' dir='ltr'>ipsorum.</span> <span class='ocrx_word' id='word_1_311' title='bbox 700 2557 763 2575; x_wconf 81' lang='lat'>—0</span> <span class='ocrx_word' id='word_1_312' title='bbox 785 2553 825 2585; x_wconf 87' lang='lat' dir='ltr'>et</span> <span class='ocrx_word' id='word_1_313' title='bbox 841 2548 963 2585; x_wconf 86' lang='lat' dir='ltr'>variis</span> <span class='ocrx_word' id='word_1_314' title='bbox 984 2548 1109 2585; x_wconf 88' lang='lat' dir='ltr'>modis</span> <span class='ocrx_word' id='word_1_315' title='bbox 1128 2549 1254 2585; x_wconf 84' lang='lat' dir='ltr'>iuuat.</span> <span class='ocrx_word' id='word_1_316' title='bbox 1325 2549 1392 2574; x_wconf 74' lang='lat' dir='ltr'>—d</span> <span class='ocrx_word' id='word_1_317' title='bbox 1412 2548 1671 2586; x_wconf 89' lang='lat' dir='ltr'>obtinuimus.</span> 
     </span>
     <span class='ocr_line' id='line_1_38' title="bbox 19 2598 1672 2656; baseline -0.001 -10"><span class='ocrx_word' id='word_1_318' title='bbox 19 2598 21 2653; x_wconf 52' lang='lat' dir='ltr'>J</span> <span class='ocrx_word' id='word_1_319' title='bbox 53 2616 113 2635; x_wconf 76' lang='lat' dir='ltr'>-e</span> <span class='ocrx_word' id='word_1_320' title='bbox 132 2609 300 2646; x_wconf 85' lang='lat' dir='ltr'>scholas.</span> <span class='ocrx_word' id='word_1_321' title='bbox 355 2610 412 2635; x_wconf 76' lang='lat' dir='ltr'>—f</span> <span class='ocrx_word' id='word_1_322' title='bbox 444 2609 590 2656; x_wconf 85' lang='lat' dir='ltr'>pergit,</span> <span class='ocrx_word' id='word_1_323' title='bbox 611 2609 681 2645; x_wconf 82' lang='lat' dir='ltr'>sed</span> <span class='ocrx_word' id='word_1_324' title='bbox 701 2608 790 2645; x_wconf 92' lang='lat' dir='ltr'>Deo</span> <span class='ocrx_word' id='word_1_325' title='bbox 810 2608 992 2652; x_wconf 85' lang='lat' dir='ltr'>iuuante,</span> <span class='ocrx_word' id='word_1_326' title='bbox 1011 2609 1228 2646; x_wconf 79' lang='lat' dir='ltr'>hominem.</span> <span class='ocrx_word' id='word_1_327' title='bbox 1307 2616 1375 2642; x_wconf 77' lang='lat' dir='ltr'>—g</span> <span class='ocrx_word' id='word_1_328' title='bbox 1401 2609 1562 2646; x_wconf 89' lang='lat' dir='ltr'>domum</span> <span class='ocrx_word' id='word_1_329' title='bbox 1582 2608 1672 2645; x_wconf 91' lang='lat' dir='ltr'>reli-</span> 
     </span>
     <span class='ocr_line' id='line_1_39' title="bbox 53 2668 248 2714; baseline -0.01 -9"><span class='ocrx_word' id='word_1_330' title='bbox 53 2668 178 2714; x_wconf 79' lang='lat' dir='ltr'>querit</span> <span class='ocrx_word' id='word_1_331' title='bbox 197 2675 248 2706; x_wconf 82' lang='lat' dir='ltr'>et.</span> 
     </span>
    </p>
   </div>
   <div class='ocr_carea' id='block_1_9' title="bbox 21 2798 1673 3027">
    <p class='ocr_par' dir='ltr' id='par_1_9' title="bbox 99 2798 704 2846">
     <span class='ocr_line' id='line_1_40' title="bbox 99 2798 704 2846; baseline 0.003 -10"><span class='ocrx_word' id='word_1_332' title='bbox 99 2799 108 2819; x_wconf 90' lang='lat'>¹</span> <span class='ocrx_word' id='word_1_333' title='bbox 157 2798 201 2836; x_wconf 93' lang='lat' dir='ltr'>P.</span> <span class='ocrx_word' id='word_1_334' title='bbox 222 2799 495 2846; x_wconf 86' lang='lat' dir='ltr'>Hieronymus</span> <span class='ocrx_word' id='word_1_335' title='bbox 514 2799 704 2838; x_wconf 87' lang='lat' dir='ltr'>Rubiola.</span> 
     </span>
    </p>

    <p class='ocr_par' dir='ltr' id='par_1_10' title="bbox 21 2857 1673 3027">
     <span class='ocr_line' id='line_1_41' title="bbox 98 2857 1673 2909; baseline -0.001 -13"><span class='ocrx_word' id='word_1_336' title='bbox 98 2857 110 2877; x_wconf 78' lang='lat'>²</span> <span class='ocrx_word' id='word_1_337' title='bbox 158 2858 397 2897; x_wconf 88' lang='lat' dir='ltr'>Franciscus</span> <span class='ocrx_word' id='word_1_338' title='bbox 415 2860 464 2896; x_wconf 90' lang='lat' dir='ltr'>de</span> <span class='ocrx_word' id='word_1_339' title='bbox 486 2859 697 2904; x_wconf 76' lang='lat' dir='ltr'>Mendoza,</span> <span class='ocrx_word' id='word_1_340' title='bbox 727 2862 937 2909; x_wconf 87' lang='lat' dir='ltr'>episeopus</span> <span class='ocrx_word' id='word_1_341' title='bbox 965 2860 1193 2906; x_wconf 82' lang='lat' dir='ltr'>burgensis,</span> <span class='ocrx_word' id='word_1_342' title='bbox 1223 2859 1290 2906; x_wconf 87' lang='lat' dir='ltr'>qui</span> <span class='ocrx_word' id='word_1_343' title='bbox 1317 2860 1500 2896; x_wconf 87' lang='lat' dir='ltr'>senensis</span> <span class='ocrx_word' id='word_1_344' title='bbox 1528 2859 1673 2905; x_wconf 89' lang='lat' dir='ltr'>guber-</span> 
     </span>
     <span class='ocr_line' id='line_1_42' title="bbox 21 2917 1671 2966; baseline 0 -13"><span class='ocrx_word' id='word_1_345' title='bbox 21 2917 23 2924; x_wconf 94' lang='lat'>&#39;</span> <span class='ocrx_word' id='word_1_346' title='bbox 55 2922 164 2954; x_wconf 84' lang='lat' dir='ltr'>nator</span> <span class='ocrx_word' id='word_1_347' title='bbox 189 2917 333 2956; x_wconf 82' lang='lat' dir='ltr'>fuerat.</span> <span class='ocrx_word' id='word_1_348' title='bbox 363 2918 426 2956; x_wconf 80' lang='lat' dir='ltr'>Cf.</span> <span class='ocrx_word' id='word_1_349' title='bbox 456 2919 701 2964; x_wconf 77' lang='lat' dir='ltr'>POLANCUM,</span> <span class='ocrx_word' id='word_1_350' title='bbox 726 2921 894 2965; x_wconf 81' lang='lat' dir='ltr'>Chron.‚</span> <span class='ocrx_word' id='word_1_351' title='bbox 925 2919 998 2960; x_wconf 81' lang='lat' dir='ltr'>VI,</span> <span class='ocrx_word' id='word_1_352' title='bbox 1022 2918 1089 2955; x_wconf 83' lang='lat'>122</span> <span class='ocrx_word' id='word_1_353' title='bbox 1106 2931 1192 2966; x_wconf 91' lang='lat' dir='ltr'>sqq.</span> <span class='ocrx_word' id='word_1_354' title='bbox 1216 2918 1338 2955; x_wconf 86' lang='lat' dir='ltr'>Anno</span> <span class='ocrx_word' id='word_1_355' title='bbox 1360 2918 1449 2955; x_wconf 80' lang='lat'>1557</span> <span class='ocrx_word' id='word_1_356' title='bbox 1468 2917 1508 2954; x_wconf 84' lang='lat' dir='ltr'>in</span> <span class='ocrx_word' id='word_1_357' title='bbox 1528 2917 1671 2964; x_wconf 88' lang='lat' dir='ltr'>Hispa-</span> 
     </span>
     <span class='ocr_line' id='line_1_43' title="bbox 55 2976 959 3027; baseline 0.004 -15"><span class='ocrx_word' id='word_1_358' title='bbox 55 2976 157 3014; x_wconf 88' lang='lat' dir='ltr'>niam</span> <span class='ocrx_word' id='word_1_359' title='bbox 175 2980 304 3017; x_wconf 89' lang='lat' dir='ltr'>rediit.</span> <span class='ocrx_word' id='word_1_360' title='bbox 326 2979 389 3018; x_wconf 87' lang='lat' dir='ltr'>Cf.</span> <span class='ocrx_word' id='word_1_361' title='bbox 413 2979 513 3017; x_wconf 77' lang='lat' dir='ltr'>Litt.</span> <span class='ocrx_word' id='word_1_362' title='bbox 531 2980 782 3027; x_wconf 64' lang='lat' dir='ltr'>Quadrim„</span> <span class='ocrx_word' id='word_1_363' title='bbox 804 2980 844 3017; x_wconf 82' lang='lat' dir='ltr'>V</span> <span class='ocrx_word' id='word_1_364' title='bbox 851 3011 857 3025; x_wconf 86' lang='grc'><em>,</em></span> <span class='ocrx_word' id='word_1_365' title='bbox 878 2979 959 3017; x_wconf 82' lang='lat'>368.</span> 
     </span>
    </p>
   </div>
   <div class='ocr_carea' id='block_1_10' title="bbox 18 2289 24 3214">
    <p class='ocr_par' dir='ltr' id='par_1_11' title="bbox 18 2289 24 3214">
     <span class='ocr_line' id='line_1_44' title="bbox 18 2289 24 3214; baseline 0 0"><span class='ocrx_word' id='word_1_366' title='bbox 18 2289 24 3214; x_wconf 95' lang='lat' dir='ltr'> </span> 
     </span>
    </p>
   </div>
  </div>
 </body>
</html>
