1908 3446
238 214 307 251 474
701 209 920 249 LITTERAE
948 209 1036 254 Qun.
1047 217 1301 245 DRIMESTRES

194 321 355 367 quanto
388 316 610 367 cupiamus
640 313 802 352 affectu
837 324 998 350 nouum
1029 308 1247 361 quoddam
1276 308 1347 347 hic
1378 310 1545 360 Pragae
1575 306 1804 358 collegium

194 390 381 440 erigere,
404 388 446 426 in
479 400 564 438 quo
586 387 753 425 alantur
786 382 988 434 expensis
1019 383 1233 420 bonorum
1265 380 1457 419 uirorum
1478 391 1694 431 pauperes
1723 384 1804 418 stu·

193 459 304 498 diosi
323 460 366 497 in
387 459 569 510 gratiam
590 457 847 496 bohemicae
870 452 1150 504 reipublicae,
1174 457 1305 502 atque
1328 450 1517 489 omniurn
1540 450 1806 491 subditorum
1856 442 1870 489 ³,

197 533 441 571 Caesareae
481 527 776 577 Ma[i]estatis,
820 527 940 564 cuius
985 524 1170 562 instituti
1204 521 1493 574 promouendi
1533 522 1586 561 ad
1631 522 1807 573 gloriam
1857 550 1859 576 3

197 601 355 641 Christi
376 601 476 639 uiua
497 612 608 639 uoce
629 599 848 650 pollicitus
872 601 937 635 est
960 601 1125 633 ser.¹1²¹¹S
1156 593 1366 632 archidux
1398 606 1444 632 se
1465 593 1713 644 primarium
1742 606 1807 643 pa·
1858 633 1860 645 ,

195 679 367 711 tronum
388 672 483 710 fore
508 678 534 718 ί;
557 683 689 721 quare
713 670 844 708 etiam
867 677 885 693 a
907 667 1141 718 diligenter
1162 666 1248 704 hoc
1269 665 1358 716 agit
1388 666 1505 714 no[n]
1532 665 1672 703 solum
1702 663 1809 714 apud
1858 672 1884 716 gs

198 743 454 790 catholicos,
492 754 643 780 uerum
681 742 811 779 etiam
847 738 958 790 apud
992 738 1195 784 hussitaS‚
1238 741 1284 774 ut
1320 736 1546 774 conferant
1579 734 1739 786 aliquid
1770 736 1810 774 in
1858 730 1862 755 ²

198 815 300 854 illud
321 820 408 853 tam
430 813 544 865 pium
568 826 690 863 opus,
714 813 940 860 fassusque
966 817 1031 847 est
1061 821 1107 846 se
1129 807 1211 845 iam
1235 812 1382 846 certos
1411 807 1574 845 habere
1605 817 1683 855 400
1710 806 1810 844 tale-

199 900 271 925 ros
292 886 351 936 (id
375 891 441 924 est
462 895 540 932 300
561 884 830 932 coronatos),
856 888 899 919 et
930 880 1111 931 amplius
1139 891 1316 930 sperare
1347 891 1394 917 se
1416 878 1559 916 adhuc
1579 887 1656 916 200
1684 877 1812 927 impe-

200 964 424 996 traturum.
449 957 547 994 Huc
568 954 725 993 deinde
749 953 933 992 accessit
964 951 1201 989 liberalitas
1222 950 1266 989 S.
1292 952 1339 989 C.
1366 950 1470 988 Mstis
1495 961 1607 999 quae
1628 948 1681 986 ad
1701 948 1811 987 idem

200 1029 442 1068 institutum
464 1026 695 1077 quotannis
717 1024 887 1063 confert
905 1023 1070 1061 reditus
1093 1021 1315 1060 cuiusdam
1337 1020 1589 1070 monasterij
1613 1020 1625 1038 ²
1645 1028 1723 1069 450
1741 1020 1813 1057 flo-
1860 1003 1873 1053 ⁵:

201 1113 420 1145 renorum,
457 1098 492 1136 si
526 1103 671 1135 tamen
698 1096 739 1134 in
773 1096 883 1133 hanc
918 1093 1198 1132 collationem
1233 1105 1357 1130 sacra
1390 1091 1531 1130 Sedes
1566 1090 1816 1141 Apostolica

203 1170 451 1211 consentire
481 1169 601 1207 uelit.
636 1170 800 1206 Domus
829 1171 1060 1217 praeterea
1082 1165 1224 1203 uicina
1254 1164 1308 1203 ad
1337 1165 1423 1204 hoc
1453 1163 1687 1214 collegium
1717 1162 1816 1201 satis
1876 1163 1881 1170 ’

200 1242 297 1293 apta
327 1254 404 1293 pro
422 1253 506 1292 qua
520 1240 732 1278 hactenus
749 1250 835 1276 non
852 1250 1002 1288 parum
1019 1236 1261 1274 laboratum
1281 1241 1362 1283 est,
1384 1248 1437 1273 ex
1454 1240 1578 1286 parte
1595 1234 1817 1285 redempta

202 1318 284 1360 est3
317 1326 413 1351 cum
445 1311 558 1350 enim
590 1314 761 1348 constet
789 1319 887 1348 1200
907 1307 1069 1355 taleris,
1101 1316 1177 1355 500
1203 1307 1285 1345 iam
1307 1306 1481 1354 uiduae,
1506 1317 1619 1355 quae
1646 1304 1816 1343 domum

201 1386 413 1423 hactenus
434 1381 701 1433 possidebat,
725 1380 939 1418 numerati
956 1384 1068 1418 sunt.
1091 1377 1353 1428 Propediem
1372 1389 1478 1428 ergo
1498 1388 1720 1427 speramus
1740 1388 1817 1413 nos

204 1457 317 1494 illam
347 1455 522 1493 domum
552 1453 792 1491 habituros.
828 1453 996 1490 Bonum
1029 1455 1175 1489 autem
1207 1449 1382 1500 collegij
1414 1448 1541 1487 huius
1571 1459 1818 1486 successum

206 1530 440 1577 expectare
475 1538 556 1563 nos
576 1525 699 1563 iussit
721 1530 884 1562 ser.¹¹²¹²S
905 1522 1107 1574 princeps
1138 1521 1283 1560 donec
1311 1521 1422 1560 haec
1450 1519 1563 1558 festa
1593 1518 1822 1556 transirent
1874 1538 1879 1551 s

205 1597 412 1636 natalitia.
436 1597 493 1635 Ut
515 1600 660 1634 autem
679 1608 748 1633 res
765 1595 817 1634 ad
835 1591 1046 1641 ffiaiorem
1068 1594 1151 1632 Dei
1172 1593 1353 1645 gloriam
1375 1591 1577 1630 foelicius
1598 1589 1820 1642 procedat,
1876 1572 1879 1577 ι

207 1667 560 1706 commendamus
584 1680 679 1706 eam
700 1668 751 1705 V.
777 1667 824 1704 R.
851 1672 893 1704 et
918 1665 1118 1704 omnibus
1150 1666 1197 1703 R.
1223 1664 1425 1702 Patribus
1458 1675 1510 1701 ac
1529 1662 1732 1700 tratribus
1758 1674 1822 1699 ro-

207 1739 357 1777 manis.
383 1738 478 1777 Alia
493 1751 603 1790 quae
622 1737 822 1785 scribam,
842 1736 973 1775 modo
991 1749 1078 1775 non
1098 1739 1352 1774 occurrunt.
1381 1735 1504 1773 Haec
1523 1733 1708 1784 paucula
1728 1744 1823 1784 qua-

208 1810 434 1860 liacunque
465 1810 563 1857 sint,
587 1810 638 1848 V.
677 1810 724 1847 R.
757 1809 860 1846 boni
882 1820 1046 1858 quaeso
1071 1808 1285 1853 consulat,
1311 1811 1355 1844 et
1385 1809 1431 1844 ut
1462 1805 1627 1843 maiora
1657 1816 1823 1855 semper

207 1881 428 1927 faciamus,
461 1885 533 1918 aut
564 1880 717 1918 saltem
747 1880 857 1917 haec
888 1880 999 1917 bene
1032 1884 1075 1916 et
1104 1878 1345 1916 secundum
1376 1876 1603 1915 scientiam
1626 1873 1824 1925 expedia-

208 1966 315 1999 mus,
339 1952 390 1990 V.
415 1953 462 1990 R.
486 1965 562 2003 pro
598 1952 724 1989 nobis
746 1950 859 2002 apud
882 1953 1055 1997 Dnum.,
1083 1954 1128 1988 ut
1151 1950 1280 1997 solet,
1304 1948 1584 1987 intercedere
1606 1945 1820 1998 dignetur.
1873 1990 1876 2002 ἵ

211 2023 376 2073 Pragae
398 2022 650 2073 3Jannuarij
678 2022 790 2070 1560.

288 2093 339 2131 V.
365 2094 411 2131 R.
437 2094 482 2131 P.
508 2093 708 2131 minimus
729 2093 771 2131 in
798 2093 872 2130 X.O
893 2091 1004 2129 filius

1270 2163 1433 2200 PAULUS
1466 2161 1663 2199 HOFFEUS
1693 2161 1720 2197 ³.

293 2271 552 2321 Inscriptio.
580 2273 763 2322 Pragae.
788 2272 872 2309 Por
894 2272 934 2309 la
956 2270 1188 2309 Prouincia
1208 2270 1263 2308 de
1286 2269 1478 2309 Castilla.

260 2441 278 2459 a
324 2432 459 2469 Prius
477 2436 568 2468 autc·
576 2444 625 2467 m.

264 2592 272 2611 ¹
329 2590 431 2626 Vide
451 2602 487 2635 p.
513 2589 589 2630 150,
616 2589 691 2627 151,
713 2587 792 2623 302.

263 2651 275 2670 ²
327 2649 431 2685 Vide
454 2662 486 2693 p,
508 2648 589 2684 301.

262 2710 275 2729 ³
327 2707 502 2754 Collegii
524 2713 666 2744 rector.
692 2705 797 2743 Vide
819 2707 918 2743 Litt.
941 2706 1175 2752 Quadrim.
1213 2704 1268 2747 V,
1287 2705 1368 2742 925.
