1908 3446
250 222 319 259 442
717 221 936 257 LITTERAE
975 221 1332 266 QUADRIMESTRES

204 330 341 371 tuant,
362 331 447 362 etc.
466 325 700 375 Speramus
717 323 831 361 hunc
846 324 1052 373 optimum
1070 322 1307 371 principem
1325 334 1349 358 a
1366 323 1410 359 P.
1430 321 1478 357 T.
1498 320 1822 370 impetraturum

203 395 320 445 quod
343 410 397 434 ex
430 397 593 447 optimo
616 398 712 435 zelo
735 398 787 434 ab
825 395 977 433 eadem
1011 399 1077 430 est
1098 393 1353 443 propediem
1383 394 1694 442 postulaturus.
1726 394 1823 431 Pro-

203 467 283 505 bos
319 469 655 507 concionatores
692 468 910 506 existimat
946 466 1026 511 (uti
1061 465 1333 502 verissimum
1371 465 1455 513 est)
1491 465 1616 502 saluti
1653 478 1824 504 suorum
1874 498 1877 512 s

202 540 460 589 populorum
497 553 592 577 cum
628 540 776 589 primis
817 551 913 576 esse
954 535 1244 573 necessarios.
1284 536 1466 585 Cogitur
1506 535 1597 585 ipse
1634 535 1745 573 sicut
1783 543 1826 573 et

203 611 371 649 coeteri
402 612 626 662 vtriusque
652 616 792 648 status
824 608 1127 647 moderatores
1149 607 1337 644 tolerare
1366 607 1407 644 in
1439 606 1658 644 cathedris
1689 607 1824 644 eccle-

203 682 358 719 siarum
383 688 613 733 corruptae
633 682 735 720 fidei
754 685 1144 730 corruptorumque
1163 690 1331 715 morum
1349 678 1699 724 concionatores,
1719 690 1825 727 quos
1872 698 1877 730 ζ

204 753 237 790 si
272 752 479 803 depellaS,
518 754 692 804 cogeris
727 753 780 790 ab
816 751 1027 790 indomito
1062 749 1224 800 populo
1260 749 1368 786 alios
1403 761 1504 786 mox
1545 748 1822 796 substituere,

203 824 293 862 siue
317 824 457 862 bonos
479 825 570 863 siue
596 825 748 862 malos.
775 823 958 862 Bauaria
979 827 1124 859 tamen
1147 821 1186 857 in
1208 821 1293 858 hoc
1314 820 1458 857 multis
1480 819 1574 868 alijs
1594 819 1825 870 prouinciis
1874 848 1878 849 ν

203 901 270 934 est
303 895 518 942 foeficior,
552 896 670 946 quod
701 907 911 944 nusquam
949 892 1152 930 catholici
1187 891 1439 939 reijciantur
1475 890 1823 939 concionatores,

202 970 273 1018 qui
295 970 329 1007 si
350 969 535 1008 fecerint
558 966 926 1019 quemadmodum
944 966 1185 1009 docuerint,
1208 978 1463 1016 magnorum
1487 966 1617 1003 etiam
1640 978 1825 1016 euange-
1873 985 1877 1003 ;

202 1040 394 1078 listarum
416 1040 514 1078 loco
537 1039 725 1078 habendi
750 1044 848 1076 sunt
870 1038 917 1076 in
952 1039 1035 1077 hoc
1057 1050 1202 1088 regno
1225 1038 1469 1076 coelorum.
1495 1037 1547 1074 Et
1578 1037 1731 1074 mirum
1762 1041 1826 1075 est
1875 1046 1879 1055 '

202 1124 304 1149 sane
327 1117 505 1162 gentem
536 1116 602 1149 tot
626 1110 765 1148 modis
796 1110 1075 1148 sacerdotum
1098 1114 1142 1147 et
1172 1109 1485 1147 monachorum
1514 1108 1712 1158 improba
1742 1108 1826 1146 vita
1872 1141 1874 1146 .

199 1180 568 1219 scandalizatam
589 1188 607 1206 a
638 1182 697 1219 ita
729 1181 971 1218 catholicae
1005 1180 1219 1218 ecclesiae
1251 1180 1460 1229 pietatem
1490 1179 1532 1216 in
1568 1179 1826 1228 ceremonijs

202 1258 247 1291 et
269 1253 386 1291 cultu
408 1252 555 1290 diuino
578 1253 785 1291 retinere.
810 1252 909 1289 Non
940 1252 1030 1289 sine
1056 1251 1317 1301 optimorum
1338 1250 1577 1301 principum
1604 1250 1685 1299 (uti
1712 1250 1826 1300 reor)

202 1330 246 1362 et
268 1325 467 1363 uiuorum
490 1330 534 1362 et
566 1329 836 1362 mortuorum
860 1324 931 1373 qui
963 1336 1057 1361 eam
1086 1336 1242 1361 rexere
1275 1323 1448 1369 merito,
1472 1323 1544 1373 qui
1575 1335 1704 1373 super
1734 1314 1839 1373 gre?

201 1409 301 1446 gem
323 1409 446 1433 suum
478 1395 729 1446 diligentius
762 1395 954 1432 coeteris
985 1394 1234 1445 vigilarunt,
1258 1393 1374 1431 istud
1410 1393 1573 1431 euenit.
1598 1393 1651 1430 Et
1682 1398 1728 1430 ut
1758 1393 1826 1431 ali-

201 1467 303 1518 quid
325 1467 575 1518 expressius
597 1468 638 1504 in
662 1466 1038 1504 confirmationem
1060 1465 1187 1503 huius
1209 1466 1272 1503 rei
1292 1465 1539 1503 adferamus
1560 1465 1602 1502 in
1623 1464 1824 1511 medium,
1870 1506 1876 1519 υ

203 1539 349 1589 coepit
372 1539 479 1589 Mgr.
500 1539 710 1576 Martinus
732 1537 1052 1576 Steuordianus
1082 1542 1233 1574 noster
1250 1537 1385 1586 prima
1419 1536 1638 1574 dominica
1671 1536 1826 1574 aduen-
1871 1523 1876 1537 ¹

201 1615 270 1647 tus
291 1610 333 1647 in
354 1610 440 1648 hoc
480 1610 642 1659 templo
680 1609 1084 1659 augustinianorum
1125 1608 1376 1645 concionari
1397 1607 1437 1644 in
1460 1612 1581 1644 tanta
1610 1607 1827 1645 hominum

200 1681 461 1731 frequentia,
486 1686 532 1717 ut
554 1681 762 1730 templum
784 1680 856 1717 vix
889 1679 1113 1717 auditores
1149 1684 1344 1729 caperet3
1368 1684 1413 1716 et
1433 1691 1488 1716 ne
1510 1678 1605 1728 quis
1626 1683 1751 1729 putet
1775 1677 1826 1715 ob
1873 1687 1877 1708 t

202 1752 265 1790 rei
285 1752 486 1789 insolitae
523 1752 767 1789 nouitatem
803 1756 889 1788 tam
926 1751 1086 1788 multos
1122 1750 1402 1796 confluxisse,
1427 1748 1622 1799 quotidie
1658 1761 1735 1799 per
1765 1753 1826 1786 to-
1870 1771 1873 1790 1,

201 1828 291 1861 tum
313 1822 551 1860 aduentum
588 1823 797 1872 operariis
827 1823 846 1847 b
882 1822 1037 1860 diebus
1073 1829 1090 1846 0
1121 1822 1225 1859 satis
1247 1834 1403 1872 magno
1426 1834 1607 1859 numero
1632 1820 1828 1858 homines
1871 1848 1874 1878 3

202 1893 255 1931 ad
278 1907 376 1932 eum
397 1893 661 1931 audiendum
684 1894 723 1930 in
760 1906 884 1931 mane
920 1894 1027 1931 hora
1058 1898 1184 1931 sexta
1215 1898 1534 1938 conuenerunt,
1568 1892 1691 1930 festis
1722 1903 1825 1930 vero
1868 1929 1875 1942 .·

201 1964 355 2010 diebus
389 1971 518 2003 aucta
552 1970 619 2003 est
642 1965 779 2015 magis
814 1977 865 2002 ac
886 1965 1023 2015 magis
1044 1964 1291 2002 auditorum
1313 1963 1560 2002 multitudo.
1586 1963 1827 2014 Aliquoties

203 2036 332 2074 etiarn
354 2036 396 2074 in
426 2048 525 2074 arce
563 2048 710 2074 coram
741 2036 877 2073 Illmo.
911 2036 1103 2086 principe
1137 2040 1181 2073 et
1211 2035 1429 2073 nobilibus
1461 2035 1553 2073 eius
1584 2047 1828 2073 sermonem
1870 2043 1875 2082 ff

201 2119 375 2156 quoque
397 2107 695 2157 germanicum
717 2106 881 2153 habuit,
907 2112 950 2144 et
973 2106 1145 2157 saepius
1168 2119 1266 2144 eum
1289 2105 1475 2144 libenter
1510 2105 1719 2153 audisset,
1750 2105 1828 2144 nisi
1857 2128 1869 2154 χ

201 2191 278 2229 per
300 2180 351 2216 D.
377 2178 695 2224 cancellarium,
719 2178 927 2228 optimum
948 2178 1087 2215 nostri
1109 2177 1283 2228 collegij
1301 2182 1547 2227 patronum,
1570 2189 1679 2216 suae
1709 2175 1826 2215 celsi·
1867 2179 1871 2226 J

202 2249 353 2288 tudini
377 2250 396 2274 d
419 2254 677 2300 suggestum
698 2248 853 2286 fuisset
872 2261 959 2286 non
983 2248 1191 2299 expedire
1224 2254 1270 2286 ut
1291 2249 1344 2286 ab
1365 2249 1452 2287 hoc
1481 2249 1643 2298 templo
1678 2252 1826 2286 nostro
1855 2267 1858 2280 ·

203 2321 383 2359 ubitam
414 2320 589 2358 celebre
625 2319 761 2357 habet
796 2319 1073 2366 auditorium,
1112 2318 1450 2358 Steuordianus
1485 2319 1824 2357 abstraheretur.

204 2391 335 2430 Dedit
364 2392 507 2430 locum
537 2391 679 2429 bonus
710 2391 911 2441 princeps
940 2391 1192 2441 propositae
1229 2392 1308 2429 sibi
1344 2391 1515 2438 rationi,
1554 2396 1599 2428 et
1627 2390 1670 2428 id
1700 2403 1827 2428 vnum
1866 2375 1869 2386 ’

202 2462 330 2513 petijt
361 2467 407 2500 ut
440 2467 541 2512 post
574 2462 685 2499 haec
718 2461 832 2499 festa
861 2462 1056 2499 natalitia
1089 2461 1258 2500 faceret
1293 2475 1439 2500 coram
1476 2475 1521 2500 se
1557 2461 1599 2500 in
1629 2462 1726 2499 aula
1755 2471 1827 2499 sua

202 2547 334 2572 vnum
356 2532 409 2571 de
433 2532 718 2571 sacramentis
741 2546 988 2571 sermonem
1020 2533 1199 2583 singulis
1220 2532 1582 2572 hebdomadibus,
1608 2533 1828 2583 Cuperent

204 2605 329 2643 amici
351 2610 397 2643 et
417 2604 488 2654 qui
509 2603 661 2642 fauent
690 2604 928 2654 impensius
950 2604 1075 2642 bonis
1098 2604 1326 2642 conatibus
1356 2605 1398 2642 in
1428 2603 1706 2642 instauranda
1735 2603 1827 2641 1611-
1865 2611 1869 2641 2

204 2676 351 2727 gione,
375 2674 517 2712 adhuc
540 2688 670 2712 vnum
693 2680 738 2712 et
759 2675 943 2713 alterum
966 2680 983 2699 e
1005 2676 1052 2712 R.
1078 2676 1124 2713 P.
1149 2676 1200 2713 V.
1225 2675 1310 2713 huc
1330 2675 1505 2713 mittere
1528 2675 1828 2713 ecclesiastem

205 2746 516 2798 germanicum,
550 2750 597 2783 ut
626 2745 793 2783 fructus
823 2746 878 2784 sit
909 2758 962 2784 eo
994 2745 1186 2793 vberior,
1210 2758 1295 2797 quo
1325 2747 1471 2797 plures
1500 2746 1543 2784 in
1576 2746 1659 2784 hac
1687 2755 1828 2784 messe

249 2969 267 2990 ³
317 2965 531 3004 offensam.
602 2964 666 2988 —b
690 2962 878 3001 obscure
895 2974 1029 3008 exar..
1041 2974 1203 3011 Jorsan
1221 2963 1417 3011 operosis.
1484 2969 1551 2988 -0
1572 2962 1664 3009 Seq.
1685 2961 1725 2999 in
1743 2961 1824 3000 del.
1852 2987 1854 2995 ,

206 3027 273 3053 —d
293 3025 344 3063 ei.
398 3030 463 3049 -θ
483 3022 576 3060 Del.
597 3035 631 3060 a.
