1908 3446
247 212 317 249 446
737 213 954 250 LlrrERAss
981 212 1338 257 QUADRlMESTRES

954 437 1066 487 326

642 581 693 625 P.
741 577 1122 625 HURTADUS
1167 577 1388 624 PEREZ

726 721 863 747 οΙΒΙΝο
892 710 905 745 1
934 718 1130 756 jANUARll
1160 707 1250 744 1560
1276 709 1300 744 ¹.

203 829 445 868 Sociorum
466 842 698 869 numerus.
730 829 944 867 Votorum
962 827 1212 867 renovatio.
1235 826 1469 875 Quaedam
1486 829 1536 866 de
1557 827 1825 867 ministeriis
1866 840 1867 845 ¹

600 907 716 946 erga
734 893 972 944 Proximos
993 892 1041 931 iu
1058 891 1222 931 vicinis
1245 891 1434 942 oppidis.

250 1019 339 1070 Jhs.
361 1019 449 1056 Pax
464 1017 637 1058 Christi.
649 1018 758 1066 sam
776 1016 923 1064 tertio,
935 1019 1160 1066 perquam
1172 1015 1271 1054 Rstss
1287 1016 1353 1063 R,
1370 1015 1703 1066 quadrimestre
1717 1016 1826 1055 scri-

202 1089 333 1129 bendi
352 1102 518 1128 munus
540 1088 715 1128 obimus
735 1092 761 1126 ².
792 1087 971 1126 Vtinam
993 1089 1101 1126 esset
1119 1086 1477 1137 quadruplicata
1492 1086 1720 1126 scribendi
1735 1100 1826 1126 ma-

201 1161 349 1209 teries,
368 1163 417 1199 ut
429 1161 590 1211 plenas
607 1159 674 1198 ita
691 1159 852 1198 literas
870 1173 896 1197 a
914 1158 1038 1197 nobis
1055 1161 1254 1209 operum,
1274 1161 1322 1196 ut
1340 1159 1395 1197 ab
1413 1158 1522 1210 alijs
1538 1157 1827 1208 undiquaque

202 1232 235 1270 S
239 1232 445 1272 ocietatis
460 1230 704 1278 ministris,
725 1230 947 1280 acciperet
973 1230 1017 1268 T.
1036 1230 1084 1268 P.
1106 1230 1302 1268 Nostros
1318 1232 1469 1268 tamen
1486 1230 1828 1280 qzstalescumque
1887 1278 1889 1280 Ι

195 1305 390 1355 fructus
412 1302 575 1353 accipe,
601 1303 880 1341 obseruande
903 1302 953 1339 P.
988 1300 1075 1340 Sex
1094 1314 1266 1348 sumus,
1296 1303 1345 1338 itt
1376 1302 1594 1340 hacteuus
1613 1302 1645 1348 a,
1678 1306 1783 1339 vota
1808 1301 1828 1326 b

201 1375 281 1425 qui
309 1374 555 1421 emisimus,
591 1373 904 1412 renouauimus
934 1373 975 1410 in
1011 1373 1161 1423 vigilia
1194 1373 1238 1411 S.
1273 1373 1484 1420 Thomae,
1509 1373 1607 1422 quia
1635 1373 1677 1411 in
1707 1372 1828 1411 festis

201 1459 288 1485 non
310 1459 458 1484 sumus
481 1457 632 1483 omnes
655 1444 788 1493 domj.
827 1444 1069 1482 Versamztr
1091 1442 1165 1482 hic
1186 1444 1310 1494 domj
1330 1442 1513 1494 quisque
1534 1443 1584 1481 iu
1606 1456 1684 1481 suo
1709 1450 1726 1468 ⁰
1742 1457 1828 1481 mu·
1867 1475 1870 1478 ⁴

201 1531 323 1565 nere,
348 1519 466 1568 quod
485 1516 527 1555 si
546 1528 837 1556 versaremur
867 1515 916 1554 iu
951 1514 1189 1554 homiuum
1211 1514 1533 1554 consuetudine
1545 1514 1826 1565 frequenter,

194 1590 399 1642 fortasse
432 1588 644 1627 utiliores
679 1600 885 1627 essemus.
924 1588 1013 1625 Itur
1048 1587 1101 1624 ad
1132 1589 1312 1638 pagum
1334 1587 1353 1611 ‘¹
1384 1599 1437 1625 ex
1473 1599 1594 1625 more
1633 1586 1828 1625 omnibus

200 1662 340 1700 festis.
364 1661 448 1700 Hic
478 1673 585 1699 uero
609 1660 725 1709 domj
750 1664 851 1697 ante
883 1659 1048 1709 aliquot
1070 1658 1164 1696 dies
1196 1659 1516 1705 constituimus,
1549 1663 1596 1696 ut
1626 1671 1829 1696 reuersus
1875 1678 1877 1685 ·

202 1734 249 1772 P.
283 1734 423 1771 Lucas
452 1732 464 1751 ³
493 1732 682 1770 familiae
705 1738 722 1756 θ
752 1731 1020 1768 familiariter
1051 1729 1212 1780 aliquid
1246 1730 1516 1781 loqueretur.
1555 1730 1687 1768 Audit
1722 1730 1830 1768 haec

202 1817 311 1856 gens
332 1804 552 1850 libentius,
577 1816 703 1853 quam
724 1802 842 1840 facit.
868 1801 1127 1840 Audierunt
1157 1800 1294 1840 etiam
1315 1800 1467 1840 nostri
1487 1801 1581 1839 tria
1611 1815 1750 1840 sacra
1785 1801 1830 1840 in

202 1876 462 1915 natiuitate.
497 1876 783 1914 Celebratum
816 1879 881 1911 est
912 1873 989 1912 fin
1020 1873 1313 1912 Hermesdorf
1338 1874 1379 1911 in
1408 1879 1541 1911 noete
1575 1873 1826 1921 natiuitatis,

203 1948 321 1998 quod
343 1960 367 1985 a
392 1958 444 1996 40
472 1947 594 1985 annis
624 1947 666 1984 in
697 1945 1034 1983 desuetudinem
1067 1946 1240 1983 uenisse
1272 1945 1353 1996 ipsi
1374 1945 1594 1991 dixerunt,
1626 1945 1830 1995 quamob-

203 2033 295 2058 rem
316 2032 402 2057 non
434 2019 527 2056 sine
551 2017 732 2056 consilio
756 2016 1052 2055 reuocandum
1074 2021 1353 2067 putauerunt.
1378 2017 1539 2054 Habito
1564 2029 1669 2067 ergo
1694 2016 1829 2054 consi·
1865 2034 1868 2051 ;

201 2091 275 2139 lio,
298 2104 386 2129 non
406 2094 644 2141 potuerunt
667 2088 899 2135 obsistere,
923 2087 1291 2137 quemadmodum
1314 2100 1423 2125 vnus
1444 2088 1636 2138 ipsorum
1658 2087 1829 2138 publice

200 2168 358 2215 postea
378 2161 501 2207 dixit,
535 2160 778 2198 catholicos
808 2158 1036 2197 uictoriam
1060 2171 1232 2209 semper
1263 2163 1581 2208 reportaturos,
1613 2157 1717 2197 licet
1737 2159 1829 2209 ipse

201 2234 310 2272 nolit
341 2245 440 2271 esse
472 2232 727 2278 catholicus,
761 2236 833 2268 aut
854 2231 1000 2281 potius
1030 2243 1117 2267 non
1148 2229 1321 2268 audeat.
1346 2229 1523 2269 Accidit
1553 2243 1642 2268 uuo
1665 2231 1830 2269 horum
1854 2249 1870 2258 r

195 2306 443 2357 festorum,
468 2305 517 2341 ut
537 2315 713 2341 summo
738 2315 867 2341 mane
898 2300 1077 2340 iuuenis
1099 2300 1287 2351 quidam
1317 2301 1384 2350 (ut
1409 2301 1651 2340 uidebatur
1676 2302 1830 2352 potus)
1871 2331 1873 2334 -

203 2375 379 2416 ueniret
410 2376 469 2413 ad
495 2374 544 2412 P.
575 2374 764 2421 Lucam,
790 2372 924 2423 quasi
951 2372 1123 2412 serium
1154 2372 1387 2423 quippiam
1418 2374 1721 2420 tractaturus,
1755 2372 1831 2424 qui

249 2525 269 2544 a
318 2524 385 2571 qui
404 2523 467 2560 hie
486 2534 711 2559 versamur.
777 2523 840 2547 —b
862 2521 971 2569 prius
992 2521 1151 2558 emissa.
1217 2527 1280 2546 -0
1301 2520 1495 2567 fungitur.
1573 2522 1639 2547 —d
1670 2521 1829 2568 opidum
1853 2538 1869 2549 1·

217 2584 406 2621 vicinum.
461 2589 524 2608 -e
545 2583 664 2629 (quae
684 2581 732 2618 de
754 2580 958 2618 Societate
977 2593 1056 2617 non
1076 2581 1164 2625 est).
1220 2581 1278 2606 —f
1301 2581 1509 2632 celebrata
1529 2586 1589 2617 est
1607 2580 1747 2618 missa.
1867 2580 1869 2589 ²

201 2715 305 2753 batis
325 2712 575 2759 Martinengi
593 2716 689 2748 tunc
708 2711 814 2758 apud
833 2711 1009 2757 Regiam
1031 2710 1161 2748 Mssem
1181 2709 1322 2759 Nuntij
1343 2711 1583 2758 Apostolici,
1605 2717 1680 2748 etc.
1705 2712 1747 2749 15
1759 2711 1830 2759 Ja-

202 2774 370 2823 nuarij.»
403 2771 514 2811 Obiit
544 2770 702 2808 Romae
738 2775 880 2808 octavo
912 2770 1005 2807 Idus
1036 2769 1292 2817 Septembris
1324 2769 1426 2807 1581.
1465 2769 1529 2807 Cf.
1565 2769 1825 2816 SAcchUM,

203 2834 319 2872 Hz'st.
341 2833 431 2871 Soc.
447 2832 573 2879 Jesu,
595 2835 698 2878 part.
722 2830 774 2874 V,
795 2830 865 2867 lib.
886 2830 915 2875 I,
937 2843 976 2866 n.
996 2830 1054 2867 56.

251 2900 260 2920 ¹
312 2897 376 2935 Ex
393 2902 553 2944 autogr.
573 2896 614 2932 in
632 2896 717 2940 cod,
737 2895 876 2933 Germ.
899 2894 992 2940 139,
1013 2895 1056 2932 ff.
1081 2895 1135 2938 13,
1157 2895 1214 2941 143
1235 2895 1346 2942 prius
1364 2895 1410 2931 79
1428 2894 1543 2941 (186).

250 2959 263 2979 ²
317 2957 421 2995 Vide
441 2969 504 3004 pp.
525 2955 607 2996 203.
628 2954 713 2992 335.

252 3018 265 3038 ³
316 3016 358 3054 P.
383 3015 518 3053 Lucas
537 3014 714 3052 Molitor.
