1908 3446
172 286 242 324 558
633 287 853 326 LITTERAE
880 287 1235 334 QUADmMEsrREs

125 387 311 426 ticorum
334 389 494 439 scripta
521 389 625 427 nihil
660 389 790 428 etiarn
826 389 879 428 de
915 390 1001 428 fide
1036 390 1212 442 agentia
1241 404 1295 429 ne
1324 392 1541 443 inspicere
1572 391 1747 443 quidem

126 459 384 498 christianus
414 460 615 511 princeps
646 461 864 511 dignetur.
898 461 1094 500 Vidimus
1124 463 1251 500 huius
1281 463 1343 512 rej
1375 476 1463 501 non
1493 464 1552 501 ita
1581 461 1748 514 pridem

125 532 409 570 memorabile
433 533 697 582 exemplum
733 546 830 571 nam
853 533 953 571 dum
984 533 1166 572 infestus
1188 533 1363 585 quidam
1384 535 1671 573 concionator
1703 534 1750 572 li-

124 602 286 640 bellum
306 615 394 641 non
418 604 592 641 omnino
623 604 781 642 malum
812 605 993 655 principi
1023 604 1287 651 dedicasset,
1313 611 1358 644 et
1381 605 1656 644 offerendum
1679 618 1750 644 cu-

123 678 279 720 rasset,
305 665 546 712 cathol'icus
567 673 768 725 princeps
791 676 936 714 statim
958 680 1087 726 atque
1110 677 1341 715 authorem
1372 677 1672 728 cognouisset,
1705 676 1750 714 li-

123 743 285 782 bellum
314 746 575 796 repudiauit3
607 746 830 785 vafriciam
862 748 1030 786 scilicet
1060 747 1246 786 hominis
1276 748 1569 799 perpendens,
1603 754 1650 786 ut
1679 748 1751 799 qui

124 815 209 853 hoc
239 816 386 854 libello
418 817 471 854 ad
502 818 610 855 alios
637 819 921 857 nocentiores
943 819 1174 871 aliquando
1200 819 1455 858 offerendos
1477 820 1590 858 uiam
1613 825 1752 857 strue-

124 892 205 925 ret.
231 888 458 926 Commisit
481 888 641 927 deinde
664 892 904 929 secretario
928 897 975 929 ut
996 891 1158 929 donum
1179 892 1265 930 hoc
1290 891 1429 930 literis
1460 891 1535 930 tali
1565 891 1751 929 authore

124 956 264 1009 dignis
293 966 617 1010 compensaret3
640 962 757 1012 quod
784 963 1049 1001 secretarius
1080 976 1132 1001 ea
1163 976 1210 1001 se
1240 962 1410 1002 ratione
1441 963 1654 1002 facturum
1685 975 1750 1001 re-

124 1030 220 1067 tulit
242 1030 382 1078 nobis,
406 1036 452 1069 ut
474 1032 599 1081 alterj
623 1045 709 1070 non
730 1032 865 1071 libeat
885 1033 1013 1071 facile
1035 1047 1159 1072 suum
1182 1034 1326 1072 denuo
1348 1034 1587 1085 principem
1613 1034 1750 1072 hono-

123 1113 219 1139 rare
250 1101 420 1140 libellis.
460 1104 699 1143 Praetereo
734 1117 818 1155 qua
852 1105 1091 1143 seueritate
1127 1118 1264 1156 nuper
1298 1105 1340 1143 in
1373 1105 1750 1156 gymnasiarcham

122 1172 249 1210 huius
270 1173 403 1221 urbis,
426 1175 555 1224 paulo
577 1180 677 1225 post
698 1180 896 1214 nostrum
917 1176 1171 1224 aduentum,
1196 1189 1299 1214 usus
1321 1176 1391 1223 sit3
1413 1176 1487 1226 qui
1516 1175 1617 1214 dum
1649 1187 1750 1214 exe-

124 1242 320 1295 quiarum
360 1245 690 1284 ecclesiasticos
728 1246 835 1285 ritus
871 1251 1195 1294 contemneret,
1240 1259 1404 1297 eosque
1440 1246 1482 1284 in
1517 1246 1750 1285 defunctae

124 1315 272 1353 uxoris
295 1316 518 1366 sepultura
538 1315 736 1355 adhiberi
761 1317 914 1366 nollet,
938 1323 1026 1356 tam
1046 1331 1227 1369 grauem
1249 1317 1453 1369 principis
1481 1317 1661 1356 incurrit
1690 1317 1750 1355 in-

123 1386 437 1437 dignationem,
463 1392 509 1425 ut
542 1389 659 1426 nulla
692 1389 878 1436 ratione,
915 1402 970 1427 ne
1006 1390 1289 1440 magistratus
1319 1388 1510 1440 quidem,
1548 1388 1750 1439 adeoque

120 1458 239 1508 psius
278 1459 497 1497 illustriss.
531 1460 735 1511 principis
766 1460 914 1499 matris
952 1461 1290 1509 intercessione,
1328 1461 1370 1499 in
1397 1461 1582 1512 gratiam
1604 1460 1749 1499 redire

121 1530 330 1580 potuerit3
353 1530 432 1568 sed
453 1530 564 1568 intra
585 1530 773 1569 triduum
797 1544 881 1570 una
903 1544 1000 1570 cum
1023 1531 1240 1570 cadauere
1268 1537 1362 1570 tota
1389 1531 1593 1582 principis
1624 1530 1749 1569 ditio-

120 1613 176 1638 ne
199 1600 420 1639 excedere
442 1602 496 1640 sit
519 1608 715 1641 coactus.
749 1603 991 1642 Confirmet
1021 1604 1107 1643 hoc
1137 1604 1301 1651 DEVS,
1334 1604 1452 1654 quod
1481 1605 1524 1642 in
1555 1616 1633 1642 suo
1664 1604 1750 1642 hoc

122 1685 252 1711 seruo
273 1678 360 1711 tam
380 1674 572 1725 benigne
595 1675 767 1726 operari
787 1675 991 1727 dignatus
1015 1681 1095 1715 est.
1122 1676 1285 1726 Quanti
1305 1688 1385 1714 nos
1407 1674 1454 1715 S.
1481 1675 1528 1715 C.
1553 1683 1571 1701 a
1601 1675 1747 1722 faciat,

121 1757 267 1795 quoue
288 1746 388 1784 loco
410 1746 587 1794 habeat,
612 1759 667 1784 ex
687 1746 924 1799 praedictis
946 1747 1139 1798 apertius
1163 1760 1262 1786 esse
1283 1752 1406 1798 puto,
1438 1761 1566 1799 quarn
1587 1752 1633 1786 ut
1653 1760 1749 1798 par-

122 1816 331 1855 ticulatim
354 1817 559 1866 ceruina,
584 1819 756 1869 aprina
777 1821 817 1859 et
832 1819 1090 1870 pisculenta
1110 1820 1130 1845 b
1160 1820 1355 1868 donaria,
1387 1820 1543 1870 quibus
1565 1820 1749 1858 subinde

121 1888 355 1938 gratificari
377 1895 395 1914 ⁰
424 1889 551 1928 nobis
586 1891 715 1938 solet,
751 1891 963 1942 prolixius
997 1891 1068 1930 hic
1090 1904 1438 1930 commemorare
1461 1891 1515 1930 sit
1544 1903 1747 1930 necesse.

121 1959 216 1998 Nec
236 1960 376 1999 minor
398 1973 503 1999 sane
525 1966 593 2000 est
613 1966 704 2000 tum
725 1962 990 2001 illustriss.a'³
1012 1962 1215 2001 ducissae
1238 1968 1263 2011 ¹,
1302 1968 1393 2002 tum
1413 1961 1748 2013 praecipuorum

120 2031 326 2083 principis
361 2033 707 2072 consiliariorum
737 2034 779 2072 in
809 2047 890 2073 nos
920 2034 1045 2073 fauor
1077 2040 1121 2073 et
1150 2035 1481 2082 beneuolentia‚
1515 2034 1616 2073 dum
1652 2047 1750 2073 suas

122 2103 266 2153 cunctj
297 2104 424 2142 nobis
457 2104 782 2156 promptissime
818 2117 975 2156 operas
1011 2106 1218 2154 offerunt,
1252 2111 1297 2144 et
1326 2104 1643 2153 liberalissime,
1676 2105 1750 2144 ubi

119 2187 190 2213 res
211 2175 271 2212 ita
291 2175 392 2223 fert,
415 2175 685 2226 impendunt.
710 2176 866 2227 Neque
897 2176 1096 2219 dubitant
1127 2177 1248 2226 multj
1283 2165 1452 2215 exillis
1483 2189 1586 2215 suos
1618 2176 1748 2214 etiam

119 2245 246 2284 nobis
268 2246 518 2284 concedere
540 2247 650 2285 filios
668 2246 975 2286 instituendos.
1003 2248 1101 2297 Quo
1125 2261 1228 2286 sane
1250 2248 1313 2296 fit,
1344 2252 1390 2286 ut
1419 2261 1507 2286 non
1538 2247 1591 2286 ad
1621 2247 1748 2286 huius

118 2321 285 2355 tantum
309 2317 497 2356 ciuitatis
518 2319 773 2370 municipeS,
791 2318 871 2357 sed
892 2318 945 2357 ad
967 2319 1207 2358 remotiora
1229 2320 1360 2358 etiam
1382 2320 1480 2358 loca
1500 2320 1642 2357 bonus
1659 2331 1748 2357 ser-

120 2400 275 2426 uorum
296 2388 392 2438 Xpi.
418 2389 526 2427 odor
542 2388 702 2439 passim
722 2390 984 2440 peruaserit.
1004 2390 1239 2429 Testantur
1261 2391 1348 2429 hoc
1369 2391 1416 2429 R.
1431 2389 1525 2422 ssimj
1550 2391 1748 2429 Salzbur-

120 2460 270 2510 gensis
291 2463 303 2482 2
326 2464 369 2497 et
391 2461 671 2511 magistratus
694 2461 961 2510 Lanzhutanj
986 2462 1027 2499 in
1056 2462 1329 2512 postulandis
1361 2461 1563 2513 collegijs
1590 2462 1746 2509 studia,

121 2543 233 2581 quae
254 2544 341 2570 non
362 2532 536 2570 aliunde
558 2545 685 2583 quam
708 2544 763 2569 ex
784 2533 910 2571 bonis
941 2533 1067 2571 huius
1090 2533 1265 2584 collegij
1295 2533 1429 2582 initijs
1458 2534 1659 2584 profecta
1689 2533 1748 2571 ui-

123 2602 296 2641 dentur.
321 2603 409 2641 Sed
431 2604 484 2642 de
507 2603 572 2641 his
595 2616 674 2642 suo
696 2609 897 2656 tempore
918 2605 1055 2655 plura.

176 2685 213 2724 7.
273 2676 339 2714 De
360 2675 486 2714 nobis
507 2676 594 2713 hoc
621 2675 782 2714 habeat
812 2676 913 2714 R.tia
944 2676 994 2714 Τ.
1027 2676 1109 2726 Dej
1145 2677 1285 2728 gratia
1313 2676 1379 2715 sic
1398 2675 1513 2715 satis
1534 2677 1744 2715 ualemus.

167 2829 187 2849 a
236 2829 300 2867 hie
320 2828 590 2876 princeps.—b
613 2827 711 2865 eius.
764 2837 828 2855 —0
859 2829 1037 2867 Videtur
1055 2830 1223 2868 emend.
1245 2831 1300 2867 ab
1319 2826 1564 2868 auctore'ex
1593 2830 1748 2876 gratifi-

123 2893 236 2927 catus
255 2896 328 2926 est.

175 3039 184 3059 ¹
236 3037 375 3085 Anna,
395 3037 643 3076 Ferdinandi
661 3040 916 3087 imperatoris
934 3040 1031 3078 filia.

170 3098 184 3118 ²
232 3097 414 3136 Micha'e‘l
431 3111 454 3135 a
472 3097 719 3146 Kuenburg.
