1908 3446
458 151 822 190 325.-MoxAcH10
854 151 863 185 1
890 149 1093 195 JANUARH
1124 147 1212 182 1560
1537 144 1599 180 441

793 377 901 427 52³

451 522 498 567 Ρ.
547 519 895 567 NICOLAUS
936 517 1123 564 LANO
1134 517 1262 563 YUS

513 661 727 688 MONACHIO
758 651 771 686 1
801 660 996 697 Jaxuiuen
1028 649 1115 685 1:360
1144 650 1168 685 ¹,

37 776 67 814 1.
93 773 330 812 Nascenfis
351 772 537 823 collegii
560 771 711 810 initia.
738 770 972 809 Bavariae
1004 772 1095 808 dux
1124 769 1290 819 probos
1321 766 1662 807 contionatores

112 841 303 889 exoptat.
327 839 527 888 Populus
549 840 609 875 ad
631 837 861 876 cosnfz‘ones
875 836 1096 887 frequens
1119 834 1443 874 accztrrz't.—2.
1471 832 1661 872 Ubinam

116 904 340 954 magistri,
378 904 457 942 nbi
475 916 580 942 vero
602 903 727 942 verbi
749 902 895 941 divini·
912 906 1161 952 praecones
1181 900 1405 939 utiliores.
1439 899 1662 938 Vernacu-

114 972 182 1009 lae
205 970 396 1022 linguae
419 968 641 1008 usna—3.
666 967 1001 1007 Monaclziensis
1018 966 1177 1017 populi
1198 965 1413 1005 conditio.
1439 964 1662 1016 Refloren-

86 1070 89 1072 .
115 1036 171 1075 tis
192 1036 444 1076 catholicae
466 1035 570 1081 fidei
592 1034 780 1074 indicia.
806 1034 1085 1074 scholarum
1107 1031 1293 1083 collegii
1315 1030 1465 1069 initia.

95 1175 127 1202 Ι.
186 1166 214 1214 ἦ·
239 1163 333 1213 jhs.
372 1162 525 1200 Gratia
558 1167 601 1199 et
630 1174 713 1212 pax
746 1162 845 1199 Iesu
866 1159 984 1198 Chri.
1010 1164 1096 1197 ete.
1131 1158 1310 1196 Multum
1333 1156 1429 1194 Rde
1458 1156 1501 1194 in
1530 1155 1663 1194 Chro.

42 1237 108 1275 Pr.
135 1234 272 1283 [Dicit
301 1247 344 1273 se
370 1234 619 1286 fructuum
645 1231 883 1283 primitias
905 1230 1114 1282 offerraj
1141 1231 1378 1280 Postquam
1402 1227 1552 1280 igitur
1574 1227 1667 1265 dies

10 1348 12 1352 ,
40 1308 174 1346 festus
194 1304 562 1357 praesentationis
587 1306 634 1343 Β,
660 1304 821 1342 Mariae
842 1303 1032 1353 Virginis
1054 1302 1066 1320 ²
1088 1314 1168 1339 nos
1189 1302 1231 1339 in
1266 1302 1348 1339 hae
1383 1299 1562 1338 ciuitate
1586 1311 1668 1336 vna

0 1396 1 1399 ¹
43 1392 135 1418 cum
156 1378 253 1416 R.d0
270 1379 367 1416 Pre.
388 1375 645 1428 prouinciali
660 1374 673 1393 ³
696 1375 1011 1419 coniunxisset,
1032 1373 1250 1411 dominica
1267 1370 1553 1421 subsequenti
1570 1383 1667 1408 cum

43 1449 222 1489 dominis
245 1447 510 1497 comissarijs
526 1447 650 1486 Illmi.
676 1447 798 1485 ducis
832 1447 970 1484 nostri
992 1446 1005 1464 ⁴²
1028 1445 1172 1483 onmia
1198 1444 1420 1482 foeliciter
1449 1445 1669 1480 transacta

0 1517 13 1564 ‚¹
45 1528 152 1570 sunt,
191 1527 234 1560 et
266 1521 522 1559 confirmata
552 1531 856 1570 quaecumque
887 1519 981 1556 siue
1012 1517 1066 1556 ad
1097 1514 1463 1555 sustentationem
1500 1519 1669 1552 nostro-

0 1612 2 1620 ·
44 1608 148 1642 rum,
173 1593 265 1632 siue
288 1592 342 1631 ad
364 1592 557 1643 ipsorum
581 1591 794 1629 exercitia
814 1591 867 1628 ab
889 1590 982 1641 ipso
1006 1589 1118 1627 duee
1143 1587 1353 1639 requisita
1378 1586 1668 1637 pertinerent:

46 1669 87 1705 et
107 1665 301 1716 quamuis
323 1664 544 1715 assignata
564 1663 759 1714 prouisio
783 1662 837 1700 ad
858 1661 1061 1700 alendum
1084 1662 1303 1711 integrum
1326 1658 1562 1710 Collegium
1584 1671 1670 1696 non

45 1737 240 1777 videatur
277 1736 498 1783 sufficere,
536 1735 690 1773 relicta
721 1740 788 1772 est
818 1739 966 1772 tamen
999 1733 1215 1771 Soeietati
1249 1744 1349 1782 spes
1386 1736 1509 1769 certa
1541 1730 1669 1780 paulo

0 1855 2 1859 y
46 1813 141 1859 post
162 1813 360 1857 tempore
383 1806 611 1857 augendae
634 1804 883 1843 huiusmodi
904 1817 1072 1842 annuae
1094 1804 1332 1854 pensionis,
1356 1815 1467 1854 quae
1489 1802 1604 1839 iusto
1629 1807 1673 1839 et

49 1880 263 1930 completo
288 1878 476 1929 collegio
501 1878 554 1915 sit
576 1876 747 1915 abunde
771 1877 875 1914 satis
896 1876 1057 1922 futura3
1081 1880 1126 1913 et
1147 1875 1258 1913 hane
1280 1888 1401 1926 spem
1422 1874 1571 1924 paucis
1602 1873 1672 1910 ab·

44 1950 145 1989 'hinc
163 1951 317 1989 diebus
339 1949 724 2000 (quemadmodum
746 1950 880 1986 Dnus.
916 1947 1215 1993 cancellarius,
1241 1948 1291 1984 D.
1316 1946 1466 1984 Simon
1496 1945 1671 1991 Eckius,

0 2027 9 2073 j
49 2023 210 2072 retulit)
232 2022 319 2060 dux
349 2022 441 2072 ipse
465 2021 655 2072 repetita
674 2020 963 2070 promissione
997 2018 1286 2056 confirmauit.
1322 2017 1437 2066 Quin
1469 2017 1599 2055 etiam
1631 2021 1674 2054 et

0 2101 5 2148 ζ
49 2094 89 2132 in
108 2095 222 2132 votis
243 2094 376 2132 habet
396 2093 512 2132 idem
532 2093 552 2111 a
572 2092 867 2143 pientissimus
889 2096 933 2129 et
956 2090 1197 2129 catholicus
1218 2090 1420 2140 princeps
1442 2089 1549 2126 alios
1570 2101 1675 2138 quo-

0 2163 2 2173 '
50 2179 129 2216 que
154 2166 376 2216 operarios
399 2178 423 2202 a
444 2165 491 2202 R.
517 2165 564 2202 P.
589 2165 638 2202 T.
662 2175 865 2214 poscere,
890 2163 962 2212 qui
992 2161 1295 2199 Landzshutae
1318 2160 1447 2211 (quae
1475 2161 1588 2198 inter
1621 2160 1675 2198 ei-

51 2237 206 2276 uitates
227 2237 480 2287 prouinciae
504 2236 741 2274 Bauaricae
761 2235 938 2273 tertium
960 2233 1184 2284 dignitatis
1200 2232 1583 2284 praestantiaeque
1604 2231 1676 2269 ob-

0 2293 3 2314 ³
52 2308 157 2347 tinet
177 2309 196 2333 b
212 2308 375 2357 locum)
396 2308 604 2358 populum
621 2312 858 2356 utcumque
880 2306 1007 2343 nouis
1036 2304 1311 2355 opinionibus
1342 2309 1472 2354 atque
1505 2302 1677 2341 damna-

54 2380 105 2417 tis
127 2379 346 2418 erroribus
374 2379 595 2417 addietum
617 2378 671 2416 ad
702 2390 847 2415 sanam
869 2377 1112 2415 doctrinam
1143 2376 1280 2413 verbo
1306 2380 1351 2413 et
1381 2375 1583 2425 exemplo
1612 2387 1677 2412 re-

55 2455 227 2498 uocent,
269 2463 431 2501 pueros
470 2463 644 2501 quoque
684 2450 726 2487 in
765 2449 922 2488 litteris
962 2454 1005 2487 et
1046 2448 1290 2486 christianis
1329 2446 1522 2485 moribus
1560 2446 1678 2484 insti-

98 2594 117 2614 a
166 2595 274 2632 idem
294 2599 432 2641 supra
452 2604 560 2631 verS.
583 2593 737 2630 eadem
758 2603 911 2630 manu.
966 2593 1030 2616 —b
1053 2590 1238 2627 Emend.
1261 2601 1311 2627 ex
1330 2590 1522 2627 obtineat.

103 2728 110 2747 ¹
162 2726 223 2764 Ex
241 2731 398 2772 autogr.
422 2726 462 2762 in
489 2725 575 2763 cod.
599 2724 740 2762 Germ.
770 2723 863 2765 139.
893 2722 935 2759 ff.
965 2722 1021 2766 11,
1053 2721 1107 2767 12;
1135 2721 1247 2769 prius
1276 2720 1343 2757 145
1371 2719 1484 2764 (114).
1515 2719 1680 2757 Partem

57 2786 177 2823 edidit
194 2786 557 2827 BRAUNSBERGER,
578 2784 631 2822 Β.
653 2784 705 2821 Ρ.
729 2784 893 2821 Canisiz·
909 2783 1047 2828 epist.,
1068 2781 1116 2827 ΙΙ,
1136 2780 1218 2818 869.

102 2846 115 2865 ²
162 2845 204 2883 21
224 2844 480 2882 Novembris.

102 2904 116 2925 ³
165 2904 210 2941 Β.
232 2904 378 2942 Petrus
398 2903 600 2942 canisius.

103 2963 117 2984 ⁴
166 2963 365 3001 Albertus
384 2963 438 3009 V,
459 2963 662 3000 Bavariae
681 2963 772 2999 dux.
