1908 3446
174 289 245 327 536
640 292 858 330 LlTTERAE
885 293 1241 339 QUADRIMESTRES

128 390 329 441 vigorem
350 404 579 431 accersere
604 394 910 441 contenderet,
936 396 1081 433 oleum
1099 400 1142 433 et
1165 407 1356 446 operam,
1375 397 1492 446 quod
1513 397 1598 436 dici
1619 398 1748 444 solet,

128 461 330 512 perdidit.
370 464 450 501 Vbi
483 476 589 514 ergo
625 466 826 515 penitens
857 478 1006 503 secum
1038 478 1190 504 causas
1221 467 1329 504 tanti
1358 468 1456 505 mali
1480 468 1748 518 exquireret,

130 533 275 584 coepit
298 535 456 573 mentis
478 548 581 573 suae
603 537 887 586 peruicatiam
910 536 1097 586 culpare,
1126 541 1169 574 et
1192 538 1306 575 serio
1330 538 1527 588 cogitare
1559 551 1605 576 se
1633 540 1750 577 nolle

130 604 290 643 diutius
328 606 542 644 voluntati
584 606 757 645 diuinae
799 609 1055 646 obstinatius
1096 610 1372 660 obstrepere,
1409 609 1487 647 sed
1526 622 1574 647 se
1610 616 1750 648 totum

130 677 244 714 velle
266 678 503 715 Societatis
523 684 675 717 nostro
699 679 898 717 instituto
920 678 1102 717 dedere.
1127 679 1262 718 Simul
1283 685 1413 731 atque
1434 681 1565 731 igitur
1582 680 1751 718 firmum

130 748 257 786 animi
297 750 569 800 propositum
609 756 896 789 consecutum
938 756 1004 788 est
1040 763 1163 801 opus,
1203 756 1247 789 et
1282 752 1517 802 collegium
1556 758 1751 790 nostrum

131 819 429 857 commorandi
450 821 589 870 gratia
622 821 843 868 intrasset,
883 835 905 860 e
942 822 1130 872 uestigio
1166 825 1366 860 veterem
1402 823 1516 860 illam
1551 823 1752 861 tibiarum

129 890 368 940 agilitatem
403 892 681 942 recuperauit
715 906 852 943 usque
888 892 1016 939 adeO,
1054 899 1101 930 ut
1134 905 1217 931 nec
1252 893 1466 941 dolorem,
1503 906 1587 932 nec
1620 894 1752 932 ullum

132 961 262 1000 modo
286 963 446 1000 sentiat
467 963 793 1002 incommodum
817 968 841 1002 ¹.
875 964 951 1001 Est
979 969 1126 1002 autem
1155 965 1227 1002 hic
1255 963 1515 1002 adolescens
1548 978 1644 1003 cum
1676 978 1754 1003 sex

131 1032 226 1081 alijs
247 1031 302 1070 de
325 1034 550 1072 Societate
581 1047 708 1084 quam
738 1035 997 1073 breuissime
1027 1035 1154 1073 titulo
1177 1036 1414 1087 magisterij
1438 1036 1753 1087 insigniendus,

133 1109 177 1142 et
199 1105 338 1152 breui,
363 1106 585 1156 aspirante
609 1108 720 1153 Deo,
745 1108 925 1145 Romam
955 1112 1181 1145 venturus.
1216 1107 1397 1146 Coeteri
1428 1108 1580 1145 Patres
1612 1113 1656 1145 et
1677 1107 1757 1145 fra-

133 1180 222 1214 tres
247 1189 398 1215 omnes
420 1183 542 1215 recte
565 1178 728 1225 valent,
754 1183 797 1216 et
819 1191 897 1216 sua
918 1177 1151 1229 diligenter
1174 1183 1449 1230 exequuntur
1472 1179 1629 1217 munia.

214 1248 311 1286 Hec
332 1253 446 1294 sunt,
480 1249 527 1286 R.
563 1249 626 1296 P.,
651 1262 761 1299 quae
784 1250 888 1288 Dns.
922 1250 1036 1288 Ihus.
1069 1261 1147 1300 per
1177 1262 1259 1287 nos
1288 1250 1374 1288 hoc
1404 1262 1555 1288 mense
1587 1250 1760 1299 operari

135 1318 337 1369 dignatus
360 1324 441 1358 est.
466 1321 511 1358 In
535 1321 726 1359 coeteris
747 1321 1063 1372 negligentiam
1084 1326 1293 1368 nostram,
1327 1323 1373 1359 R.
1410 1322 1456 1359 P.
1490 1322 1558 1366 T.,
1592 1333 1643 1359 ac
1663 1322 1759 1360 reli-

133 1403 318 1440 quorum
358 1393 532 1429 Patrum
574 1405 625 1430 ac
663 1392 843 1430 fratrum
878 1391 1239 1442 flagrantissimae
1273 1405 1430 1443 preces
1465 1405 1516 1431 ac
1550 1393 1761 1431 sacrificia

134 1463 412 1512 supplebunt,
436 1476 545 1514 quos
569 1476 719 1502 omnes
742 1465 894 1501 Patres
916 1476 967 1502 ac
987 1464 1144 1502 fratres
1166 1464 1445 1502 colonienses
1468 1464 1757 1511 consalutant,

133 1534 368 1584 praecipue
390 1540 403 1560 ²
426 1536 471 1573 P.
497 1534 767 1583 Leonardus,
793 1536 839 1573 P.
874 1536 1070 1582 Rhetius,
1095 1536 1142 1574 P.
1167 1535 1456 1583 Ffranciscus‚
1482 1548 1583 1586 ego,
1609 1537 1655 1574 P.
1681 1536 1759 1573 Lu-

136 1605 364 1653 dobbicus,
390 1607 436 1644 P.
462 1606 674 1654 Andreas,
703 1607 746 1645 P.
772 1607 1099 1656 Hijmmerulus,
1120 1609 1174 1645 M.
1197 1607 1448 1654 Balduinus,
1470 1609 1524 1645 M.
1546 1606 1757 1654 Andreas,

137 1677 192 1716 M.
231 1678 489 1729 Gregorius,
527 1679 581 1716 M.
631 1679 874 1725 Berkelius,
909 1683 1012 1725 etc.,
1044 1678 1117 1729 qui
1148 1679 1194 1717 R.
1219 1686 1238 1704 a
1274 1680 1322 1717 P.
1356 1680 1405 1717 T.
1455 1691 1552 1717 cum
1583 1679 1760 1730 reliquis

138 1748 338 1786 omnibus
360 1749 621 1800 sospitatem
644 1749 888 1788 diuturnam
910 1753 1144 1800 precantur
1167 1753 1210 1788 et
1234 1750 1425 1788 omnium
1446 1762 1603 1800 preces
1625 1750 1760 1788 humi-

134 1819 252 1857 llime
277 1820 522 1870 [exolptant
545 1821 579 1858 b.
605 1821 817 1860 Coloniae
838 1821 1104 1872 Agrippinae
1127 1833 1181 1858 ex
1204 1821 1393 1871 collegio
1426 1821 1554 1858 trium
1578 1833 1758 1858 corona-

137 1903 244 1938 rum,
269 1901 318 1940 27
339 1891 540 1930 Ffebrua.
571 1892 684 1940 1560.
719 1893 766 1930 R.
800 1893 846 1930 P.
872 1892 940 1939 T.,
966 1905 1021 1930 ex
1052 1891 1255 1930 mandato
1286 1893 1331 1930 P.
1365 1891 1598 1938 Leonardi,

670 2017 885 2056 HENRICUS
915 2018 1160 2066 DloNYsms,
1192 2015 1395 2069 indignus
1425 2029 1580 2055 servus
1609 2018 1637 2054 ³.

219 2104 382 2157 Sigilli
411 2105 670 2158 vestigium.

185 2279 203 2298 ἃ
240 2272 508 2318 Consumpta
528 2272 695 2308 charta.
750 2272 815 2296 ——b
846 2272 1113 2317 Consumpta
1133 2271 1300 2308 charta.

187 2436 196 2455 ¹
248 2433 326 2471 Hie
345 2438 432 2470 erat
452 2432 630 2479 Ogerius
650 2432 946 2476 Davantianus,
967 2437 1010 2469 ut
1028 2436 1185 2469 constat
1203 2443 1253 2468 ex
1280 2431 1425 2468 litteris
1457 2431 1637 2479 ejusdem
1671 2431 1764 2467 Dio—

138 2493 242 2541 nysii
260 2493 282 2530 7
303 2493 403 2542 Maji
422 2494 538 2530 datis.
1530 2489 1533 2492 ’

185 2554 198 2573 ²
248 2552 520 2590 Nominantur
538 2553 577 2589 in
595 2564 680 2599 seq.
701 2551 781 2588 ΡΡ.
802 2551 1043 2588 Leonardus
1061 2549 1223 2595 Kessel,
1240 2550 1419 2597 Joannes
1434 2549 1619 2593 Rethius,
1638 2549 1763 2586 Fran-

139 2614 267 2650 ciscus
287 2612 496 2656 costerus,
517 2611 721 2648 Henricus
741 2610 975 2658 Dionysius,
995 2609 1231 2647 Ludovicus
1251 2609 1550 2649 columnensis.
1574 2609 1764 2645 Andreas

140 2671 361 2720 Aquensis,
379 2670 620 2708 Franciscus
639 2670 900 2710 Hemerolus.
922 2677 961 2706 et
979 2668 1026 2706 ff.
1052 2669 1274 2706 Balduinus
1298 2669 1349 2706 ab
1369 2669 1550 2715 Angelo,
1574 2667 1762 2704 Andreas

140 2732 367 2775 Boccatius,
389 2730 616 2777 Gregorius
637 2730 797 2775 Fabius,
811 2728 992 2776 Joannes
1011 2728 1247 2766 Berkelius.

186 2792 200 2812 ⁸
251 2791 358 2828 Vide
378 2801 513 2838 supra,
534 2803 571 2836 p.
592 2788 673 2826 290.
