1908 3446
220 245 290 284 302
592 232 603 245 ⁶
682 248 901 286 LITTERAE
928 249 1286 295 QUAomMESTREs

172 349 299 387 nobis
321 351 362 388 in
382 351 465 389 hac
484 356 608 401 parte
625 352 923 402 praeualeant‚
945 364 1129 403 eamque
1148 352 1460 390 eleemosinam
1483 359 1501 377 a
1521 353 1798 404 praeripiant.

224 432 264 470 4.
324 421 631 460 Confessarius
662 421 836 472 quidam
866 423 977 461 arcis
1010 423 1226 461 ecclesiae
1249 422 1373 461 duxit
1403 422 1458 461 ad
1487 436 1568 462 nos
1598 422 1801 463 afflictam

171 491 385 542 quandam
408 494 651 541 mulierem,
674 506 836 545 rogans
857 500 904 532 ut
938 498 1090 532 nostro
1113 493 1244 533 modo
1270 493 1362 532 eius
1384 494 1698 533 conscientiam
1720 496 1801 547 spi-

171 561 396 601 ritualibus
418 564 627 603 antidotis
649 565 863 604 uellemus
884 566 1035 604 iuuare
1060 571 1104 603 et
1126 566 1359 604 consolari.
1383 565 1431 604 Id
1453 578 1562 604 uero
1585 566 1710 604 simul
1741 573 1800 604 at-

170 646 255 684 que
276 647 357 673 nos
378 635 526 673 facere
549 636 791 687 coepimus,
815 637 887 674 illa
907 649 1082 688 quoque
1106 637 1254 688 coepit
1282 637 1433 688 spiritu
1454 637 1683 689 plurimum
1705 651 1800 688 pro-

169 706 319 753 ficere,
346 712 390 744 et
411 706 624 745 hactenus
645 706 821 757 quidem
842 708 1148 759 perseuerauit
1175 706 1217 745 in
1251 707 1473 758 frequenti
1503 708 1798 757 confessione,

170 777 479 815 communione
515 790 566 815 ac
602 777 872 826 obedientia3
894 777 1052 830 {quam
1087 777 1226 818 etiam
1261 780 1312 817 V.
1351 779 1399 817 R.
1439 781 1485 817 P.
1525 791 1581 817 ex
1617 779 1760 819 animo
1781 781 1801 805 b

168 847 516 887 commendatam
541 861 639 887 esse
662 850 873 900 cupimus.

222 929 257 968 5.
319 920 566 972 Collegium
587 922 705 972 quod
727 922 769 959 in
803 935 928 960 usum
949 934 1189 973 pauperum
1212 921 1510 960 studiosorum
1542 922 1799 973 erigendum

168 996 275 1038 erat,
299 991 520 1030 foeliciter
550 997 596 1030 ut
626 1005 756 1043 spero
786 991 1023 1044 procedet.
1060 993 1264 1032 Afficitur
1300 993 1513 1031 Sere.mus
1551 994 1753 1044 princeps
1788 1000 1797 1018 ¹

165 1062 395 1113 plurimum
432 1076 537 1115 erga
570 1065 656 1103 hoc
690 1065 952 1112 institutum,
986 1064 1058 1114 qui
1088 1064 1199 1103 duos
1228 1077 1391 1115 pueros
1421 1065 1636 1103 honestos
1666 1065 1797 1104 modo

166 1134 283 1173 domi
317 1140 497 1174 nostrae
519 1136 609 1184 alit,
642 1141 689 1174 ut
720 1149 817 1175 curn
847 1137 1032 1188 primum
1062 1137 1342 1174 habuerimus
1375 1136 1551 1175 domum
1578 1150 1656 1188 pro
1679 1136 1796 1176 dicto

165 1206 371 1257 collegio,
404 1206 669 1257 recipiantur
700 1207 743 1245 in
777 1220 1007 1245 numerum
1041 1220 1296 1258 pauperum,
1334 1220 1445 1258 quos
1477 1208 1570 1259 ipse
1606 1208 1708 1246 alet.
1731 1208 1797 1246 De

164 1278 245 1315 hac
271 1283 418 1316 autem
450 1278 581 1316 domo
604 1278 708 1316 nihil
734 1290 814 1316 nos
837 1279 1051 1317 sollicitos
1082 1291 1181 1317 esse
1211 1279 1319 1326 uult,
1345 1279 1557 1330 cumipse
1578 1279 1642 1329 (ut
1671 1279 1796 1318 nobis

163 1349 445 1401 significauit)
467 1351 520 1388 sit
554 1350 810 1398 effecturus,
835 1357 882 1388 ut
914 1351 995 1389 nisi
1017 1351 1186 1399 mulier,
1211 1363 1324 1402 quae
1347 1363 1442 1389 eam
1465 1350 1597 1389 modo
1620 1349 1796 1390 domum

164 1428 365 1473 occupat,
398 1423 509 1460 infra
539 1422 649 1461 duos
680 1435 871 1470 menses,
906 1423 1074 1462 scilicet
1109 1424 1356 1475 Augustum
1394 1428 1438 1461 et
1472 1423 1794 1475 Septembrem,

162 1493 432 1545 migrauerit,
458 1493 730 1546 migrandum
753 1493 832 1532 sibi
860 1507 963 1532 mox
985 1494 1094 1532 infra
1114 1508 1246 1532 unum
1278 1494 1458 1532 biduum
1489 1507 1588 1533 esse
1619 1495 1793 1533 sentiat.

215 1566 253 1605 6.
314 1566 504 1604 Scholae
540 1573 721 1605 nostrae
751 1567 856 1605 satis
890 1566 1110 1605 foeliciter
1147 1567 1382 1618 proficiunt
1417 1568 1459 1605 in
1494 1567 1795 1618 frequentibus

161 1636 542 1688 disputationibus,
568 1638 979 1689 compositionibus,
1005 1638 1270 1676 carminibus
1293 1643 1336 1676 et
1366 1637 1550 1689 publicis
1583 1638 1794 1676 exercita-

160 1708 366 1756 tionibus,
403 1721 501 1747 cum
535 1722 694 1760 magno
730 1709 880 1761 populi
919 1710 1128 1761 applausu
1164 1713 1208 1747 et
1247 1709 1554 1756 admiratione,
1596 1709 1709 1748 adeo
1748 1714 1793 1748 ut

161 1781 292 1819 etiam
326 1780 407 1818 uiri
441 1781 601 1832 magni,
639 1793 823 1830 quorum
857 1781 931 1830 filij
970 1782 1040 1819 uel
1074 1786 1263 1832 nepotes
1299 1781 1352 1819 ab
1386 1781 1565 1819 hussitis
1588 1781 1792 1819 anostris

159 1851 321 1890 scholis
356 1853 462 1890 sunt
484 1859 500 1877 0
521 1852 700 1890 abducti
735 1865 832 1891 curn
869 1852 1113 1890 studiorum
1143 1853 1337 1903 ipsorum
1369 1864 1627 1902 morumque
1663 1852 1792 1891 detri-

158 1928 324 1970 mento,
348 1923 562 1961 reducant
580 1936 658 1962 eos
675 1922 910 1970 interdurn,
931 1923 1061 1961 etiam
1084 1937 1181 1962 cum
1199 1923 1433 1974 lachrymis
1451 1928 1495 1962 et
1511 1924 1679 1975 magnis
1696 1937 1791 1975 sup-

157 1994 480 2046 plicationibus,
518 2001 823 2034 contestantes
852 1995 989 2045 (docti
1020 1996 1221 2034 nimirum
1256 1995 1468 2046 magistra
1503 1994 1791 2046 experientia)

156 2067 274 2106 nullo
297 2067 380 2105 alio
404 2067 447 2105 in
468 2067 567 2106 loco
589 2071 678 2106 tam
696 2066 885 2105 fideliter
907 2066 1222 2106 adolescentes
1244 2066 1429 2115 institui,
1453 2080 1583 2117 quam
1603 2067 1647 2106 in
1667 2068 1790 2106 scho-

157 2137 206 2176 lis
227 2139 404 2177 nostris.

211 2218 248 2258 7.
308 2209 377 2248 Ad
397 2209 530 2248 fidem
562 2210 822 2248 catholicam
853 2211 1059 2249 conuersi
1088 2214 1188 2248 sunt
1218 2210 1304 2248 hoc
1325 2215 1527 2261 tempore
1563 2210 1737 2249 circiter
1767 2220 1787 2259 7

159 2281 231 2318 uel
253 2286 355 2320 octo
377 2294 611 2332 personae,
634 2282 686 2320 D.
711 2282 852 2333 gratia
874 2286 1101 2334 operante,
1125 2294 1203 2333 per
1232 2280 1463 2320 doctorem
1487 2282 1731 2320 Henricum
1760 2283 1786 2329 ²,

155 2365 339 2402 quorum
361 2354 519 2404 singuli
541 2353 733 2392 confessi
754 2359 854 2392 sunt
874 2354 938 2404 (et
958 2353 1135 2405 quidem
1157 2365 1268 2392 unus
1291 2366 1444 2392 eorum
1466 2365 1547 2404 per
1576 2353 1787 2402 interpre-

153 2425 278 2474 tem),
303 2425 679 2464 communicarunt
701 2425 847 2473 etiam,
873 2430 917 2464 et
951 2438 1154 2477 magnam
1185 2425 1475 2464 constantiam
1508 2424 1783 2476 pollicentur.

154 2495 202 2533 In
225 2496 449 2546 exercitijs
471 2496 765 2548 spiritualibus
785 2497 1016 2535 habuimus
1037 2496 1148 2535 duos
1175 2496 1371 2547 insignes
1408 2496 1612 2544 hussitas,
1642 2502 1785 2535 utrun-

154 2580 239 2618 que
273 2568 562 2616 notissimum,
598 2570 784 2607 alterum
820 2570 1115 2608 excellentem
1137 2568 1157 2593 ‘¹
1185 2568 1564 2616 concionatorem,
1602 2569 1785 2606 alterum

152 2639 573 2680 nominatissimum
594 2648 612 2667 e
633 2640 889 2692 magistrum
922 2652 1202 2692 pragensem,
1235 2640 1535 2692 professorem
1556 2639 1569 2664 f
1594 2640 1784 2691 philoso-

199 2797 219 2817 a
269 2808 432 2834 suorum
449 2808 675 2844 pauperum
694 2809 799 2834 nouo
818 2796 941 2834 etiam
959 2796 1150 2843 collegio.
1204 2797 1270 2821 —b
1292 2807 1397 2834 eam.
1451 2802 1516 2822 —0
1535 2800 1665 2834 erant.

200 2858 220 2883 d
263 2857 355 2904 Seq.
377 2856 461 2894 del.
481 2856 612 2893 catho.
667 2864 731 2882 -θ
753 2856 1046 2903 percelebrem.
1100 2855 1158 2881 —f
1185 2855 1372 2894 Emend.
1392 2864 1441 2892 ex
1459 2856 1780 2903 prophessorem.

200 3017 209 3037 ¹
263 3014 450 3059 Carolus,
471 3012 727 3060 imperatoris
744 3012 864 3058 filius,
885 3014 953 3060 qui
972 3012 1211 3050 Bohemiam
1229 3013 1502 3060 gubernabat.

198 3076 211 3097 ²
261 3075 309 3112 P:
329 3073 534 3112 Henricus
552 3071 811 3110 Blissemius.
