1908 3446
497 194 886 233 ‘242——V1N130130NA
916 196 958 232 14
985 194 1090 231 FER.
1128 195 1216 232 1559
1571 195 1618 232 93

42 295 274 344 dicaretur3
304 295 404 334 ilico
436 297 721 334 secretarium
752 310 876 334 suum
899 295 951 333 ad
973 308 1054 332 nos
1076 296 1191 333 misit
1212 294 1345 333 sestis-³
1367 304 1385 320 a
1408 309 1584 345 rogans,
1620 304 1665 335 vt

41 382 119 406 suo
141 381 220 406 nos
241 366 415 406 nomine
437 380 591 405 munus
612 368 698 405 hoc
719 367 1054 417 susciperemus.
1080 367 1408 417 Acquieuimus‚
1432 380 1530 406 nam
1553 370 1665 406 refu-

40 444 133 476 tare
154 451 238 477 nec
266 437 453 476 decebat
487 451 570 476 nec
590 437 766 476 licebat.
799 438 854 475 Et
883 438 1080 488 quamuis
1114 436 1185 476 alii
1215 438 1396 476 adhibiti
1431 438 1591 477 fuerint
1624 445 1666 477 et

39 510 119 560 ipsi
140 508 432 560 inquisitores,
457 510 556 559 quia
577 515 724 547 tamen
745 521 817 547 res
835 513 928 547 erat
947 508 1100 547 odiosa
1116 508 1338 559 imprimis,
1364 514 1407 547 et
1424 510 1524 548 huic
1545 512 1666 561 genti

39 580 190 627 inuisa,
227 579 354 618 facile
389 580 516 617 nobis
550 585 691 618 totum
723 580 984 618 commisere
1015 580 1259 630 negotium,
1292 586 1577 631 curatumque
1602 588 1667 619 est

39 652 105 690 vel
127 652 210 690 hoc
229 652 403 699 saltem,
428 657 474 689 vt
496 651 579 689 iam
601 664 689 689 non
709 652 769 689 ita
789 651 927 689 libere
962 664 1046 689 nec
1065 652 1205 702 palam
1228 665 1327 690 suas
1349 653 1549 690 vesanias
1572 666 1667 703 pro-

39 722 144 760 dere
180 722 382 760 audeant.
421 722 637 760 Occlusae
676 727 774 760 sunt
808 721 1143 772 bibliopolarum
1174 721 1420 760 istiusmodi
1455 724 1667 773 imagines

39 792 323 831 vendentium
352 792 553 831 officinae
578 806 746 840 omneS‚
771 792 849 831 sed
873 797 916 831 et
945 805 1023 831 sex
1047 806 1101 830 ex
1123 793 1205 831 illis
1236 794 1487 831 carceribus
1509 795 1667 832 manci-

38 864 126 914 pati
148 869 260 902 sunt.
285 864 398 902 Hinc
426 877 557 914 porro
588 864 751 902 factum
783 868 865 911 est,
889 870 937 902 vt
966 864 1125 914 passim
1146 864 1188 902 in
1223 865 1304 903 hac
1334 866 1443 903 vrbe
1465 864 1666 915 adeoque

40 936 204 986 Pragae
240 935 528 973 affirmaretur
549 936 603 973 ab
640 935 839 974 omnibus
861 935 1079 985 quendam
1103 948 1157 974 ex
1193 936 1369 984 nostris,
1394 936 1495 974 dum
1527 937 1667 979 cuius-

38 1006 134 1045 dam
166 1006 382 1044 officinam
410 1007 713 1057 perlustraret,
746 1006 1003 1058 grauissime
1035 1020 1059 1045 a
1085 1006 1324 1058 bibliopola
1355 1020 1547 1053 caesum,
1580 1021 1666 1047 non

38 1077 167 1128 longe
200 1082 300 1128 post
334 1083 522 1116 mortem
555 1078 731 1116 obiisse.
756 1078 930 1116 Similes
965 1077 1019 1116 de
1054 1077 1216 1117 nostris
1237 1091 1437 1117 rumores
1467 1079 1538 1117 hic
1572 1080 1666 1117 fere

38 1154 135 1187 sunt
154 1149 372 1200 perpetui3
395 1149 546 1188 nescio
565 1150 679 1188 enim
697 1149 872 1200 quoties
893 1150 978 1188 iarn
1000 1151 1048 1188 R.
1069 1151 1116 1188 P.
1141 1150 1364 1188 Canisium
1383 1150 1666 1189 interfectum

37 1220 261 1268 audierim;
290 1222 338 1260 P.
370 1221 476 1259 item
506 1221 762 1269 Victoriam,
796 1223 842 1260 P.
873 1234 1049 1272 quoque
1081 1223 1323 1272 Lanoyum3
1357 1221 1435 1260 sed
1466 1235 1563 1260 cum
1594 1223 1668 1260 filii

36 1292 120 1330 sint
138 1292 271 1342 patris
292 1291 522 1339 mendacii,
546 1305 633 1330 non
655 1293 809 1331 mirum
831 1292 1070 1331 mendaciis
1091 1292 1263 1344 iniquos
1286 1293 1513 1332 delectari.

89 1367 152 1396 20.
212 1357 510 1409 Adiungerem
532 1358 604 1395 hic
633 1358 688 1396 de
719 1359 917 1406 aliorum,
950 1358 1138 1397 maxime
1168 1359 1409 1397 aulicorum
1442 1365 1485 1397 et
1514 1360 1669 1410 princi-

37 1442 136 1480 pum
161 1429 364 1477 virorum,
401 1430 444 1468 in
473 1443 554 1468 nos
584 1430 763 1477 affectu,
789 1430 995 1481 singulari
1017 1444 1121 1469 sane
1143 1431 1216 1469 illo
1241 1437 1285 1469 et
1305 1431 1566 1479 incredibili3
1591 1432 1668 1470 sed

37 1512 210 1548 vereor,
239 1502 284 1539 vt
304 1501 324 1526 b
344 1500 613 1552 propositam
645 1501 907 1540 breuitatem
945 1515 1134 1541 seruem.
1172 1504 1315 1541 Vnum
1346 1503 1432 1542 hoc
1465 1502 1666 1551 dixerim,

35 1571 278 1622 plaerisque
299 1573 360 1610 ita
379 1586 460 1611 nos
480 1578 718 1624 nostraque
741 1573 865 1612 cordi
887 1586 1001 1621 esse,
1026 1579 1073 1612 vt
1094 1588 1198 1613 suos
1216 1587 1349 1625 saepe
1366 1575 1421 1613 ad
1437 1588 1518 1614 nos
1534 1575 1668 1614 famu-

37 1644 101 1683 los
121 1644 307 1691 mittant,
331 1645 402 1682 vel
424 1645 537 1683 hanc
558 1646 695 1683 solam
717 1645 803 1683 hoc
824 1657 1014 1692 causam,
1038 1649 1191 1697 nempe
1212 1652 1260 1684 vt
1280 1660 1366 1697 quo
1389 1647 1431 1685 in
1454 1651 1570 1685 statu
1597 1660 1668 1685 res

36 1720 210 1753 nostrae
246 1716 344 1763 sint,
384 1722 672 1767 cognoscant3
710 1721 754 1754 et
790 1716 826 1755 si
854 1730 939 1767 qua
968 1717 1012 1755 in
1042 1730 1089 1755 re
1121 1730 1199 1756 sua
1221 1730 1357 1768 opera
1377 1718 1665 1769 indigeamuS.

37 1786 268 1825 Factitare
291 1786 337 1825 id
356 1787 572 1838 inprimis
594 1789 759 1827 assolet
784 1788 1041 1828 serenissfle
1070 1788 1264 1841 reginae
1294 1792 1509 1840 suprema
1540 1803 1568 1827 a
1595 1803 1668 1829 czt-

37 1856 210 1896 biculis.
234 1858 428 1909 Legatus
449 1872 625 1910 quoque
647 1860 764 1911 regis
787 1859 986 1911 Philippi,
1010 1860 1083 1911 qui
1103 1859 1146 1898 in
1169 1861 1267 1898 aula
1287 1861 1491 1899 Caesaris
1518 1862 1607 1912 agit
1639 1845 1671 1908 ¹,

34 1934 207 1978 praeter
228 1942 355 1980 quam
377 1930 495 1981 quod
516 1931 680 1982 largam
702 1932 925 1969 mensibus
948 1932 1129 1983 singulis
1151 1932 1299 1982 pueris
1320 1931 1402 1970 illis
1430 1933 1667 1984 collegiali-

0 2020 1 2028 κ
34 1999 113 2037 bus
136 2000 447 2040 eleemosinam
464 2002 629 2049 tribuit,
649 2002 691 2040 in
707 2003 795 2041 hoc
812 2003 943 2041 etiarn
965 2015 1086 2041 suam
1109 2002 1163 2041 de
1186 2003 1313 2041 nobis
1334 2004 1666 2054 persuasionem

36 2071 264 2111 manifesto
293 2072 398 2111 satis
418 2072 578 2112 indicio
601 2074 827 2124 aperuisse
850 2074 1041 2121 videtur,
1066 2074 1184 2125 quod
1206 2088 1303 2114 curn
1325 2087 1404 2113 rex
1427 2076 1665 2127 Philippus,

35 2145 81 2180 vt
103 2143 292 2181 creditur
313 2150 345 2191 0,
369 2144 423 2182 ad
441 2157 541 2183 eum
557 2144 819 2196 scripsisset,
840 2150 886 2183 vt
904 2144 960 2184 de
977 2146 1167 2196 quodam
1185 2147 1333 2198 magni
1348 2147 1536 2186 nominis
1552 2147 1664 2195 viro,

35 2213 106 2264 qui
125 2214 297 2254 aliunde
318 2217 403 2255 huc
423 2217 634 2268 profugus
656 2218 831 2256 venisse
861 2218 1101 2266 ferebatur,
1134 2218 1391 2269 diligentem
1426 2219 1667 2270 inquisitio-

35 2296 131 2323 nem
164 2285 347 2334 faceret,
384 2287 579 2338 quisnam
617 2294 660 2326 et
694 2288 831 2338 qualis
868 2294 1001 2336 esset,
1041 2289 1163 2327 cuius
1194 2289 1312 2327 vitae
1345 2295 1389 2328 et
1420 2290 1665 2335 doctrinae;

36 2355 174 2394 missis
207 2357 378 2409 legatus
399 2359 485 2397 huc
503 2358 675 2397 famulis
696 2359 751 2397 ad
772 2361 820 2398 R.
846 2361 892 2398 P.
917 2359 1173 2408 Victoriam,
1198 2365 1339 2399 totum
1360 2361 1448 2400 hoc
1469 2362 1510 2399 ei
1530 2375 1666 2413 nego-

35 2425 139 2465 tium
168 2428 306 2466 voluit
342 2429 711 2467 commendatum:
743 2442 827 2468 nec
855 2429 974 2481 prius
1004 2430 1059 2469 ad
1080 2443 1128 2469 se
1148 2431 1336 2469 famulos
1358 2431 1503 2470 redire
1524 2432 1663 2479 iussit,

37 2496 203 2537 etiamsi
222 2512 396 2538 menses
417 2500 582 2551 aliquot
605 2501 927 2552 expectandum
948 2502 1080 2549 foret,
1104 2514 1233 2553 quam
1256 2508 1425 2541 certum
1448 2516 1472 2541 a
1500 2503 1594 2542 R.‘10
1616 2505 1662 2541 P.

35 2567 199 2608 ferrent
218 2583 492 2622 responsum.
882 2557 885 2559 ι

81 2730 100 2748 a
120 2724 341 2772 episcopus
396 2727 460 2751 —b
481 2738 546 2763 ne.
603 2735 664 2752 —-0
695 2726 807 2763 Zvv.
826 2727 1030 2774 praeced.
1051 2733 1192 2775 supra
1210 2739 1337 2774 vers..
1358 2729 1465 2772 alia,
1482 2731 1534 2765 ut
1548 2728 1666 2766 vide-

36 2784 120 2828 tur,
141 2794 297 2821 manu.

77 2926 92 2956 -¹
145 2925 341 2965 Claudius
357 2929 408 2965 de
427 2928 652 2974 Quiflones‚
671 2942 806 2968 comes
825 2931 874 2969 de
892 2930 1025 2970 Luna.
1048 2930 1113 2970 Cf.
1137 2931 1326 2975 Docum.
1350 2931 1467 2969 ined.
1485 2935 1601 2977 para
1621 2931 1663 2968 la

37 2983 236 3023 Historia
255 2987 310 3025 de
327 2987 522 3033 Espmza,
540 2990 622 3026 vol.
642 2988 702 3034 98,
722 3003 760 3036 p.
779 2989 827 3027 43
844 3003 932 3038 sqq.
