1908 3446
235 214 305 251 722
703 215 920 252 L1TTERAE
947 216 1300 260 QUADmMESTREs

189 317 462 367 progrediarg
494 318 620 355 nobis
652 322 773 355 certe
805 331 971 355 summa
1002 324 1068 356 est
1103 317 1346 365 admiratio,
1381 332 1477 356 cuin
1507 318 1817 369 perpendimus

189 393 351 437 quanto
377 401 525 427 amore
551 395 593 426 et
616 388 713 425 laici
736 394 780 426 et
803 387 1091 427 ecclesiastici
1111 402 1192 426 nos
1214 394 1550 439 prosequantur.

244 470 280 497 2.
341 460 494 499 Studia
515 460 724 498 litteraria
745 460 787 497 in
809 460 903 497 dies
926 461 1062 511 magis
1085 473 1135 499 ac
1165 461 1303 511 magis
1327 465 1544 507 crescunt,
1569 466 1661 498 tum
1694 461 1819 498 scho-

190 530 443 569 lasticorum
478 544 677 577 numero,
716 538 805 569 tum
842 533 882 569 in
918 531 1074 569 litteris
1108 544 1362 583 progressu.
1404 532 1623 581 Quattuor
1663 521 1820 569 adsunt

191 602 400 652 magistri,
430 616 614 652 quorum
646 616 755 639 unus
777 602 1052 640 dialecticam
1081 603 1327 653 profitetur,
1352 602 1422 640 alii
1452 609 1543 639 tres
1574 602 1821 652 grammati-

192 686 285 711 cam
307 674 665 723 interpretantur:
691 686 842 711 omnes
865 678 1011 712 tamen
1042 687 1145 712 suos
1167 674 1403 724 discipulos
1433 672 1475 711 in
1497 673 1732 723 disciplinis
1755 685 1821 711 ca-

192 746 434 793 pessendis,
474 751 517 782 et
552 746 594 783 in
630 745 863 783 uirtutibus
899 746 1092 784 amandis
1133 752 1177 784 et
1217 745 1491 796 acquirendis
1532 745 1735 783 erudiunt
1776 750 1821 782 et

192 821 419 859 exercent.
444 817 672 854 Habentur
697 817 1052 863 exercitationes,
1075 818 1225 867 quales
1247 817 1288 854 in
1323 829 1494 867 quaque
1516 822 1609 854 arte
1633 815 1823 866 discipu-

191 887 242 924 lis
263 887 571 937 proponendas
594 888 771 925 scholae
795 889 1135 938 uniuscuiusque
1172 889 1242 925 lex
1272 888 1424 938 exigit.
1450 887 1583 925 Hisce
1614 887 1822 937 proximis

192 957 346 995 diebus
379 959 610 996 comoedia
640 971 663 996 a
685 958 872 1008 quodam
908 960 1160 997 institutore
1184 972 1238 997 ex
1273 961 1435 998 nostris
1472 959 1729 1008 composita,
1763 959 1822 995 in-

191 1034 418 1079 spectante
441 1031 602 1080 populo
620 1030 699 1068 fuit
717 1036 910 1080 peracta,
932 1035 974 1068 et
993 1031 1184 1068 omnium
1206 1031 1359 1081 plausu
1377 1037 1420 1068 et
1443 1042 1662 1068 consensu
1678 1028 1822 1067 lauda-

192 1106 249 1137 ta.
284 1101 393 1138 Nam
416 1108 590 1151 praeter
613 1114 739 1151 quain
770 1102 887 1152 quod
910 1102 1109 1139 omnibus
1136 1102 1328 1140 numeris
1349 1103 1565 1149 absoluta,
1598 1100 1823 1139 auditores

190 1172 233 1208 in
249 1171 581 1210 admirationem
599 1173 740 1223 rapuit
762 1174 1088 1214 uehementem,
1109 1186 1303 1211 amorem
1327 1173 1566 1211 concitauit
1585 1185 1735 1210 eorum
1752 1185 1823 1223 pa-

194 1249 321 1290 trum,
346 1244 415 1293 qui
449 1257 550 1282 suos
573 1244 685 1282 filios
705 1245 724 1262 a
745 1246 906 1283 nostris
928 1245 1292 1296 praeceptoribus
1323 1244 1617 1283 instituendos
1636 1244 1824 1282 tradide—

192 1321 301 1352 rant.
326 1315 568 1354 Comoedia
600 1316 854 1354 continebat
887 1322 930 1354 et
959 1318 1162 1354 narrabat
1193 1322 1501 1355 sacrosanctae
1533 1316 1824 1355 eucharistiae

192 1384 358 1432 laudes,
384 1390 427 1423 et
448 1386 631 1436 plurima
649 1386 809 1425 Christi
831 1387 1053 1435 miracula3
1072 1392 1284 1438 tantoque
1303 1388 1440 1438 magis
1460 1387 1637 1437 placuit,
1661 1392 1821 1438 quanto

193 1457 330 1507 magis
360 1457 413 1494 ab
437 1459 550 1494 omni
585 1458 689 1494 nitio
713 1459 868 1505 aliena,
901 1458 1125 1509 frugifera,
1160 1459 1353 1496 moribus
1382 1458 1539 1508 pudica
1562 1463 1605 1495 et
1636 1459 1824 1496 honesta

193 1532 300 1565 erat.
325 1528 391 1565 Ab
414 1529 688 1566 scholasticis
713 1535 756 1568 et
778 1530 996 1580 magistris
1019 1532 1154 1568 multa
1177 1531 1490 1581 epigrammata
1509 1530 1686 1568 fuerunt
1708 1542 1823 1567 com-

192 1600 335 1649 posita
369 1600 411 1637 in
446 1601 620 1638 laudem
657 1601 790 1639 diuini
827 1602 1103 1648 sacramenti,
1141 1615 1252 1652 quae
1288 1603 1518 1653 plurimum
1548 1602 1822 1652 placuerunt3

193 1671 345 1719 partim
376 1672 475 1722 quia
507 1672 700 1723 eleganti
730 1678 870 1711 metro
904 1679 947 1711 et
979 1673 1154 1712 diuerso
1192 1675 1469 1717 constabant;
1501 1674 1677 1711 fuerunt
1709 1673 1821 1711 enirn

192 1742 430 1792 parietibus
452 1743 526 1780 fixi
558 1756 712 1781 uersus¹
735 1745 996 1792 hexametri,
1026 1745 1328 1795 pentrametri‚
1362 1744 1526 1795 saphici
1548 1750 1592 1782 et
1613 1744 1824 1794 phaleuti-

193 1814 247 1860 ci3
269 1814 424 1864 partim
447 1815 546 1864 quia
569 1815 845 1853 christianam
867 1817 1078 1866 pietatem
1101 1816 1376 1854 redolebant.
1402 1817 1499 1853 Huc
1520 1815 1691 1853 accedit
1714 1828 1824 1852 sum-

193 1898 261 1922 ma
280 1885 415 1924 fuisse
436 1886 645 1924 affectum
679 1887 853 1925 laeticia
873 1888 1268 1937 prothonotarimn,
1292 1892 1522 1937 patronum
1545 1887 1671 1924 huius
1695 1886 1825 1924 colle-

193 1957 250 2006 gij
277 1962 301 2003 ¹,
335 1958 407 2007 qui
442 1956 756 1996 incredibiliter
788 1959 1034 1996 delectatur
1070 1971 1168 1996 cum
1204 1959 1455 1996 scholastici
1489 1963 1753 1996 exercentur
1783 1957 1824 1995 in

194 2028 585 2066 declamationibus
615 2029 843 2077 habendis,
869 2036 942 2067 aut
972 2031 1014 2067 in
1034 2030 1326 2081 positionibus
1348 2029 1653 2076 defendendis,
1678 2029 1749 2067 uel
1784 2030 1825 2066 in

195 2100 426 2138 comoedia
456 2101 597 2151 aliqua
619 2102 886 2152 peragenda.
913 2102 998 2151 Qui
1019 2106 1228 2151 patronus
1249 2106 1424 2152 praeter
1442 2114 1569 2150 quam
1591 2101 1709 2151 quod
1725 2100 1825 2138 huic

195 2172 384 2223 collegio
416 2173 596 2223 largitus
628 2178 695 2210 est
727 2173 916 2223 optimos
938 2171 1151 2220 redditus,
1175 2173 1331 2222 quibus
1352 2173 1467 2210 forte
1489 2185 1577 2210 non
1598 2175 1698 2222 post
1720 2171 1824 2209 mul-

195 2252 263 2281 tos
284 2257 421 2282 annos
444 2245 619 2295 triginta
641 2246 793 2283 Patres
814 2249 1023 2294 poterunt
1049 2245 1120 2282 hic
1141 2245 1309 2291 uiuere,
1335 2256 1612 2294 summopere
1638 2247 1758 2294 optat
1781 2247 1826 2280 et

193 2315 342 2353 nititur
365 2316 592 2354 uberiores
614 2316 879 2367 relinquere:
908 2315 1151 2354 incredibili
1176 2315 1288 2353 enim
1319 2328 1468 2353 amore
1498 2329 1585 2354 non
1616 2316 1732 2353 hunc
1752 2319 1825 2352 aut

193 2386 311 2423 illum
335 2387 507 2424 Patrem
539 2387 790 2433 Societatis‚
816 2386 895 2424 sed
926 2386 1174 2424 uniuersam
1197 2386 1469 2424 Societatem
1500 2386 1821 2436 complectitur.

196 2459 294 2509 Quo
317 2459 379 2504 fit,
406 2464 450 2496 ut
466 2459 524 2497 nil
542 2458 599 2496 illi
618 2459 798 2504 dulcius5
821 2459 877 2495 nil
894 2458 1059 2508 gratius
1083 2462 1125 2496 et
1149 2457 1382 2507 optabilius
1400 2470 1603 2507 unquam,
1623 2470 1751 2507 quam
1770 2469 1823 2494 ex

195 2531 521 2569 characteribus
543 2531 699 2577 missis,
724 2536 797 2568 aut
829 2543 883 2568 ex
915 2529 1156 2577 tabellarijs
1186 2529 1272 2566 huc
1306 2529 1636 2575 accedentibus,
1669 2529 1824 2566 intelli-

193 2613 301 2653 gere
332 2613 402 2639 res
432 2601 667 2640 Societatis
696 2601 856 2652 ubique
888 2600 1106 2639 foeliciter
1138 2613 1184 2638 se
1215 2600 1395 2647 habere,
1430 2604 1473 2638 et
1503 2600 1546 2637 in
1567 2599 1661 2637 dies
1683 2599 1824 2637 ubiuis

195 2674 392 2723 gentium
431 2673 596 2723 augeri.
634 2673 759 2710 Faxit
796 2674 929 2720 Deus,
967 2677 1014 2710 ut
1054 2673 1146 2710 eius
1187 2671 1406 2710 desideria
1444 2671 1555 2709 iusta
1592 2669 1642 2708 et'
1675 2676 1824 2709 sancta

194 2751 377 2782 aeterno
399 2744 593 2794 praemio
618 2743 852 2783 donentur.

242 2895 262 2914 a
311 2893 390 2932 filis
408 2905 489 2932 ms.

245 3029 253 3047 ¹
307 3027 537 3066 Ludovicus
556 3027 605 3064 de
626 3027 872 3075 Calatayud.
