1908 3446
537 214 922 253 407.—-V1N00130NA
949 216 991 252 31
1022 215 1211 252 Ancum
1242 215 1332 252 1560
1633 216 1702 251 7513

204 314 435 366 legiorum
457 314 849 366 ingolstadiensis,
865 315 1113 367 pragensis
1129 318 1168 355 et
1189 315 1442 376 viennensis
1460 315 1748 354 conveniunt:

204 380 321 419 inter
340 394 384 419 se
406 379 759 418 consulunt—7.
796 381 1010 420 Votorum
1027 380 1263 420 renovatio
1285 383 1325 420 et
1346 380 1641 431 nuncupatio.
1665 382 1746 419 Or-

203 446 327 483 dines
365 444 504 484 sacri.
548 444 779 485 Lectiones
819 448 868 485 de
903 446 1021 484 libro
1058 445 1414 493 Exercitiornm,
1458 447 1508 484 de
1548 445 1750 496 epistolis

202 510 248 549 S.
265 511 415 557 Pauli,
440 512 490 550 de
507 510 779 549 catechismo
800 512 847 549 P.
871 510 1162 551 Omisit-8.
1184 511 1579 551 Scliolasticornm
1596 524 1748 550 nnme-

201 589 282 614 rus
312 576 486 616 crescit.
521 576 756 615 Exercitia
783 577 967 626 pietatis
1001 579 1040 616 et
1070 576 1452 617 litterarium—9.
1488 576 1747 616 Cassovien-

198 641 319 680 sinrn
336 641 673 680 haereticorum
696 641 970 681 timor—10.
995 642 1208 682 Caesaris
1228 641 1481 692 sumptibus
1493 644 1608 692 pars
1623 643 1748 681 scho-

199 708 269 746 lae
291 707 667 746 absolvetnrff-ll.
693 708 776 746 Res
798 709 1081 749 domesticae.
1108 709 1175 748 Ex
1196 707 1419 747 Societate
1441 709 1748 747 munerantur

204 782 251 817 50
272 775 312 811 et
333 772 516 811 totidem
539 772 814 812 convictores
836 774 1026 813 externi:
1049 773 1139 813 loci
1162 773 1395 826 angustiis
1420 774 1578 824 plnres
1608 773 1750 824 recipi

197 839 434 887 nequeant.
475 837 670 888 Campus
705 838 984 877 recreationi
1023 841 1156 889 aptus
1195 840 1397 878 donatur
1432 852 1458 876 a
1494 837 1747 877 civitate.—

197 901 252 942 12.
285 902 453 941 Nuntii
482 902 724 953 apostolici
752 903 1043 954 aliorumque
1073 906 1381 955 episcoporum
1410 916 1527 955 erga
1548 902 1746 943 Societa-

196 971 280 1007 tem
303 968 621 1007 benevolentia.
648 969 792 1007 Plura
817 968 934 1018 festa
955 983 1093 1008 sacra
1117 971 1238 1021 apud
1258 983 1341 1009 nos
1364 970 1560 1009 celebrat
1581 968 1746 1020 episco-

189 1036 276 1084 pas
295 1033 583 1073 varmiensis.

173 1171 185 1197 1
247 1162 275 1209 †
305 1160 446 1209 Jesus.
472 1159 626 1198 Gratia
647 1165 691 1198 et
712 1172 796 1210 pax
819 1161 916 1198 Dni.
944 1165 1028 1199 etc.
1053 1162 1158 1199 Vnis
1180 1161 1333 1208 literis,
1367 1166 1413 1199 ut
1446 1172 1637 1199 canones
1667 1159 1744 1198 So-

114 1233 285 1271 cietatis
315 1238 494 1270 nostrae
522 1232 816 1282 probatissimi
846 1233 973 1270 nobis
1003 1233 1322 1283 praescribunt,
1359 1232 1744 1282 laudatissimaque

113 1303 389 1344 consuetudo
411 1309 562 1342 nostra
585 1304 786 1351 obtinuit,
812 1304 859 1342 R.
885 1304 925 1341 in
944 1304 1118 1343 Christo
1143 1306 1208 1352 R,
1234 1317 1286 1343 ea
1306 1305 1612 1356 perstringam,
1631 1315 1742 1355 quae

111 1376 257 1415 diuina
272 1376 445 1414 bonitas
461 1375 582 1414 hisce
600 1382 788 1426 quatuor
804 1377 1004 1427 proxime
1023 1376 1180 1427 elapsis
1202 1377 1425 1415 mensibus
1440 1388 1519 1427 per
1540 1374 1743 1426 indignos

112 1448 337 1500 operarios
359 1461 461 1486 suos
478 1448 521 1485 in
537 1447 623 1485 1100
645 1446 875 1486 viennensi
907 1449 1096 1499 collegio
1129 1449 1367 1487 Societatis
1393 1450 1497 1499 Jesu
1526 1447 1742 1498 perficere

111 1520 263 1558 uoluit.
283 1520 347 1558 Ac
363 1524 408 1557 ut
426 1520 479 1557 ab
495 1519 588 1570 ipso
609 1525 980 1558 sacramentorum
998 1534 1079 1558 usu
1095 1521 1351 1571 principium
1368 1519 1544 1558 dicendi
1560 1532 1739 1566 sumam,

110 1592 411 1631 confitentium
433 1591 635 1642 profecto
660 1597 705 1629 et
734 1592 1149 1630 communicantium
1170 1593 1212 1630 in
1236 1593 1401 1643 templo
1433 1597 1585 1630 nostro
1621 1596 1743 1629 tanta

110 1669 192 1710 est,
217 1662 539 1702 solennioribus
561 1662 747 1700 maxime
770 1662 909 1710 festis,
933 1662 1197 1714 frequentia,
1230 1668 1392 1713 quanta
1422 1676 1446 1701 a
1476 1663 1622 1700 multis
1657 1662 1741 1700 iam

109 1741 228 1774 retro
251 1735 373 1773 annis
390 1735 431 1772 in
449 1735 686 1773 Germania
702 1748 788 1772 non
811 1735 865 1772 sit
887 1734 980 1773 uisa
1010 1735 1162 1773 maior:
1188 1735 1284 1773 Deo
1307 1736 1414 1774 laus.
1441 1722 1739 1785 Quamobrem

108 1806 383 1858 compellitur
405 1807 567 1844 Rector
589 1811 740 1844 noster
764 1809 771 1828 ¹
796 1805 993 1857 cogitare
1015 1819 1099 1857 qua
1120 1807 1292 1845 ratione
1322 1805 1365 1844 id
1402 1806 1565 1857 optime
1600 1807 1740 1857 possit

109 1878 303 1924 efficere,
327 1890 381 1915 ne
403 1890 591 1927 unquam
613 1877 757 1915 desint
784 1876 1039 1916 sacerdotes
1068 1878 1247 1928 aliquot,
1281 1878 1352 1928 qui
1383 1876 1496 1928 apud
1526 1889 1607 1915 nos
1638 1889 1739 1915 con-

107 1949 371 1988 fessionibus
401 1947 629 1986 audiendis
660 1961 983 1999 germanorum,
1007 1961 1059 1988 ac
1080 1949 1262 1987 aliorum
1286 1950 1433 1996 etiam,
1459 1948 1543 1986 sint
1564 1960 1738 1999 semper

106 2021 258 2073 parati.
300 2020 354 2058 Et
393 2020 590 2070 impense
631 2032 733 2058 sane
773 2019 1060 2059 admonemur
1107 2033 1273 2067 omnes,
1320 2019 1452 2069 idque
1497 2031 1645 2069 saepe,
1692 2024 1738 2056 ut

107 2093 297 2130 omnium
332 2092 500 2130 animos
535 2091 589 2129 ad
623 2091 710 2129 1100
744 2091 1017 2130 utilissimum
1047 2090 1224 2142 pietatis
1254 2103 1394 2142 genus
1425 2089 1735 2137 excolendum,

107 2165 325 2215 exemplo,
352 2163 636 2209 orationibus,
662 2164 971 2214 colloquioque
993 2169 1145 2202 nostro
1170 2163 1308 2214 magis
1338 2175 1389 2201 ac
1419 2162 1558 2213 magis
1588 2161 1737 2212 impel-

106 2236 195 2274 lere
229 2235 563 2281 contendamus3
595 2234 713 2285 quod
743 2235 825 2272 hac
854 2234 1024 2273 ratione
1055 2235 1243 2273 maxime
1277 2234 1553 2285 experiamur
1585 2245 1737 2271 omnes

104 2307 229 2345 breui
248 2306 459 2357 temporis
482 2306 629 2357 spacio
661 2305 755 2343 fieri
784 2318 932 2357 posse,
965 2311 1011 2344 ut
1040 2318 1118 2356 per
1148 2318 1314 2357 paucos
1346 2310 1389 2344 et
1420 2317 1553 2343 ueros
1575 2305 1737 2344 Christi

104 2391 258 2416 seruos
289 2378 470 2415 multum
506 2377 660 2415 selecti
695 2376 901 2415 frumenti
930 2377 972 2415 in
992 2377 1153 2415 horrea
1174 2377 1477 2415 introducatur
1500 2375 1732 2414 dominica.

157 2460 194 2488 2.
254 2450 352 2487 Fuit
373 2462 483 2487 unus
504 2449 626 2487 hisce
644 2448 799 2486 diebus
820 2449 907 2499 qui,
940 2454 987 2486 ut
1015 2449 1258 2496 ferebatur,
1291 2449 1477 2487 animam
1510 2460 1630 2485 suam
1660 2448 1736 2484 hu-

104 2532 257 2558 manae
278 2520 426 2558 salutis
448 2520 566 2571 hosti
582 2520 843 2566 deuouerat,
863 2532 887 2557 a
903 2533 988 2570 quo
1012 2521 1171 2558 misere
1194 2533 1297 2558 sane
1320 2520 1476 2559 merito
1500 2518 1734 2569 torqueba-

102 2597 185 2630 tur.
223 2592 263 2629 Is
296 2591 571 2642 poenitentia
605 2590 781 2628 tandem
813 2589 971 2629 ductus
1001 2603 1053 2628 ac
1082 2591 1311 2629 daemonis
1339 2590 1579 2629 uexatione
1602 2589 1733 2628 uehe-

103 2664 238 2701 menti
258 2663 483 2714 impulsus,
507 2663 671 2701 crimen
693 2675 818 2700 suum
841 2661 1011 2700 cuidam
1032 2662 1242 2713 religioso
1265 2663 1360 2701 uiro
1389 2663 1431 2700 in
1453 2662 1733 2700 confessione

102 2735 287 2786 aperuit,
324 2734 402 2772 sed
433 2747 528 2773 cum
550 2746 695 2785 neque
719 2746 771 2772 ea
791 2734 959 2772 ratione
981 2734 1256 2782 liberaretur,
1280 2735 1398 2786 prior
1421 2734 1515 2773 eius
1535 2734 1636 2780 loci,
1661 2732 1733 2770 ubi

101 2807 218 2857 prius
238 2806 382 2844 fuerat
403 2806 646 2853 confessus,
672 2805 873 2844 Patribus
902 2806 1064 2844 nostris
1093 2807 1296 2844 miseram
1331 2812 1375 2844 et
1405 2806 1610 2844 afflictam
1646 2804 1732 2842 ani-

103 2890 215 2916 mam
248 2877 364 2915 illam
395 2876 733 2915 commendauit.
760 2877 918 2914 Diuino
941 2889 1045 2914 sane
1067 2877 1228 2915 auxilio
1250 2877 1415 2915 factum
1439 2880 1520 2922 est,
1545 2881 1592 2914 ut
1613 2887 1637 2913 a
1657 2888 1731 2912 no-

152 3022 160 3040 ¹
214 3019 257 3057 P.
273 3019 453 3069 Joannes
471 3019 520 3056 de
544 3018 739 3055 Victoria.
