1908 3446
245 246 313 284 222
706 245 922 282 LITTERAE
956 243 1308 288 QUADRlMESTRES

277 350 328 388 D.
353 350 403 387 V.
430 350 475 386 P.
500 348 587 397 hijo
613 360 665 385 en
689 348 818 386 Chro.
843 352 1023 385 nuestro
1047 346 1147 391 ΞΝ,

1377 414 1549 451 Ynmssz
1581 416 1605 449 ¹.

279 507 442 560 sigilli
461 507 719 559 vestigium.

950 734 1061 785 270

524 873 921 920 MICHAEL
971 874 1079 919 DE
1128 872 1367 918 ANDA
1416 871 1499 928 (Ρ)

629 1010 863 1036 METHYMNA
891 1009 1015 1035 CAMPI
1046 998 1088 1034 10
1113 1008 1216 1044 JUNII
1249 996 1338 1034 1559
1364 996 1389 1032 ².

199 1114 236 1155 fi.
261 1113 504 1154 Sociorum
524 1114 747 1152 valetudo.
773 1112 894 1151 Novi
920 1111 1109 1151 rectoris
1138 1110 1383 1163 diligentia
1416 1110 1662 1150 domestica
1694 1110 1823 1150 disci-

277 1180 408 1230 plina
438 1177 838 1231 reflorescens—2.
869 1176 1063 1229 Aegroti
1082 1179 1121 1216 et
1142 1175 1284 1215 vincti
1304 1175 1351 1214 in
1374 1188 1557 1215 carcere
1577 1175 1823 1215 visitati.—

278 1246 317 1284 3.
342 1244 547 1284 Rectoris
577 1244 818 1284 contiones.
857 1242 1083 1282 Doctrina
1114 1241 1374 1281 christiana
1400 1240 1616 1292 pluribus
1646 1241 1694 1280 in
1722 1243 1823 1281 tenz-

274 1311 365 1363 plis
380 1310 538 1362 pueris·
558 1309 846 1348 tradita—4.
872 1307 1266 1348 Scholasttcormn
1287 1307 1647 1348 exercitationes.
1668 1306 1824 1346 Dialo-

276 1377 331 1430 gi
346 1375 548 1416 exhibiti,
568 1374 974 1426 Sollemnefestum
991 1373 1199 1425 corporis
1219 1372 1394 1413 Christi
1416 1372 1679 1413 actmnffs.
1707 1374 1825 1413 Tem-

274 1442 344 1493 pli
363 1443 669 1481 exstructuro.
694 1440 976 1479 Fundatoris
999 1440 1217 1491 beneficus
1238 1439 1436 1478 animus.

259 1579 292 1607 Ι.
351 1571 379 1618 †
403 1568 492 1619 Jhs.
518 1567 617 1617 Muy
641 1566 748 1605 Rdo.
776 1568 844 1605 Re
869 1579 921 1604 en
944 1567 1076 1605 Chro.
1102 1567 1191 1604 Pax
1215 1564 1349 1613 Chri.,
1376 1570 1461 1604 ete.
1486 1566 1547 1604 Lo
1566 1578 1649 1617 que
1672 1579 1726 1616 ay
1742 1579 1824 1617 que

202 1638 380 1679 eseribir
402 1652 426 1677 a
442 1640 493 1677 V.
519 1640 565 1676 P.
586 1638 722 1676 desde
744 1638 784 1675 la
804 1643 1005 1688 postrera
1026 1636 1343 1688 quadrimestre
1367 1650 1429 1675 es:
1453 1638 1494 1675 lo
1516 1637 1722 1688 primero‚
1741 1651 1824 1689 que

202 1725 281 1762 por
303 1712 343 1750 la
364 1708 662 1749 misericordia
683 1709 737 1746 de
760 1709 813 1747 N.
846 1710 890 1747 S.
925 1714 1117 1747 estamos
1149 1721 1203 1746 en
1234 1712 1330 1746 este
1362 1707 1551 1760 collegio
1581 1708 1713 1747 todos
1744 1722 1824 1748 eon

203 1776 340 1824 salud,
366 1781 554 1826 θΧςθρῒο
577 1788 662 1813 vno
686 1774 740 1812 de
762 1775 882 1825 larga
904 1772 1188 1812 enfermedad
1208 1773 1238 1821 3;
1262 1788 1288 1824 y
1310 1787 1334 1812 a
1356 1775 1420 1812 los
1441 1783 1490 1823 25
1508 1773 1563 1812 de
1586 1775 1763 1813 Henero
1787 1775 1825 1813 el

204 1850 275 1887 Re
297 1847 528 1885 Francisco
551 1845 563 1864 ⁴
587 1846 714 1884 enbio
737 1846 775 1883 al
799 1845 877 1883 M.O
894 1847 1002 1897 Juan
1024 1846 1159 1884 Paulo
1181 1843 1194 1862 5
1215 1858 1319 1896 para
1339 1858 1424 1896 que
1451 1846 1576 1884 fuese
1603 1850 1750 1885 rector
1771 1845 1824 1884 de

204 1924 297 1958 este
321 1918 508 1969 collegio
530 1917 557 1965 ⁶,
583 1930 665 1956 con
689 1930 798 1966 euya
819 1916 978 1954 venida
1008 1916 1137 1955 todos
1168 1930 1248 1955 nos
1279 1917 1573 1965 consolamos‚
1606 1931 1633 1967 y
1665 1930 1747 1956 eon
1777 1930 1825 1955 su

203 1990 414 2028 industria
434 2003 459 2039 y
487 1988 712 2039 diligentia
739 2000 786 2025 se
817 1987 936 2025 tiene
967 1988 1123 2025 mucha
1152 1992 1315 2038 qtienta
1345 2000 1429 2039 que
1461 2001 1508 2026 se
1541 1988 1736 2039 guarden
1766 1988 1825 2026 las

254 2161 262 2179 ¹
316 2158 380 2195 De
410 2156 604 2204 epistolae
632 2158 795 2191 auctore
823 2152 871 2190 cf.
900 2153 1153 2200 Quadrima,
1182 2151 1237 2198 V,
1265 2153 1324 2199 37;
1355 2158 1393 2190 et
1421 2153 1530 2198 ibid..
1562 2160 1696 2191 annot.
1729 2155 1759 2200 1;
1789 2158 1826 2192 et

204 2218 341 2265 Epist.
362 2217 413 2255 P.
437 2215 601 2260 Nadal,
622 2213 671 2256 II,
691 2214 773 2251 541.

251 2278 263 2297 ²
314 2276 374 2313 Ex
393 2275 646 2321 autographo
664 2273 703 2310 in
723 2273 860 2310 codice
879 2272 1006 2319 Hisp.
1030 2272 1098 2315 96,
1121 2272 1137 2309 1
1158 2271 1241 2315 fol..
1262 2286 1302 2309 n.
1322 2272 1404 2319 356;
1435 2273 1545 2320 prius
1570 2273 1652 2310 464.
1685 2273 1827 2311 Exstat

204 2339 243 2375 in
273 2337 299 2373 f.
331 2336 412 2381 365,
446 2334 555 2382 prius
585 2334 667 2377 465,
700 2333 909 2379 exemplar
940 2332 1109 2369 latinum
1136 2344 1159 2368 a
1184 2331 1352 2378 JOANNE
1379 2331 1684 2378 BON1FAc10,25
1710 2335 1827 2383 hujus

203 2396 487 2443 subscriptum,
516 2394 620 2442 quod
647 2406 738 2431 cum
764 2393 932 2440 hispano
962 2392 1166 2436 cohaeret,
1199 2391 1337 2439 paucis
1368 2393 1546 2437 mutatis,
1575 2400 1618 2430 ut
1645 2406 1715 2431 suo
1741 2394 1827 2431 loco

203 2456 442 2494 notabimus.

249 2517 261 2536 ³
311 2516 356 2553 In
375 2514 500 2552 latino
519 2512 742 2560 exemplari
761 2511 918 2549 dieitur:
942 2512 1038 2548 «nisi
1056 2511 1160 2558 quod
1183 2524 1281 2548 vnus
1315 2517 1383 2548 aut
1413 2513 1520 2549 alter
1551 2512 1661 2549 lento
1692 2512 1827 2550 morbo

203 2575 474 2627 prepeditur».

250 2636 263 2655 ⁴
314 2634 425 2672 Stus.
446 2633 688 2671 Franciscus
708 2631 872 2677 Bor-gia.

251 2695 264 2714 ⁵
316 2693 380 2732 Cf.
401 2694 651 2740 Quadrima,
672 2692 725 2736 V,
746 2691 828 2735 463,
849 2696 984 2728 annot.
1004 2691 1040 2745 2.

250 2755 264 2774 ⁶
314 2753 430 2799 Quae
448 2758 672 2801 sequuntur
690 2764 817 2798 usque
837 2751 886 2788 ad
905 2751 1024 2789 finem
1043 2753 1305 2800 paragraphi,
1325 2753 1381 2791 sic
1408 2754 1610 2791 habentur
1635 2754 1676 2789 in
1704 2752 1827 2790 latino

204 2813 442 2860 exemplari:
464 2812 598 2849 «cuius
623 2812 801 2848 aduentu
827 2823 898 2848 nos
925 2824 1063 2848 omnes
1090 2824 1227 2849 sumus
1254 2814 1444 2860 equidem
1470 2826 1548 2850 non
1576 2812 1828 2850 mediocriter

203 2873 370 2921 gauissi,
391 2871 587 2919 siquidem
607 2876 646 2908 et
665 2871 835 2907 antehac
853 2871 930 2907 uiri
948 2871 1073 2908 virtus
1090 2878 1303 2919 perspecta
1322 2872 1435 2910 nobis
1454 2872 1602 2918 fuerat,
1623 2877 1663 2909 et
1681 2872 1827 2909 demun

204 2934 322 2971 huius
339 2931 504 2970 solertia
522 2936 678 2968 tantum
697 2930 856 2978 profuit,
878 2935 921 2968 ut
939 2930 1052 2968 nobis
1071 2932 1308 2977 regularum
1339 2932 1697 2979 institutorumque
1726 2931 1827 2968 ratio

203 3005 281 3030 non
312 2991 466 3030 modica
496 2990 707 3034 habeatur,
728 2990 841 3027 cuius
860 2990 1014 3028 ferendi
1033 2990 1167 3027 oneris
1187 2996 1226 3028 et
1244 2992 1428 3029 suauiter
1446 2995 1486 3028 et
1506 2991 1668 3028 omnino
1688 2995 1827 3028 exacte

205 3052 414 3101 preclarus
433 3056 493 3088 est
513 3051 686 3087 doctor».
