1908 3446
590 232 903 272 44;.—Sassan1
932 232 975 272 16
1001 231 1249 272 NovEMBms
1282 231 1371 270 1560
1684 231 1750 270 941

174 338 245 387 pia
265 337 491 377 meditatio
514 350 565 376 ae
584 338 828 377 institutum
851 339 1058 377 effectum
1088 338 1308 384 sortiatur,
1332 341 1380 375 vt
1401 342 1522 375 tanto
1545 336 1720 375 vberius
1752 350 1802 375 ac

175 410 347 460 longius
367 416 634 462 propagetur
655 412 795 462 gloria
814 410 991 457 Christi,
1014 411 1085 461 qui
1103 411 1150 448 R.
1176 410 1222 448 P.
1247 410 1297 448 T.
1321 409 1525 459 dignetur
1548 421 1644 447 cum
1668 409 1802 446 omni-

177 481 257 518 bus
287 480 487 519 Patribus
517 495 567 520 ac
595 482 798 519 fratribus
826 494 952 531 quam
974 481 1216 519 diutissime
1247 492 1425 518 seruare
1448 480 1725 526 incolumem,
1761 485 1804 516 et

179 552 281 590 dare
313 553 508 603 corporis
538 553 686 600 robur,
709 565 794 604 quo
828 554 873 591 R.
904 554 951 591 P.
981 553 1030 591 T.
1060 564 1138 602 pro
1170 552 1295 590 nobis
1330 551 1472 590 Deum
1502 557 1724 601 precetur,
1758 556 1804 588 vt

178 636 256 661 nos
284 636 501 674 nunquam
532 630 682 662 nostro
706 624 862 662 deesse
894 625 1118 662 valeamus
1150 624 1304 662 offitio.
1338 623 1492 661 Amen.
1518 623 1804 662 Consalutant

180 696 227 732 R.
262 696 308 733 P.
342 695 392 733 T.
426 708 577 733 omnes
610 696 760 733 Patres
790 708 839 733 ac
861 695 1017 733 fratres
1049 695 1343 742 colonienses,
1379 694 1639 744 praesertim
1676 695 1806 731 Pater

180 765 449 813 Leonardus,
474 767 520 803 P.
547 766 802 813 Goudanus,
828 767 883 805 M.
908 766 1180 813 Franciscus‚
1217 767 1270 805 M.
1296 766 1548 812 Balduinus,
1575 770 1581 788 ¹
1607 778 1692 816 ego
1717 771 1802 802 ete.

261 835 596 875 Desiderantur
618 837 663 874 in
686 836 835 876 codice
856 837 1052 886 reliqua,
1075 837 1116 875 si
1136 850 1250 887 quae
1272 837 1368 875 alia
1389 838 1537 877 erant.

939 1033 1054 1082 444

539 1174 591 1219 P.
629 1171 1067 1220 FRANCISCUS
1110 1174 1464 1221 ANTONIUS

660 1314 827 1340 SASSARl
858 1303 899 1341 16
927 1314 1159 1342 Novssmssms
1189 1304 1279 1341 1560
1306 1306 1331 1340 ².

182 1426 216 1464 1.
241 1423 486 1463 Sociorum
506 1436 739 1462 numerus.
774 1423 1003 1463 Valetudo.
1034 1423 1272 1475 Religiosa
1304 1423 1549 1475 disciplina
1578 1423 1811 1476 vigens.—

261 1489 300 1529 2.
319 1488 560 1529 Contiones
574 1501 751 1541 magna
759 1489 1028 1540 frequentia
1045 1489 1239 1529 habitae.
1258 1489 1292 1528 S
1296 1492 1669 1529 aeramentorum
1685 1502 1809 1528 usus.

261 1556 301 1596 3.
326 1556 524 1595 Fructus
550 1554 652 1595 inde
682 1557 958 1595 emanantes.
974 1554 1059 1594 -4,
1093 1556 1329 1595 Excursus
1360 1558 1419 1595 ad
1449 1555 1548 1594 alia
1575 1554 1811 1606 oppida.—

262 1622 300 1662 5.
339 1620 604 1661 Nosocomii
636 1623 677 1660 et
711 1634 950 1661 carcerum
984 1620 1205 1661 visitatio.
1243 1621 1494 1661 Doctrinae
1529 1620 1814 1661 christianae

261 1687 520 1739 explicatio.
557 1687 756 1726 Casuum
786 1687 1087 1727 conscientiae
1115 1687 1262 1735 lectio,
1295 1687 1604 1739 deficientibus
1633 1687 1815 1726 clericis

263 1753 570 1801 auditoribus,
594 1752 975 1793 intermissa.—6.
999 1753 1106 1792 Alia
1128 1766 1245 1804 erga
1261 1753 1500 1805 proximos
1535 1753 1811 1792 ministeria.

263 1819 300 1859 7.
326 1818 625 1859 Publicorum
641 1821 935 1869 peccatorum
952 1819 1147 1871 punitio.

243 1957 276 1985 1.
335 1948 363 1997 †
389 1945 479 1997 Jhs.
506 1946 606 1995 Muy
628 1944 725 1984 R.‹10
757 1946 828 1984 Re
848 1959 943 1984 nro.
969 1958 1023 1983 en
1045 1946 1178 1985 Chro.
1215 1947 1303 1984 Pax
1327 1945 1503 1985 Christi.
1529 1951 1615 1984 ete.
1641 1947 1725 1984 Por
1749 1959 1815 1984 or-

184 2017 270 2056 den
292 2017 346 2056 de
369 2018 409 2056 la
431 2017 708 2067 obedjeneia,
734 2016 1011 2056 obseruando
1043 2018 1082 2055 la
1113 2018 1368 2055 costumbre
1400 2015 1455 2055 de
1487 2018 1527 2055 la
1557 2017 1813 2068 Compasn'a‚

186 2102 239 2127 en
263 2091 358 2127 esta
379 2088 483 2127 dare
507 2094 667 2127 cuenta
687 2101 712 2126 a
732 2089 783 2127 V.
809 2089 855 2127 P.
880 2087 934 2127 de
957 2089 999 2126 lo
1021 2101 1106 2139 que
1130 2089 1169 2126 el
1191 2089 1281 2127 S.0¹'
1303 2102 1348 2126 se
1380 2088 1437 2126 ha
1466 2088 1656 2140 dignado
1687 2088 1816 2126 obrar

184 2174 264 2212 por
281 2174 353 2199 sus
371 2160 551 2210 jnutiles
573 2160 742 2198 sieruos
765 2164 885 2198 estos
906 2171 930 2209 4
952 2172 1099 2198 meses
1120 2159 1348 2211 passados3
1370 2174 1397 2210 y
1415 2159 1718 2211 comeneando
1736 2173 1815 2210 por

184 2234 226 2271 lo
249 2245 333 2283 que
356 2238 459 2270 toea
491 2244 516 2270 a
549 2232 589 2270 la
624 2244 737 2279 casa,
761 2244 816 2282 ya
846 2244 950 2270 creo
985 2233 1091 2270 sabe
1126 2233 1178 2271 V.
1213 2232 1259 2270 P.
1293 2231 1453 2283 (segun
1488 2244 1573 2283 que
1594 2244 1674 2283 por
1698 2237 1816 2269 otras

186 2316 367 2342 auemos
388 2303 570 2354 scripto)
592 2305 720 2341 como
751 2316 831 2341 nos
861 2303 916 2341 ha
945 2303 1107 2342 venido
1139 2302 1194 2341 de
1227 2303 1397 2354 Espafia
1418 2304 1458 2342 el
1479 2303 1691 2342 hermano
1714 2303 1817 2341 Am-

187 2375 334 2414 brosio
356 2379 384 2423 ³,
410 2375 449 2413 el
470 2373 569 2426 qual
597 2387 680 2413 con
708 2375 774 2412 los
805 2380 895 2412 tres
929 2374 1090 2413 Padres
1121 2388 1205 2426 que
1238 2380 1362 2413 antes
1394 2377 1588 2421 eramos,
1623 2376 1818 2413 est'amos

187 2460 271 2486 con
292 2447 430 2495 salud,
454 2447 594 2498 gloria
613 2447 651 2484 al
674 2445 811 2484 dador
841 2446 969 2494 della,
993 2460 1020 2496 y
1050 2460 1133 2485 eon
1164 2446 1325 2485 desseo
1358 2446 1413 2484 de
1447 2446 1685 2498 emplearla
1713 2445 1817 2483 toda

237 2574 245 2593 ¹
297 2572 570 2610 Nominantur
587 2570 668 2609 PP.
690 2570 930 2609 Leonardus
949 2569 1116 2614 Kessel,
1148 2571 1342 2609 Nicolaus
1359 2571 1600 2616 Goudanus,
1629 2571 1820 2608 Francis-

187 2645 257 2669 cus
277 2632 488 2676 Costerus=
511 2631 735 2668 Balduinus
753 2632 805 2668 ab
826 2631 1005 2678 Angelo.

237 2694 249 2712 ⁹
299 2691 362 2729 Ex
380 2697 539 2739 autogr.
562 2692 601 2728 in
620 2691 706 2729 cod.
726 2691 905 2729 Sardi-n.
926 2691 991 2737 13,
1012 2691 1053 2729 ff.
1074 2691 1133 2736 63,
1153 2692 1213 2737 64;
1234 2693 1346 2739 prius
1363 2693 1446 2737 501,
1466 2691 1549 2737 502,
1570 2691 1718 2729 deletis
1735 2691 1818 2735 402,

189 2753 271 2832 ⁴0?
302 2811 449 2849 Frater
462 2811 642 2858 Joannes
663 2811 904 2849 Ambrosius
923 2812 1043 2856 (alias
1061 2811 1268 2859 Granges,
1289 2818 1332 2849 ut
1351 2812 1498 2849 dieitur
1517 2812 1557 2849 in
1576 2813 1697 2850 catal.
1726 2812 1820 2849 coll.

190 2871 426 2909 sassaritani
445 2872 540 2908 anni
562 2871 665 2914 1565,
686 2871 725 2907 in
744 2871 830 2908 cod.
853 2871 1033 2909 Sardin.
1054 2871 1093 2915 3,
1117 2871 1143 2909 f.
1168 2872 1249 2917 lv.)
1268 2885 1359 2909 cum
1382 2871 1460 2908 PP.
1482 2871 1605 2909 Pisias
1633 2878 1673 2908 et
1693 2872 1819 2908 Anto-

128 2966 129 2969 ,
191 2931 255 2968 nio
272 2929 409 2967 itineri
427 2943 470 2966 se
490 2929 761 2971 commiserat,
782 2930 853 2967 sed
871 2930 920 2967 ob
939 2931 1155 2967 adversam
1176 2931 1454 2968 valetudinem
1474 2932 1514 2967 in
1535 2929 1734 2977 Hispania
1754 2930 1821 2967 diu

192 3003 357 3027 manere
392 2995 554 3026 coactus
589 2995 664 3026 est.
701 2988 766 3026 Cf.
805 2989 845 3026 S.
887 2989 1148 3027 Franciscus
1182 2990 1365 3036 Borgm,
1412 2989 1488 3034 ΙΙΙ,
1532 2989 1621 3035 532;
1669 2990 1827 3027 Lainii

196 3050 405 3094 Monam..
425 3049 501 3092 IV,
520 3048 602 3086 549.
624 3048 790 3086 Tertius
809 3050 998 3086 sacerdos
1016 3056 1105 3086 erat
1125 3049 1167 3086 P.
1191 3050 1335 3087 Petrus
1356 3049 1498 3097 Spiga.
