1908 3446
257 211 325 249 384
737 209 955 246 LITTERAE
981 207 1338 253 QUADmMESTREs

211 313 327 363 quod
359 319 402 351 et
438 313 529 350 sine
558 317 681 363 patre
714 317 755 349 et
789 308 968 361 egregia
989 310 1128 347 forma
1158 312 1201 344 et
1230 307 1355 356 inops
1387 312 1520 353 esset,
1555 311 1599 343 et
1633 318 1657 342 a
1686 307 1826 345 multis

212 385 443 423 multorum
475 383 804 422 commodorum
835 379 1221 432 pollicitationibus
1253 377 1561 423 solicitaretur,
1586 389 1838 415 sacramen-·

212 463 354 495 torum
387 468 469 506 ope
502 461 544 493 et
581 459 841 493 conseruata
872 458 952 495 est,
987 457 1028 488 et
1065 462 1222 499 magno
1255 461 1443 486 accensa
1473 448 1692 486 desiderio
1725 461 1825 486 suae

212 541 371 579 sponso
407 527 581 566 Christo
618 525 878 577 uirginitatis
913 521 1254 562 consecrandae.
1291 520 1464 558 Accidit
1497 520 1582 558 hoc
1615 519 1754 571 ipsum
1788 521 1826 557 in

211 600 304 649 alijs
321 599 479 645 multis,
501 604 543 635 et
565 597 658 635 uiro
682 596 924 635 coniunctis
948 600 989 632 et
1013 592 1167 639 uiduis,
1188 596 1234 629 ut
1255 604 1279 628 a
1300 591 1445 629 multis
1461 590 1682 641 flagitatae
1699 589 1826 629 fidem

213 678 256 709 et
281 671 372 708 Deo
406 675 449 707 et
479 669 581 707 uiris
613 669 700 706 suis
730 668 996 711 inuiolatam,
1023 666 1305 703 sacramentis
1328 664 1488 710 aiutae,
1512 661 1824 702 conseruarint.

214 743 306 780 Hae
331 753 435 779 uero
461 746 503 778 et
525 741 634 778 aliae
655 740 865 790 plurimae
887 738 1029 788 prauis
1049 735 1304 774 edomandis
1327 735 1495 773 animae
1517 733 1749 772 affectibus
1771 732 1826 771 di-

210 814 397 864 ligenter
419 813 636 858 insistunt,
671 817 713 848 et
736 810 912 860 spiritali
936 808 1152 859 profectui
1173 807 1392 854 insudant,
1415 806 1717 845 nonnullarum
1740 816 1826 842 cer-

211 888 255 921 te
278 885 319 921 in
340 885 422 922 hac
442 888 565 933 parte
588 894 821 920 accensum
844 880 1033 918 studium
1055 886 1074 904 a
1094 891 1181 916 non
1202 891 1380 929 possum
1401 877 1503 928 quin
1525 876 1731 913 referam.

264 958 301 992 0.
361 953 562 1004 Virgines
584 953 790 999 tenellae,
817 956 859 989 et
881 963 992 1002 quae
1015 950 1141 1000 paulo
1165 954 1269 987 ante
1290 949 1309 974 ¹³
1331 948 1493 997 delitijs
1515 951 1735 993 uacarant,
1759 946 1826 983 ali-

213 1031 317 1075 quot
348 1025 471 1062 fuere
502 1037 629 1074 quae,
652 1035 767 1061 nunc
802 1022 855 1060 ad
887 1020 1235 1072 compescendos
1259 1019 1477 1058 effraenes
1509 1017 1649 1056 carnis
1671 1021 1825 1065 motus,

213 1108 326 1133 nunc
360 1101 405 1133 ut
439 1094 599 1145 aliquid
635 1095 808 1132 omnino
841 1092 1120 1139 incommodi,
1154 1090 1219 1129 sui
1254 1089 1401 1141 sponsi
1432 1089 1592 1129 Christi
1629 1089 1825 1138 exemplo

213 1172 476 1213 commotae,
499 1171 769 1216 paterentur,
793 1176 907 1201 nunc
927 1164 1080 1209 semel,
1104 1161 1322 1199 interdum
1343 1161 1423 1208 bis,
1447 1159 1678 1210 aliquando
1702 1159 1828 1197 etiam

211 1243 279 1276 ter
301 1239 341 1276 in
365 1238 450 1284 die,
476 1250 523 1275 se
551 1237 709 1275 acriter
731 1236 915 1286 flagellis
940 1234 1194 1280 caederent,
1219 1235 1387 1271 nodoso
1411 1232 1530 1284 fune
1560 1231 1734 1270 lumbos
1764 1243 1828 1268 as-

211 1310 338 1349 sicine
360 1308 627 1348 constrictos
648 1309 858 1348 tenerem.
884 1306 1044 1344 ieiunia
1064 1306 1198 1344 multa
1214 1303 1501 1355 susciperent,
1525 1308 1630 1341 uota
1645 1301 1828 1353 denique

214 1382 425 1420 castitatis
457 1381 723 1418 emitterent.
758 1379 993 1429 Egregium
1025 1378 1132 1416 alius
1154 1376 1346 1414 mulieris
1368 1376 1591 1413 charitatis
1620 1387 1725 1425 opus
1746 1386 1829 1412 non

214 1454 313 1492 sinit
335 1461 365 1499 0,
402 1458 448 1490 ut
484 1465 578 1490 eam
609 1452 766 1489 tacitus
797 1450 1155 1500 praetermittam.
1181 1448 1284 1486 Adit
1306 1447 1360 1486 ad
1383 1460 1478 1485 earn
1499 1448 1631 1485 homo
1659 1445 1828 1496 quidam

214 1525 506 1570 calamitosus,
531 1522 732 1561 sordibus
756 1526 798 1559 et
820 1522 967 1560 scabie
991 1521 1172 1559 obsitus.
1208 1520 1290 1557 Hic
1319 1519 1391 1557 illa
1423 1531 1522 1556 eum
1543 1518 1585 1556 in
1606 1517 1723 1555 lecto
1747 1517 1828 1555 col-

213 1598 344 1642 locat,
368 1595 556 1633 aduocat
578 1592 810 1640 medicum,
835 1592 1007 1630 assidua
1028 1593 1212 1642 ipsamet
1241 1591 1425 1641 praebet
1458 1588 1670 1639 obsequia
1690 1587 1830 1626 donec

215 1667 508 1706 conualescat.

267 1748 304 1787 7.
364 1738 459 1775 Nec
489 1749 595 1774 uero
628 1734 765 1773 minor
793 1735 960 1772 fructus
991 1739 1171 1785 apparet
1200 1733 1243 1771 in
1273 1733 1391 1771 uiris.
1417 1731 1535 1772 Ciuis
1557 1731 1731 1781 quidam
1750 1730 1828 1780 pri-

214 1810 386 1856 marius,
411 1809 576 1846 alienus
606 1805 665 1844 ita
699 1819 723 1844 a
753 1805 992 1852 Societate,
1017 1811 1063 1843 ut
1093 1817 1147 1842 ne
1179 1805 1363 1842 uerbum
1393 1802 1570 1855 quidem
1604 1802 1682 1840 sibi
1704 1802 1758 1840 de
1780 1814 1829 1840 ea

214 1881 307 1918 fieri
329 1885 458 1917 antea
486 1882 725 1929 pateretur,
750 1878 936 1915 accessit
958 1882 1103 1914 tamen
1125 1875 1272 1914 diuino
1294 1875 1503 1926 impulsus
1525 1874 1676 1925 spiritu
1697 1872 1829 1911 semel

214 1951 267 1989 ad
288 1965 369 1989 nos
391 1951 445 1989 de
463 1951 550 1989 suis
566 1949 760 2000 peccatis
783 1949 1063 1987 confessurus
1085 1948 1119 1990 d,
1140 1953 1270 1998 atque
1287 1947 1347 1985 ita
1368 1951 1558 1985 mutatus
1577 1950 1658 1993 est,
1682 1951 1728 1983 ut
1749 1957 1829 1982 ma-

216 2023 376 2060 ximum
399 2021 642 2072 susceperit
662 2033 766 2071 erga
788 2033 856 2058 res
875 2020 1042 2058 diuinas
1059 2019 1265 2067 studium,
1287 2023 1329 2057 et
1349 2031 1454 2070 erga
1470 2017 1739 2056 Societatem
1759 2016 1829 2053 be-

215 2094 526 2139 neuolentiam,
551 2097 596 2130 ut
620 2093 749 2130 etiam
772 2093 864 2141 ipse
888 2097 1046 2130 octauo
1070 2103 1244 2141 quoque
1275 2090 1345 2129 die
1368 2090 1422 2128 ad
1452 2089 1712 2128 dominicam
1743 2100 1829 2126 coe-

215 2179 323 2204 nam
346 2173 363 2190 e
385 2165 584 2210 accedat,
610 2170 653 2202 et
685 2165 778 2202 eius
809 2163 968 2201 familia
997 2175 1110 2213 pene
1142 2168 1236 2201 tota
1267 2162 1421 2200 eadem
1453 2165 1724 2199 sacramenta
1751 2159 1830 2197 fre-

215 2243 413 2288 quentet.
437 2237 510 2275 Sic
531 2249 638 2274 uero
661 2237 753 2286 ipse
778 2234 990 2272 submisse
1014 2247 1061 2272 se
1083 2235 1212 2285 gerit,
1236 2239 1282 2272 ut
1315 2235 1445 2272 etiam
1478 2245 1623 2271 coram
1645 2232 1739 2281 alijs
1759 2242 1828 2269 ne-

215 2320 427 2359 quaquam
458 2312 662 2345 uereatur
692 2319 835 2358 genua
864 2319 941 2344 suo
974 2306 1242 2344 confessario
1274 2306 1472 2352 flectere,
1496 2309 1652 2355 petens
1679 2303 1759 2341 sibi
1778 2302 1828 2340 ab

217 2392 269 2417 eo
293 2378 509 2416 benedici.
534 2379 618 2416 Hic
640 2391 736 2416 cum
758 2377 929 2416 medico
952 2383 1120 2424 nostro,
1145 2377 1238 2415 uiro
1271 2377 1312 2415 in
1335 2389 1411 2415 5113
1432 2381 1525 2414 arte
1548 2376 1668 2413 multi
1698 2374 1828 2412 nomi-

214 2450 278 2487 nis
316 2454 359 2486 et
396 2450 602 2499 egregiae
636 2447 906 2494 eruditionis,
945 2448 1147 2498 chirurgo
1186 2449 1332 2495 etiarn,
1367 2452 1410 2485 et
1440 2447 1534 2496 alijs
1569 2446 1713 2484 multis
1746 2457 1829 2483 non

214 2520 327 2572 apud
356 2534 436 2560 nos
457 2521 611 2567 solum,
636 2519 714 2557 sed
737 2520 866 2558 etiam
888 2519 1001 2570 apud
1023 2519 1131 2558 alios
1151 2518 1405 2570 praedicant
1427 2531 1490 2566 se,
1514 2518 1596 2556 nisi
1616 2516 1828 2556 matrimo-

214 2591 270 2641 nij
308 2591 481 2630 uinculo
517 2591 742 2629 constricti
784 2596 947 2638 essent,
985 2591 1272 2629 libentissime
1313 2589 1550 2628 Societatis
1589 2589 1827 2627 institutum

215 2663 538 2713 complexuros3
560 2661 677 2711 quod
707 2661 866 2699 indicio
900 2674 997 2699 esse
1027 2666 1175 2712 potest
1197 2660 1434 2699 Societatis
1455 2661 1698 2698 institutum
1719 2657 1787 2698 hic
1805 2669 1829 2694 a

215 2734 359 2772 multis
389 2734 677 2771 uehementer
699 2733 942 2783 approbari.
967 2733 1075 2771 Sunt
1106 2738 1253 2770 tamen
1284 2731 1619 2778 adolescentuli,
1649 2731 1720 2780 qui
1747 2730 1828 2767 hoc

260 2951 280 2970 a
330 2949 480 2986 Praec.
501 2958 539 2984 v.
572 2952 709 2992 supra
740 2958 847 2984 vers.
913 2949 978 2973 —b
1000 2948 1152 2984 Praec.
1185 2958 1223 2983 v.
1254 2952 1391 2992 supra
1411 2957 1536 2987 vers„
1566 2946 1701 2982 deleto
1731 2946 1826 2990 post.

215 3018 278 3036 ——0
298 3008 383 3046 finit
402 3018 482 3044 ms.
537 3007 602 3031 -d
625 3006 808 3043 Emend.
830 3017 880 3043 ex
898 3007 1115 3043 confessus.
1169 3013 1235 3031 —e
1256 3019 1450 3042 mensam.
