1908 3446
260 271 331 309 306
741 270 961 309 LITTERAE
986 259 1343 318 QUADRIMESTRES

972 532 1082 583 292

606 669 658 714 Ρ.
693 668 962 717 PETRUS
997 670 1083 716 DE
1118 667 1458 715 AZEVEDO

703 812 901 839 CORDUBA
927 802 969 839 31
998 811 1177 838 AUGUSTI
1207 800 1297 838 1559
1325 802 1346 835 ¹.

217 923 249 960 1.
276 921 537 973 Religiosae
553 921 851 974 perfectionis
872 934 987 961 cura
1008 923 1048 960 et
1068 919 1386 960 stadium.—2.
1414 920 1687 960 Contionum
1708 921 1748 959 et
1772 932 1840 958 sa-

295 990 638 1027 crameniorztm
665 987 888 1038 frequens
922 987 1194 1026 usus—34.
1234 986 1581 1037 Discipulorum
1609 997 1838 1033 numerus,
1893 996 1895 998 ’

296 1053 402 1092 boni
421 1066 583 1100 moreS,
613 1053 974 1093 exercitationes.
1000 1052 1121 1091 Ludi
1156 1051 1359 1092 acti-5.
1399 1051 1625 1091 Sollemne
1658 1063 1841 1090 sacrum

296 1120 348 1158 ob
370 1118 546 1159 artium
577 1132 763 1158 cursum
795 1118 1139 1158 &mensuum—6.
1165 1117 1443 1157 Sclzolastici
1472 1117 1721 1169 religiosae
1745 1119 1841 1168 per-

287 1185 507 1236 fectionis
528 1184 793 1236 cupidi,-7.
820 1185 929 1224 Piae
946 1184 1293 1224 exercitationes
1306 1187 1390 1234 per
1406 1183 1663 1222 stud-iorum
1672 1181 1838 1234 ferias.

273 1317 305 1345 Ι.
365 1308 393 1356 †
426 1306 507 1355 Jhs.
541 1305 790 1344 Admodum
825 1305 921 1344 R.<¹e
943 1306 985 1344 in
1021 1306 1153 1345 Chro.
1180 1306 1251 1343 Ρ]
1272 1306 1361 1343 Pax
1393 1304 1569 1351 Christi,
1603 1309 1687 1343 etc.
1714 1303 1841 1354 Quod

218 1379 261 1415 et
280 1378 299 1395 η
322 1375 576 1415 obedientia
603 1378 643 1415 et
672 1376 910 1415 iniunctum
933 1376 1036 1415 mihi
1058 1375 1280 1415 scribendi
1306 1376 1534 1427 negotium
1556 1375 1769 1424 hortatur,
1798 1374 1841 1413 li-

217 1449 470 1487 bentissime
492 1448 663 1496 faciam,
687 1454 735 1486 vt
758 1461 909 1486 eorum
931 1448 1003 1499 qui
1033 1448 1306 1499 gymnasium
1328 1446 1446 1486 istud
1477 1447 1755 1486 cordubense
1784 1446 1840 1485 in·
1889 1451 1893 1498 g

215 1521 377 1568 colunt,
402 1521 533 1559 rebus
555 1519 596 1558 in
633 1521 832 1559 omnibus
864 1519 1084 1571 cognitam
1107 1519 1375 1572 diligentiam
1396 1520 1576 1558 habeas.
1607 1520 1758 1570 ltaque
1788 1519 1840 1557 de

214 1592 358 1630 multis
379 1605 532 1643 pauca,
557 1604 685 1641 quam
706 1597 864 1642 potero
883 1590 1177 1642 paucissimis
1197 1591 1216 1616 b
1238 1591 1438 1630 scribam.
1467 1591 1608 1642 Atque
1630 1591 1672 1629 id
1693 1590 1736 1629 in
1762 1591 1841 1642 pri·
1891 1598 1894 1606 ¹

214 1663 308 1711 mis,
332 1669 432 1702 tuos
453 1663 562 1702 istos
586 1676 738 1702 omnes
759 1664 801 1702 in
824 1676 919 1702 eam
941 1676 1033 1702 rem
1055 1663 1159 1701 dare
1184 1675 1361 1714 operam
1385 1661 1554 1711 sedulo,
1578 1668 1626 1701 vt
1653 1663 1706 1701 ab
1728 1662 1840 1701 insti·
1890 1667 1894 1675 ”

214 1740 326 1783 tuto,
350 1734 496 1786 quoad
520 1735 612 1774 eius
634 1735 728 1773 fieri
750 1740 915 1785 potest,
939 1748 1026 1774 non
1048 1734 1294 1782 discedant,
1318 1735 1360 1773 in
1376 1734 1675 1786 proximorum
1698 1746 1840 1773 exem·
1888 1737 1891 1756 ⁸

214 1808 346 1857 plum,
380 1807 595 1858 vniusque
626 1806 709 1844 Dei
739 1807 921 1858 gloriam
958 1812 1002 1845 et
1033 1807 1226 1857 spiritale
1258 1807 1579 1844 incrementum
1609 1818 1755 1844 mores
1783 1805 1841 1843 vi·
1890 1816 1892 1818 ’

214 1884 388 1929 tamque
429 1891 550 1916 suam
592 1891 765 1916 omnem
806 1883 1146 1929 componentes,
1191 1877 1390 1916 omnibus
1435 1877 1577 1916 modis
1616 1877 1840 1925 vincentes
1890 1901 1891 1905 =

213 1950 385 2000 seipsos
406 1949 620 1988 aduersus
656 1949 795 1987 hostis
831 1950 1019 1988 assultus
1056 1954 1099 1987 et
1134 1948 1327 1987 insidias.
1354 1948 1452 1997 Qua
1472 1949 1514 1987 in
1544 1960 1607 1996 re,
1631 1947 1703 1999 qui
1722 1959 1840 1998 prae-

214 2026 327 2068 sunt,
348 2033 495 2060 curam
514 2026 557 2059 et
575 2020 844 2071 diligentiam
863 2021 1096 2060 conferunt
1116 2021 1343 2072 ingentem
1363 2032 1496 2070 vsque
1513 2021 1624 2059 adeo
1642 2027 1659 2045 0
1679 2019 1840 2070 spirita-

213 2092 239 2130 li
261 2092 535 2130 subditorum
557 2092 685 2130 saluti
701 2092 972 2143 prospiciunt
994 2092 1028 2132 d.

265 2173 303 2201 2.
364 2164 418 2202 Et
440 2162 554 2202 domi
578 2168 622 2202 et
643 2164 749 2202 foris
773 2164 1013 2203 conciones
1041 2165 1275 2213 habentur,
1308 2165 1482 2216 hucque
1514 2176 1538 2202 a
1567 2161 1713 2201 multis
1743 2173 1839 2200 con·
1888 2160 1890 2162 ’

213 2235 411 2283 curritur,
436 2236 508 2286 qui
530 2235 773 2274 doctrinam
805 2236 1084 2274 christianam
1116 2236 1245 2274 auide
1277 2236 1475 2282 audiunt,
1510 2234 1838 2286 percipiuntque

212 2312 500 2354 sacramenta,
526 2306 688 2357 quibus
709 2314 727 2332 e
750 2307 1118 2346 confessariorum
1141 2307 1287 2359 inopia
1305 2308 1431 2358 plene
1452 2306 1601 2345 facere
1624 2306 1727 2344 satis
1755 2315 1839 2342 non

217 2391 464 2428 possumus.

265 2459 304 2497 3.
368 2450 430 2487 De
454 2450 605 2488 schola
634 2455 786 2489 nostra
806 2451 892 2489 hoc
913 2451 1042 2499 habe,
1066 2452 1109 2489 in
1145 2450 1239 2489 dies
1269 2451 1408 2502 magis
1430 2462 1482 2489 ac
1502 2450 1640 2501 magis
1670 2449 1724 2488 ad
1739 2450 1839 2500 Jesu

212 2521 394 2571 gloriam
426 2522 601 2569 florere,
637 2527 680 2561 et
710 2522 960 2561 auditorum
995 2535 1178 2562 numero
1211 2523 1328 2572 (nam
1358 2521 1413 2560 ad
1443 2526 1693 2560 tercentum
1722 2520 1838 2572 quin·
1884 2539 1889 2553 ι

211 2592 418 2643 quaginta
439 2597 482 2630 et
505 2605 558 2630 eo
581 2593 763 2643 amplius
797 2606 1004 2632 numerus
1034 2592 1263 2642 accreuit)‚
1290 2598 1334 2632 et
1356 2593 1560 2645 profectu
1581 2592 1624 2630 in
1657 2590 1838 2642 discipli·

258 2753 277 2772 a
327 2766 388 2790 ex.
441 2754 508 2779 —b
535 2753 789 2792 breuissime.
844 2763 907 2782 —0
939 2768 1004 2793 ac.
1079 2755 1145 2781 —d
1183 2760 1223 2792 et
1253 2754 1507 2802 perfectioni.
1577 2762 1642 2780 -e
1674 2762 1837 2801 quorum
1883 2749 1887 2794 ,“

211 2813 363 2850 multis.

261 2970 268 2989 ¹
325 2966 382 3004 Ex
401 2967 603 3014 originali,
625 2980 648 3003 a
668 2967 844 3005 Polaneo
864 2968 1091 3012 emendato,
1114 2969 1154 3005 in
1173 2968 1310 3005 codice
1330 2968 1459 3014 Hisp.
1485 2967 1549 3014 96,
1571 2968 1585 3004 l
1603 2952 1688 3012 fol„
1704 2965 1837 3011 nq4143

211 3029 320 3075 prius
338 3026 420 3064 291.
443 3027 599 3074 Apogr.
622 3027 660 3063 in
680 3026 746 3064 fol.
768 3026 848 3065 413.
870 3026 944 3064 Est
963 3027 1085 3064 etiam
1104 3040 1246 3075 apogr.
1269 3028 1308 3064 in
1327 3028 1493 3064 archivo
1513 3026 1747 3068 coloniensi,
1778 3023 1837 3062 cui
1880 3068 1881 3072 Ἰ

213 3100 291 3124 non
310 3091 420 3123 recte
439 3086 645 3133 appositus
664 3091 724 3123 est
743 3099 872 3123 annus
896 3087 996 3124 1560.
