1908 3446
191 225 261 261 716
642 226 861 261 LITTERAE
887 224 1248 270 QUADRIMESTRES

141 327 218 364 tris
238 326 489 364 inflammati
512 327 786 364 sermonibus
807 326 1119 377 perfectiorem
1142 327 1319 365 viuendi
1350 328 1564 365 rationem
1582 327 1652 364 uel
1674 339 1765 364 sec-

143 397 219 434 tati
250 404 363 443 sunt,
399 398 467 435 uel
501 397 762 434 omnimodis
803 409 897 434 earn
930 398 1088 434 sectari
1120 397 1435 435 decreuerunt?
1466 397 1610 435 Habet
1646 404 1766 435 certe

141 468 255 505 fama
275 468 447 518 publica
469 481 492 506 a
514 468 658 505 multis
680 469 764 505 iam
785 468 907 505 annis
928 468 1061 505 fuisse
1086 468 1340 510 inauditum,
1366 474 1412 505 vt
1433 472 1500 505 tot
1522 462 1605 505 una
1642 467 1768 517 virgi-

141 552 220 577 nes
248 539 301 576 ad
333 540 599 577 monasteria
627 540 928 586 conuolarent,
958 545 1065 589 quot
1095 539 1355 577 breuissimo
1378 541 1478 586 hoc,
1503 552 1588 589 quo
1621 538 1769 577 Socie-

143 617 208 648 tas
230 610 299 647 hic
323 611 428 648 uiuit
452 617 668 660 tempore.

195 691 232 728 3.
295 681 424 718 Multa
454 681 522 718 liic
553 682 606 718 de
639 681 950 727 cot‘essionum,
974 693 1085 730 quae
1117 681 1276 718 nostris
1306 681 1448 718 factae
1482 685 1594 726 sunt,
1626 679 1770 717 fructu

142 753 305 790 narrari
327 760 522 802 possent,
549 752 625 790 sed
656 753 789 790 satius
810 752 926 790 forte
947 752 1078 789 fuerit
1107 751 1384 801 particularia
1407 753 1637 802 plaeraque
1670 763 1771 789 con-

143 826 256 862 sulto
280 825 536 874 praeterire.
558 825 861 863 Creberrimae
886 836 1005 870 sane,
1025 823 1066 860 in
1087 823 1359 862 hebdomada
1377 822 1634 874 praesertim
1652 834 1771 860 sanc-

143 901 200 941 ta,
225 895 399 932 fuerunt
423 895 741 941 confessiones,
774 895 833 932 ita
860 900 905 931 vt
943 907 1115 932 omnem
1150 900 1344 932 nostram
1381 895 1511 945 longe
1545 894 1675 931 etiam
1706 906 1772 930 su-

142 972 317 1017 peraret
340 971 425 1004 tarn
446 967 683 1017 fraequens
705 967 1007 1005 confitentium
1037 979 1244 1004 numerus
1267 967 1638 1016 expectationem.
1666 965 1773 1002 Tres

145 1050 199 1076 ex
222 1038 526 1077 sacerdotibus
554 1052 876 1090 germanorum,
902 1039 987 1076 duo
1012 1052 1118 1077 uero
1151 1039 1220 1088 alij
1244 1038 1461 1084 italorum,
1486 1038 1698 1088 gallorum
1730 1042 1775 1075 et

143 1108 407 1148 flandrorum
436 1110 662 1149 audiendis
697 1112 1050 1150 confessionibus
1083 1108 1407 1160 occupatissimi
1437 1110 1578 1156 fuere,
1609 1113 1651 1146 et
1683 1120 1773 1146 cre-

143 1179 325 1219 diderim
348 1182 419 1219 vix
443 1181 599 1220 decem
623 1182 882 1220 sacerdotes
915 1183 1128 1227 omnibus,
1153 1182 1225 1232 qui
1246 1182 1372 1219 nobis
1395 1180 1596 1219 confiteri
1618 1179 1774 1230 cupijs-

144 1257 256 1299 sent,
282 1253 384 1291 satis
406 1254 598 1292 facturos
620 1254 769 1292 fuisse.
795 1255 929 1292 Cuius
951 1253 1126 1304 quidem
1159 1254 1222 1292 rei
1243 1254 1355 1291 hanc
1376 1253 1488 1291 inter
1520 1252 1623 1290 alias
1652 1264 1774 1301 prae-

145 1323 313 1375 cipuam
336 1326 550 1363 rationein
581 1326 715 1363 fnisse
747 1326 1007 1375 putauerim,
1042 1331 1088 1362 vt
1119 1330 1162 1362 et
1194 1339 1247 1363 ex
1279 1325 1381 1374 ipsis
1413 1323 1596 1362 subinde
1627 1323 1774 1373 poeni-

144 1396 338 1434 tentibus
385 1397 698 1443 intelleximus,
741 1397 857 1446 quod
896 1409 982 1434 non
1022 1396 1202 1446 perinde
1244 1396 1338 1444 alijs
1391 1401 1521 1445 atque
1562 1394 1776 1432 Societati

144 1466 295 1514 fidant3
317 1480 403 1518 quo
440 1481 542 1506 sane
564 1467 742 1514 facturn,
769 1474 814 1505 vt
835 1468 1088 1505 innumeros
1108 1479 1221 1517 pene
1243 1466 1554 1512 audiuerimus,
1578 1465 1650 1516 qui
1671 1465 1775 1503 mul-

145 1539 198 1576 tis
242 1540 325 1577 iam
365 1540 485 1577 annis
525 1539 688 1589 absque
729 1552 835 1577 vera
881 1545 924 1576 et
964 1539 1136 1589 integra
1183 1538 1464 1576 confessione
1505 1540 1776 1575 sacramenta

144 1611 504 1661 fraequentarint,
542 1624 628 1649 non
664 1611 789 1649 aliam
819 1612 1034 1648 habentes
1071 1610 1134 1647 sui
1171 1610 1386 1660 sacrilegij
1425 1608 1773 1654 excusationem,

146 1695 272 1732 quam
294 1682 411 1731 quod
434 1682 504 1720 vel
526 1695 550 1719 a
572 1681 804 1720 sacerdote
830 1681 1066 1719 examinati
1085 1693 1303 1731 nunquam
1325 1680 1523 1726 fuissent,
1549 1680 1618 1717 uel
1655 1685 1775 1717 certe

146 1753 303 1792 timore
327 1759 371 1792 et
392 1754 578 1791 humana
599 1752 783 1804 quadam
806 1751 1075 1791 verecundia
1092 1765 1116 1790 a
1137 1752 1389 1803 grauiorum
1410 1755 1694 1801 peccatorum
1712 1763 1776 1788 re-

147 1826 366 1863 uelatione
389 1825 573 1863 fuissent
594 1825 815 1875 prohibiti.
841 1825 1023 1862 Tantam
1045 1836 1151 1862 uero
1173 1822 1396 1874 plaerique
1420 1835 1474 1860 ex
1497 1822 1775 1860 confessione

147 1897 307 1934 nostris
337 1896 453 1934 facta
473 1897 718 1934 retulerunt
741 1896 1105 1942 consolationem,
1130 1900 1177 1933 vt
1198 1907 1285 1933 non
1306 1894 1387 1946 ipsi
1408 1895 1548 1932 solum
1582 1893 1715 1931 vitam
1736 1893 1777 1931 in

113 1985 116 1988 ·
149 1968 302 2006 melius
324 1974 595 2006 commutare
620 1974 664 2005 et
693 1972 966 2006 sacramenta
986 1967 1296 2017 fraequentare
1318 1965 1599 2011 instituerint,
1624 1964 1702 2002 sed
1734 1969 1776 2002 et

147 2040 256 2078 alios
291 2039 344 2079 ad
380 2039 535 2078 eadem
569 2040 827 2090 pertrahere
859 2038 1081 2077 indefesso
1123 2037 1266 2075 studio
1309 2042 1538 2075 conentur.
1576 2036 1777 2087 Fatigant

148 2112 352 2162 precibus
371 2117 578 2162 parentes
598 2124 702 2148 suos
723 2111 853 2157 filiae,
879 2117 924 2147 vt
945 2109 1070 2148 nobis
1095 2109 1296 2147 confiteri
1317 2107 1398 2146 sibi
1417 2108 1706 2159 permittatur.
1724 2107 1778 2144 Et

150 2182 250 2220 dum
275 2195 356 2220 vna
375 2183 492 2221 forte
515 2196 569 2221 ex
592 2183 695 2234 ipsis
716 2182 811 2220 uoti
832 2194 1013 2233 compos
1034 2181 1149 2219 facta
1169 2181 1315 2228 fuerit,
1344 2193 1430 2219 non
1454 2184 1598 2219 cessat
1618 2180 1689 2218 illa
1711 2193 1776 2217 so-

150 2255 321 2292 roribus
343 2254 452 2303 31135,
478 2260 524 2292 vt
545 2253 660 2292 idem
684 2259 728 2292 et
756 2254 854 2292 illae
875 2253 1036 2291 faciant
1058 2252 1260 2298 suadere3
1284 2256 1326 2289 et
1350 2252 1384 2289 si
1404 2252 1608 2302 precibus
1638 2249 1778 2289 minus

150 2325 263 2375 apud
292 2338 365 2363 eas
394 2326 609 2376 perficere
641 2338 686 2363 se
718 2324 855 2371 videt,
893 2324 1111 2362 lachrimis
1141 2336 1233 2361 rem
1264 2327 1420 2369 tentat,
1454 2329 1500 2360 vt
1529 2323 1778 2373 pertinaces

151 2397 310 2446 alioqui
333 2408 510 2435 sorores
531 2397 726 2435 abnuere
747 2396 831 2434 iam
852 2408 940 2433 non
974 2394 1159 2445 possint,
1184 2393 1301 2444 quod
1332 2399 1453 2432 tanto
1476 2395 1529 2432 ab
1553 2394 1614 2432 eis
1643 2394 1777 2432 chari-

152 2469 253 2506 tatis
288 2468 383 2506 zelo
418 2469 596 2518 petitur.
636 2469 866 2506 Monuerat
899 2480 977 2517 per
1013 2466 1292 2504 occasionem
1323 2467 1459 2504 semel
1492 2465 1777 2505 concionator

151 2545 303 2578 noster
325 2540 379 2578 de
402 2540 610 2578 cauendis
640 2538 794 2578 sedulo
824 2539 1149 2578 haereticorum
1178 2538 1312 2585 libris,
1336 2542 1382 2576 ut
1403 2551 1587 2589 quorum
1608 2538 1777 2589 pericu-

152 2611 259 2657 losa,
285 2611 486 2661 adeoque
508 2611 654 2649 multis
676 2611 864 2649 exitiosa
886 2613 1005 2648 esset
1025 2609 1174 2648 lectio.
1199 2609 1446 2647 Accurrunt
1475 2609 1592 2647 illico
1615 2609 1668 2647 ad
1696 2621 1777 2647 nos

152 2681 321 2733 plurimj
345 2686 389 2720 et
410 2687 500 2720 tum
522 2682 563 2719 in
586 2682 882 2728 confessione,
905 2686 997 2719 turn
1029 2686 1154 2719 extra
1175 2680 1500 2730 confessionem
1522 2693 1625 2718 suos
1651 2679 1777 2721 nobis

153 2752 466 2792 examinandos
488 2753 663 2790 tradunt
694 2753 879 2799 libellos,
903 2765 1088 2802 quorum
1111 2757 1233 2790 certe
1255 2752 1391 2789 maior
1421 2764 1519 2802 pars
1548 2752 1775 2790 haeretico

153 2830 248 2863 erat
275 2836 477 2874 respersa
503 2823 737 2869 fermento,
772 2829 815 2861 et
850 2823 1062 2874 quosdam
1097 2822 1273 2873 quidem
1306 2836 1386 2861 nos
1421 2822 1501 2872 ipsi
1535 2823 1729 2861 vulcano
1759 2823 1778 2841 a

152 2895 423 2942 tradidimus,
448 2895 556 2933 alios
578 2907 684 2933 uero
709 2894 894 2934 dominis
917 2893 1004 2933 suis
1026 2892 1287 2934 cremandos
1308 2893 1592 2932 reddidimus.

200 3033 220 3053 a
268 3032 366 3079 igni.
