1908 3446
506 158 793 196 419.—PRAGA
818 158 839 195 4
866 158 1126 196 SEPmMBms
1155 157 1245 196 1560
1576 159 1646 196 813

68 260 270 298 rhetores
302 259 493 307 uideant,
527 274 636 310 quos
667 267 767 300 ante
804 273 967 312 paucos
999 274 1135 299 annos
1170 260 1306 311 prima
1337 260 1584 299 docuerunt
1608 264 1693 299 ele-

70 332 226 368 menta.
252 330 299 368 Id
331 331 443 368 enim
476 332 678 369 rhetores
700 332 792 370 istis
823 332 1188 383 disputationibus
1211 331 1429 380 oratorijs,
1454 345 1565 381 quae
1591 333 1695 370 liunt

69 401 258 447 assidue,
283 402 511 439 consecuti
533 408 646 449 sunt,
673 409 717 440 ut
748 416 834 441 non
856 404 995 441 solum
1028 403 1218 441 oratoria
1238 407 1476 454 praecepta
1503 404 1605 440 satis
1637 404 1695 440 in-

69 473 287 523 telligere,
312 474 382 511 uel
415 474 670 512 eorumdem
702 488 825 513 usum
857 475 1126 513 mediocrem
1156 475 1424 526 percepisse,
1458 475 1535 513 sed
1564 477 1697 513 multa

70 555 245 593 quoque
267 544 321 581 de
344 544 475 582 rebus
497 544 753 591 dialecticis,
777 558 882 596 quas
905 558 959 583 ex
981 546 1181 596 professo
1217 545 1409 583 nondum
1440 547 1696 596 attigerunt,

70 613 275 652 didicisse
298 615 541 652 uideantur.
567 615 756 666 Singulis
779 617 933 655 diebus
955 617 1182 655 dominicis
1217 618 1286 655 uel
1318 630 1428 655 unus
1450 622 1698 656 sanctorum

72 686 279 723 uirtutum
303 687 503 724 encomia
524 686 809 726 declamando
834 688 1043 735 celebrat,
1068 690 1137 727 uel
1161 689 1397 738 aduersarij
1418 689 1503 727 duo
1527 694 1700 728 contro-

75 770 223 795 uersas
253 758 572 808 phylosophiae
603 760 886 809 quaestiones
910 760 951 797 in
983 766 1197 812 utranque
1231 766 1399 811 partem
1433 761 1701 799 orationibus

72 833 192 866 tanto
222 828 381 875 fructu,
406 835 567 879 quanta
597 829 895 868 studiosorum
926 831 1225 870 delectatione
1248 831 1499 871 discutiunt.
1527 833 1610 883 Qui
1634 845 1700 871 ca-

71 899 222 938 tholici
245 905 358 947 sunt,
385 913 538 938 omnes
561 901 740 952 singulis
764 902 986 940 mensibus
1006 903 1129 940 iuxta
1156 903 1391 943 Societatis
1423 903 1702 942 consuetudi-

71 984 171 1009 nem
189 971 469 1010 confitentur.
492 973 643 1010 Lectio
663 973 915 1024 theologica
934 980 1171 1013 extraneos
1193 975 1418 1013 auditores
1433 976 1702 1026 plaerunque

73 1052 94 1090 7
117 1042 186 1080 uel
208 1043 231 1080 8
252 1042 386 1080 habet
408 1043 681 1091 sacerdotes,
700 1045 772 1095 qui
793 1045 1023 1094 plurimum
1047 1059 1200 1084 omnes
1217 1045 1493 1085 delectantur
1517 1047 1702 1098 explica-

72 1113 191 1151 tione
215 1113 449 1152 Directorii
471 1115 608 1152 nostri
632 1119 658 1162 ¹,
682 1114 800 1165 quod
822 1115 948 1153 Rfliss
969 1117 1191 1155 vienensis
1212 1118 1240 1164 ²,
1269 1130 1320 1156 ac
1342 1119 1394 1156 D.
1425 1118 1670 1169 Praepositi
1691 1123 1703 1141 ³

73 1184 254 1222 consilio
278 1197 375 1223 cum
394 1186 651 1236 euangelica
673 1185 716 1224 S.
742 1186 950 1225 Matthaei
966 1187 1158 1226 lectione
1177 1187 1331 1227 diebus
1362 1190 1541 1227 alternis
1564 1202 1698 1240 expo-

72 1255 201 1294 nitur.

126 1327 163 1365 6.
224 1328 326 1374 Iam,
351 1327 386 1365 si
408 1327 531 1376 libet,
555 1328 769 1379 quaedam
804 1329 859 1367 de
892 1331 1085 1369 externis
1120 1331 1495 1382 qualibuscunque
1530 1331 1705 1382 pietatis

77 1398 282 1448 operibus
303 1397 470 1446 audire,
494 1412 607 1449 quae
630 1406 674 1438 et
705 1412 790 1450 quo
826 1399 977 1439 ordine
999 1414 1099 1440 sese
1123 1402 1330 1449 offerent,
1367 1402 1570 1441 referam.
1605 1404 1705 1442 Car-

76 1481 201 1507 ceres
236 1468 366 1519 igitur
399 1476 442 1507 et
463 1470 709 1521 hospitalia,
733 1478 941 1522 quantum
963 1472 1059 1511 fieri
1080 1478 1243 1524 potest,
1274 1474 1454 1524 singulis
1476 1472 1705 1512 dominicis

75 1552 126 1577 ac
147 1540 352 1589 mercurij
377 1539 531 1578 diebus
553 1541 691 1579 nostri
713 1543 867 1581 Patres
890 1548 935 1581 et
954 1543 1127 1591 fratres,
1151 1543 1224 1594 qui
1245 1543 1298 1581 ad
1319 1543 1431 1582 haec
1449 1543 1594 1582 officia
1610 1544 1706 1582 des-

76 1611 202 1648 tinati
222 1615 335 1658 sunt,
360 1611 552 1659 uisitant,
575 1618 706 1663 atque
724 1613 766 1651 in
783 1613 836 1663 ijs
853 1613 984 1652 rudes
1001 1614 1235 1662 instruunt,
1255 1614 1413 1652 dubios
1431 1615 1704 1661 confirmant,

75 1683 323 1733 pertinaces
346 1683 559 1722 charitate
580 1686 726 1735 potius
747 1698 875 1735 quam
906 1686 1052 1724 uerbis
1083 1685 1137 1724 ad
1171 1686 1371 1724 ueritatis
1407 1687 1705 1738 cognitionem

77 1755 284 1802 alliciunt,
303 1755 481 1793 infirmis
503 1756 761 1804 ministrant,
786 1757 974 1796 afflictos
1016 1759 1315 1806 consolantur,
1339 1757 1578 1797 derelictos
1604 1759 1707 1797 alio·

77 1839 170 1864 rum
188 1827 484 1877 eleemosynis
505 1826 714 1866 nutriunt.
740 1829 804 1866 Ex
827 1829 981 1879 quibus
1003 1843 1113 1867 unus
1134 1842 1212 1880 per
1234 1828 1400 1880 aliquot
1420 1830 1504 1868 iam
1533 1842 1708 1868 menses

77 1904 256 1949 propter
276 1904 527 1937 nostrorum
550 1900 915 1939 intercessionem
949 1902 1246 1940 necessarium
1279 1903 1443 1941 uictum
1465 1903 1507 1940 in
1529 1915 1707 1941 carcere

78 1970 131 2007 ab
155 1971 505 2021 eleemosynario
529 1971 735 2010 sereniss.
758 1972 963 2024 principis
985 1973 1154 2012 habuit.
1179 1974 1293 2012 Hinc
1317 1986 1370 2012 ex
1389 1974 1527 2012 tribus
1543 1975 1708 2025 praeci-

78 2054 164 2092 pue
182 2043 432 2081 carceribus
452 2042 708 2093 frequenter
731 2043 785 2082 ad
805 2058 886 2083 nos
907 2057 1035 2095 quam
1056 2046 1343 2096 plurimorum
1365 2047 1708 2097 supplicationes

80 2112 351 2162 deferuntur,
375 2114 531 2165 quibus
553 2127 599 2153 se
630 2115 712 2153 nisi
733 2128 757 2153 a
776 2116 938 2154 nostris
959 2129 1104 2168 neque
1137 2118 1380 2165 consilium,
1414 2131 1559 2169 neque
1591 2119 1709 2156 auxi-

80 2185 181 2222 lium
202 2185 335 2223 ullum
367 2198 543 2237 sperare
577 2191 809 2225 testantur.
846 2187 973 2226 Vnde
1003 2189 1157 2236 nostri,
1191 2190 1390 2239 quamuis
1413 2202 1492 2228 eos
1514 2190 1709 2241 spiritua-

80 2256 191 2294 libus
213 2257 437 2295 charitatis
460 2257 666 2308 operibus
686 2258 922 2309 praecipue
940 2260 1243 2308 consolentur,
1267 2274 1355 2299 non
1372 2266 1518 2299 tamen
1541 2262 1708 2300 euitare

82 2333 278 2377 possunt,
319 2329 421 2379 quin
457 2329 587 2367 etiam
627 2342 934 2381 nonnunquam
971 2330 1173 2370 dominos
1213 2339 1390 2384 magamS
1430 2333 1710 2384 interpellent

80 2411 159 2449 pro
181 2399 438 2449 quibusdam
460 2400 710 2449 liberandis,
743 2414 927 2452 quorum
948 2415 1036 2441 non
1052 2403 1112 2441 ita
1128 2416 1288 2454 graues
1307 2416 1466 2442 causae
1490 2403 1707 2451 uidentur,

84 2483 181 2508 cum
202 2470 245 2508 id
273 2471 533 2522 praesertim
568 2472 620 2510 D.
653 2472 890 2512 baronibus
911 2486 998 2512 non
1018 2475 1237 2526 ingratum
1262 2489 1361 2514 esse
1385 2479 1576 2515 constet.
1600 2476 1710 2514 Nam

82 2542 195 2580 inter
217 2543 324 2581 alios
346 2524 602 2594 DsslMagssus
633 2544 986 2596 Regensperger,
1020 2558 1117 2584 cum
1147 2546 1355 2586 famulum
1378 2561 1501 2586 suum
1532 2548 1586 2585 ob
1610 2560 1710 2586 con-

134 2723 143 2741 ¹
196 2721 366 2758 Indicari
386 2721 547 2758 videtur
565 2733 664 2768 opus
684 2721 729 2758 P.
758 2721 939 2760 Polanci:
967 2722 1112 2761 Breve
1139 2724 1438 2762 Directorium
1466 2725 1526 2762 ad
1553 2724 1712 2770 confes-

84 2781 197 2818 sarii
212 2791 264 2817 ac
282 2781 526 2827 confitentis
545 2791 711 2818 munus
731 2785 842 2819 recte
857 2781 1125 2828 obeundum,
1145 2785 1251 2831 quod
1271 2784 1445 2832 primum
1464 2784 1609 2831 prodiit
1628 2784 1710 2821 Ro-

85 2853 175 2877 mae
192 2852 298 2877 anno
319 2840 422 2877 1554.

133 2901 147 2920 ²
196 2900 402 2939 Antonius
420 2900 540 2938 Brus.

134 2960 147 2980 ³
198 2960 402 2998 Henricus
421 2960 670 2998 Scribonius.
