1908 3446
627 156 958 193 374.—C0L0N1A
985 156 1006 191 7
1035 155 1143 201 MAJ1
1176 155 1263 192 1560
1642 157 1710 193 633

129 260 435 310 quadrimestri
459 259 629 308 operari
652 257 855 309 dignatus
878 264 959 303 est,
984 257 1139 294 suadet
1162 258 1403 294 mmnmnis
1428 259 1600 300 vtilitasq
1627 259 1756 308 irnpe—

127 338 191 369 rat
216 330 496 369 obedientiae
520 331 647 376 ratio,
673 335 720 367 ut
742 330 1074 380 qualiacumque
1097 329 1195 374 sint,
1229 329 1423 366 breuiter
1445 342 1494 366 ac
1516 331 1756 376 generatim

125 402 431 453 perstringam.
465 401 518 438 Et
549 401 589 438 in
621 401 771 451 primis
794 400 847 438 de
871 399 1126 437 domesticis
1148 399 1324 445 nostris,
1349 412 1529 449 quorum
1554 413 1758 438 numerus

124 472 541 525 quinquagenarium
565 471 696 509 modo
720 476 911 520 superat,
944 471 1013 520 qui
1047 470 1099 507 ab
1132 470 1225 518 alijs
1249 470 1574 507 conuictorilnis
1597 472 1757 509 liabita-

1582 544 1599 559 *
1631 544 1757 580 ratio-

123 547 243 583 tione
266 545 467 591 seiuncti,
494 544 625 581 etiam
650 543 880 581 conuictus
901 554 952 580 ac
974 554 1219 579 mensarum
1242 541 1556 590 separabuntur

123 630 175 654 ne
206 615 579 666 (quandoquidem
612 614 896 652 refectorium
919 614 959 651 in
981 613 1067 650 hoc
1088 618 1283 662 paratum
1307 616 1406 661 est),
1433 618 1477 649 ut
1498 613 1759 662 accuratius,

125 687 373 738 expeditius
394 699 446 724 ac
469 686 657 736 denique
681 685 934 736 perfectius,
968 696 1079 734 quae
1110 683 1348 721 Societatis
1370 690 1483 730 sunt,
1509 685 1666 735 exequi
1690 698 1759 722 va-

123 761 254 798 leant.
282 760 391 798 Cum
420 770 588 795 summa
609 757 921 807 tranquillitate
943 769 994 794 ac
1012 755 1186 806 spiritus
1203 755 1429 793 alacritate
1448 755 1487 792 in
1512 755 1756 803 virtutibus,

124 830 381 881 praesertim
400 829 629 875 charitate,
650 828 908 874 humilitate,
931 827 1196 873 obedientia,
1217 827 1418 876 suiipsius
1449 828 1757 878 abnegatione,

124 914 294 939 necnon
314 905 358 939 et
380 901 422 938 in
440 900 576 938 literis
598 912 801 950 magnum
822 910 1105 950 progressum
1126 898 1305 935 faciunt.
1331 899 1510 936 Omneis
1531 903 1614 936 tam
1639 906 1760 937 exte-

125 985 212 1018 ros,
236 984 363 1022 quam
381 971 619 1017 intraneos,
644 970 686 1007 in
705 971 770 1008 sui
791 969 1125 1008 admirationem
1142 969 1413 1019 pertrahunt,
1433 982 1484 1007 ac
1502 970 1556 1007 ob
1576 970 1760 1019 singula-

126 1056 217 1082 rem
239 1042 500 1081 modestiam
536 1041 785 1088 aedificant,
819 1046 862 1079 et
894 1040 947 1078 ad
978 1040 1126 1078 mundi
1158 1045 1458 1091 contemptum
1481 1042 1758 1089 inflammant,

126 1114 237 1154 adeo
261 1119 306 1153 ut
329 1114 452 1152 multi
474 1114 667 1151 ambiant
689 1114 730 1151 in
747 1113 1019 1151 Societatem
1041 1112 1192 1162 reeipi3
1211 1125 1394 1162 quorum
1411 1117 1557 1151 tamen
1576 1114 1760 1164 desyde-

127 1187 188 1224 ria
204 1184 413 1223 dilatione
432 1184 624 1222 fouenda
642 1197 741 1222 esse
762 1190 913 1222 monet
931 1184 1088 1222 aetatis
1105 1183 1395 1222 imbecillitas.
1421 1184 1586 1235 Singuli
1607 1186 1759 1235 nouitij

127 1270 204 1296 sua
225 1256 369 1295 munia
390 1256 592 1307 gnauiter
617 1256 797 1293 obeunt.
822 1257 1158 1305 Praeceptores,
1183 1267 1366 1305 quorum
1398 1269 1601 1293 numerus
1632 1257 1760 1295 dena-

127 1329 235 1367 rium
252 1328 579 1380 quaternarium
596 1327 827 1378 adaequat,
848 1327 1055 1378 delegata
1076 1327 1156 1364 sibi
1178 1338 1314 1377 pensa
1329 1326 1518 1365 fideliter
1535 1340 1586 1366 ac
1603 1341 1759 1379 magno

128 1413 225 1439 cum
243 1401 491 1439 auditorum
508 1400 652 1438 fructu
670 1400 921 1437 absoluunt.
941 1399 1055 1437 Hinc
1070 1399 1132 1445 fit,
1149 1404 1195 1436 ut
1209 1404 1253 1436 et
1271 1411 1294 1436 a
1310 1398 1531 1449 discipulis
1546 1405 1759 1447 amentur,

131 1472 444 1511 beneuolentia
465 1484 516 1510 ac
546 1470 797 1509 reuerentia
825 1470 955 1508 etiam
978 1470 1158 1508 mirifice
1181 1472 1470 1509 cumulentur.
1496 1472 1762 1510 Sacerdotes

130 1542 481 1581 confessionibus
503 1541 732 1580 audiendis
756 1546 799 1579 et
821 1541 916 1590 alijs
937 1541 1019 1591 pijs
1043 1541 1249 1591 operibus
1271 1546 1442 1579 vacant.
1475 1543 1567 1593 Ego
1590 1543 1631 1580 in
1663 1556 1762 1581 con-

130 1614 321 1652 tionibus
342 1614 547 1664 persisto.
573 1614 738 1652 Omnes
762 1618 885 1651 recte
908 1613 1050 1650 animo
1076 1617 1119 1650 et
1142 1625 1329 1663 corpore
1350 1613 1513 1661 valent,
1545 1615 1625 1652 nisi
1647 1615 1763 1665 quod

132 1688 182 1724 D.
221 1686 419 1724 Andreas
450 1685 881 1736 Valckenburgensis
913 1689 920 1707 ¹
954 1684 1264 1735 aliquantisper
1295 1685 1481 1723 aduersa
1511 1685 1762 1724 valetudine

131 1758 331 1796 laborare
364 1764 559 1808 ceperat3
593 1756 672 1795 sed
703 1757 785 1795 Dei
812 1756 1101 1807 benignitate,
1125 1756 1271 1807 potius
1293 1770 1419 1806 quam
1442 1757 1599 1795 medici
1621 1757 1763 1796 indus-

132 1830 228 1877 tria,
269 1828 352 1867 iarn
385 1829 671 1868 conualescit.
711 1829 869 1866 Petrus
905 1829 1036 1866 etiam
1068 1828 1306 1875 Michaelis,
1342 1828 1621 1876 coloniensis,
1655 1831 1763 1867 ultra

132 1900 401 1939 dimidiatum
423 1913 582 1938 annum
605 1905 758 1950 quarta
778 1899 890 1937 febri
912 1905 1070 1947 tortus,
1094 1900 1322 1950 pristinum
1352 1900 1551 1951 vigorem
1583 1913 1762 1952 recupe-

133 1977 212 2010 rat.
238 1972 536 2022 Manciparunt
566 1983 614 2009 se
646 1971 876 2010 Societati:
910 1970 1084 2021 quidam
1120 1970 1385 2009 coloniensis
1421 1971 1510 2021 (qui
1544 1972 1670 2009 nobis
1705 1972 1763 2010 in-

132 2043 233 2093 scijs
256 2049 300 2082 et
321 2043 639 2081 reluctantibus
660 2047 814 2080 votum
834 2042 958 2092 fecit)
975 2042 1126 2080 rhetor
1148 2042 1167 2066 b
1184 2041 1360 2080 dotibus
1377 2049 1555 2080 naturae
1581 2048 1623 2080 et
1645 2043 1762 2094 inge-

132 2115 203 2153 nio
234 2114 500 2165 praeclarus;
532 2114 707 2164 insuper
729 2118 819 2152 tres
849 2113 918 2162 alij
942 2125 1134 2164 poeseos
1156 2113 1397 2160 auditores,
1432 2127 1589 2164 nempe
1612 2114 1763 2152 Arnol-

133 2186 212 2225 dus
232 2185 545 2236 Blitterslbijck
566 2186 890 2237 neomagensis,
910 2185 1157 2224 Anthonius
1180 2186 1525 2233 Cameracensis,
1550 2187 1764 2224 Iohannes

122 2245 447 2296 «Verdunensis.
474 2257 670 2307 Quilibet
691 2257 894 2308 profecto
918 2257 1006 2296 suis
1028 2257 1204 2296 dotibus
1225 2257 1405 2309 insignis
1427 2264 1508 2297 est.
1534 2260 1762 2296 Postremo

136 2329 341 2380 magister
364 2328 554 2379 Ogerius
578 2328 874 2366 Dauantianus
894 2335 911 2353 0
934 2328 1071 2366 veluti
1092 2327 1299 2367 miraculo
1322 2329 1508 2380 quodam
1537 2329 1590 2367 ad
1618 2329 1762 2367 Socie-

135 2405 271 2438 tatem
292 2400 459 2438 accitus
479 2406 560 2438 est.
581 2400 690 2437 Nam
708 2399 810 2437 dum
827 2399 908 2438 sibi
923 2400 1143 2451 frequenti
1165 2401 1456 2439 reluctatione
1478 2401 1687 2438 bonarum
1705 2401 1764 2437 in-

135 2471 419 2529 spirationum
436 2471 568 2508 tibiae
587 2470 810 2508 defectum
830 2471 1123 2516 conciliasset,
1143 2472 1215 2509 ubi
1233 2485 1279 2510 se
1299 2472 1511 2511 Societati
1529 2471 1763 2521 mancipas-

183 2625 202 2645 a
252 2625 354 2663 Lz’tt.
376 2637 421 2662 ra
440 2630 577 2672 supra
596 2636 704 2662 vers.
725 2625 881 2662 eadem
901 2636 1054 2670 manu,
1085 2637 1223 2673 neque
1252 2627 1370 2663 clare
1398 2629 1583 2673 apparet
1613 2630 1763 2662 utrum

135 2684 366 2731 legendum
400 2686 458 2722 sit
490 2685 802 2731 separabuntur,
835 2696 894 2721 an
929 2685 1238 2732 separabantur.
1317 2687 1381 2710 —b
1420 2685 1511 2731 Seq.
1557 2691 1596 2721 et
1639 2685 1761 2723 delet.

138 2752 201 2770 —0
235 2745 347 2782 etvv.
372 2749 518 2792 praec.
556 2745 674 2782 linea
705 2744 923 2782 subducta
955 2748 1107 2782 notata
1136 2748 1252 2789 sunt,
1286 2747 1474 2792 itemque
1502 2745 1545 2781 in
1577 2754 1715 2790 marg.
1737 2757 1762 2781 a

136 2803 330 2850 quodam
350 2803 518 2847 lectore,
538 2807 587 2840 ut
604 2804 793 2841 videtur.

187 2958 196 2979 ¹
250 2958 356 2996 Vide
375 2970 512 3006 supra,
532 2972 569 3007 p.
590 2959 672 3005 337,
692 2965 829 2997 annot.
849 2960 883 2996 3.
