1908 3446
506 180 829 220 cmo—Comma.
854 182 877 219 5
902 181 1166 220 SEPTEMBRIS
1195 180 1285 220 1560
1587 182 1656 221 819

84 284 233 323 sertim
255 284 356 323 dum
377 286 419 323 in
440 286 702 324 lectionibus
725 287 813 324 suis
834 291 1120 338 preceptores
1149 299 1237 324 non
1259 298 1356 324 raro
1386 286 1561 336 pietatis
1582 287 1600 305 ³
1622 292 1709 324 stu-

84 355 208 393 diose
230 357 534 403 meminerunt,
560 363 604 395 et
625 356 679 395 ad
710 358 1032 396 confessionem
1064 370 1322 408 sacramque
1355 359 1706 396 communionem

82 425 202 475 (dum
223 427 283 464 ita
303 427 387 464 fert
418 428 547 477 ratio)
578 428 879 467 adhortantur.
914 430 1011 479 Qua
1032 428 1074 466 in
1105 441 1166 476 re,
1193 428 1313 466 dictu
1343 429 1513 476 mirum,
1550 435 1710 479 quanta

82 496 155 534 fiat
176 497 219 535 in
244 497 601 536 adolescentibus
631 500 806 550 pietatis
837 501 1051 538 accessio.
1087 499 1265 538 Plurimi
1295 500 1575 550 generalibus
1607 513 1706 537 con-

81 567 345 607 fessionibus
368 583 465 608 cum
487 572 621 609 multa
648 572 776 610 animi
807 572 1073 611 demissione
1105 570 1402 610 conscientias
1433 583 1532 609 suas
1555 584 1710 622 expur-

83 645 255 690 garunt.

134 721 172 749 2.
232 712 325 749 Etsi
347 712 416 761 alij
442 712 700 751 sacerdotes
720 727 798 763 pro
820 715 1032 765 temporis
1064 713 1233 753 ratione
1267 713 1618 752 confessionibus
1639 726 1710 751 au-

81 782 250 821 diendis
272 788 445 830 vacent,
478 786 713 836 praecipue
744 791 890 823 tamen
921 786 967 824 Ix'.
1004 788 1050 824 P.
1082 786 1338 825 Leonardus
1363 787 1370 805 ¹
1394 786 1496 824 huic
1516 786 1706 836 negocio

80 854 305 892 incumbit.
344 855 441 902 Hic,
476 857 633 906 elapsis
668 856 834 907 aliquot
869 857 1040 904 diebus,
1078 858 1132 895 ab
1164 857 1454 895 illustrissima
1489 857 1711 895 comitissa

81 925 210 976 (quae
231 933 408 977 praeest
432 928 649 966 ecclesiae
671 933 850 965 sanctae
873 929 1056 966 Vrsulae
1079 942 1176 966 cum
1208 928 1411 966 vndecim
1433 927 1605 966 milibus
1628 928 1709 966 vir-

82 997 249 1047 ginum)
270 1003 283 1021 ²
304 998 560 1046 accersitus,
584 999 638 1036 ab
670 1011 722 1036 ea
751 1012 838 1036 non
871 1000 1057 1037 obscure
1089 1000 1324 1047 intellexit,
1357 999 1475 1051 quod
1502 999 1587 1046 illa,
1613 1012 1709 1037 cum

82 1063 456 1102 animaduerteret
479 1065 534 1102 ob
558 1064 877 1103 comitissarum
907 1066 1175 1115 paucitatem
1206 1065 1353 1103 diuina
1385 1065 1529 1103 officia
1550 1065 1707 1103 collabi

79 1135 300 1186 paulatim,
324 1147 372 1173 se
394 1136 510 1174 velle
533 1135 696 1174 cedere
719 1136 834 1183 loco,
859 1149 909 1174 ac
931 1137 1140 1186 templum
1164 1149 1261 1174 cum
1289 1135 1532 1175 redditibus
1554 1136 1608 1174 ad
1630 1136 1708 1174 So-

80 1206 288 1244 cietatem
310 1206 547 1244 transferre
568 1207 604 1254 ¹³3
628 1212 673 1245 et
694 1207 793 1257 quia
815 1208 1089 1245 existimabat
1110 1208 1339 1246 nobiscum
1361 1208 1473 1246 hanc
1508 1220 1599 1246 rem
1622 1221 1709 1246 non

80 1290 212 1328 posse
235 1278 328 1316 sine
351 1291 569 1317 consensu
593 1279 964 1317 Reuerendissimi
985 1279 1184 1330 transigi,
1205 1279 1433 1318 constituit
1449 1280 1587 1330 primo
1606 1293 1710 1330 quo-

78 1363 162 1400 que
185 1355 386 1400 tempore
409 1350 715 1388 celsitudinem
743 1363 863 1388 suam
896 1351 1244 1401 compellandam
1278 1364 1392 1398 esse,
1426 1356 1474 1389 vt
1505 1351 1598 1389 eius
1628 1351 1710 1402 pijs

78 1420 311 1470 desiderijs
327 1421 647 1471 acquiesceret.
668 1420 870 1459 Nondum
889 1427 1163 1473 compertum
1180 1423 1393 1460 habemus
1410 1422 1513 1472 quid
1530 1435 1709 1473 respon-

78 1491 114 1530 si
135 1494 374 1543 acceperit‚
408 1493 596 1531 maxime
628 1505 725 1531 curn
756 1493 1166 1531 Reuerendissimus
1196 1494 1346 1544 paucis
1368 1492 1524 1531 abhinc
1555 1492 1710 1531 diebus

77 1564 162 1602 alio
184 1564 409 1615 profectus
432 1564 500 1603 sit.
532 1564 664 1614 Quod
694 1564 729 1602 si
758 1565 993 1615 negocium
1023 1566 1108 1603 hoc
1135 1564 1200 1614 (vt
1232 1565 1476 1615 speramus)
1499 1564 1708 1603 effectum

77 1635 265 1687 aliquem
288 1636 510 1682 sortiatur,
534 1647 621 1673 non
644 1635 844 1674 videmus
866 1634 969 1686 quid
998 1635 1135 1686 magis
1164 1636 1246 1673 Dei
1276 1634 1459 1686 gloriam
1481 1636 1522 1674 in
1550 1636 1632 1674 hac
1654 1636 1709 1674 ci-

78 1708 215 1746 uitate
236 1707 453 1746 illustrare
475 1713 608 1759 queat
635 1709 663 1746 ³.
696 1708 805 1746 Nam
836 1708 949 1745 haec
980 1706 1171 1745 ecclesia
1200 1720 1288 1745 non
1319 1708 1458 1745 solum
1489 1719 1593 1758 prae
1615 1707 1710 1756 alijs

77 1792 188 1829 quae
219 1779 290 1817 hic
311 1786 328 1804 c
367 1784 670 1817 trecentorum
700 1791 929 1817 numerum
960 1778 1198 1824 excedunt,
1234 1778 1421 1816 celebris
1454 1783 1520 1816 est
1550 1778 1593 1816 in
1627 1779 1710 1816 hac

79 1850 263 1897 diocesi3
287 1849 365 1888 sed
388 1850 518 1888 etiam
541 1849 655 1900 apud
678 1855 853 1888 exteras
880 1849 1082 1888 nationes
1116 1849 1171 1887 ob
1202 1854 1269 1887 tot
1299 1848 1461 1887 milium
1491 1850 1708 1901 virginum

77 1923 335 1972 sanguinem
356 1922 499 1960 fusum
520 1922 865 1960 nominatissima
896 1927 979 1960 est.
1005 1923 1148 1959 Locus
1176 1921 1519 1971 spatiosissimus
1540 1934 1592 1959 ac
1612 1922 1708 1960 red-

76 1993 237 2032 ditibus
258 1993 533 2044 amplissimis
554 1993 745 2041 dotatus,
769 1992 990 2031 fundando
1014 1994 1204 2044 collegio
1225 1994 1707 2033 accommodatissimus

77 2070 211 2104 esset.
236 2065 437 2104 Orandus
461 2071 528 2103 est
550 2067 685 2112 Deus,
709 2070 755 2102 vt
776 2078 854 2115 pro
879 2078 957 2103 sua
977 2066 1211 2103 voluntate
1232 2078 1311 2117 per
1340 2078 1421 2105 nos
1451 2067 1537 2105 hoc
1558 2065 1705 2112 modo,

79 2137 152 2174 vel
173 2149 251 2187 per
272 2137 379 2175 alios
401 2136 422 2161 ‘¹
443 2136 626 2187 gloriam
648 2149 768 2175 suam
789 2149 1033 2188 propagare
1057 2136 1278 2187 dignetur.
1298 2138 1353 2176 M.
1374 2138 1591 2176 Henricus
1607 2136 1708 2175 Dio-

77 2208 212 2246 nisius
234 2208 299 2258 (vt
322 2208 454 2258 solet)
475 2208 517 2245 in
539 2221 707 2246 summo
739 2209 904 2258 templo
936 2208 1243 2256 concionatur,
1269 2221 1320 2247 ac
1349 2209 1391 2247 in
1423 2209 1709 2248 cathechismi

80 2280 376 2330 explicatione
414 2284 597 2330 perstat.
638 2279 914 2318 Auditorium
955 2279 1154 2330 quotidie
1194 2281 1515 2319 incrementum
1561 2281 1705 2319 sumit.

77 2351 198 2389 Multi
218 2364 307 2389 non
328 2351 469 2390 solum
492 2364 547 2389 ex
568 2349 804 2389 haereticis
827 2357 1163 2399 conuertuntur,
1182 2352 1261 2390 sed
1284 2356 1328 2390 et
1344 2352 1414 2401 alij
1438 2365 1463 2390 a
1480 2353 1568 2390 suis
1589 2351 1708 2403 fiagi-

74 2421 146 2471 tijs
167 2422 443 2473 resipiscunt.
468 2423 602 2462 Cuius
624 2422 687 2460 rei
709 2423 933 2473 specimen
951 2423 1128 2473 aliquod
1150 2424 1215 2473 (vt
1238 2423 1381 2461 obiter
1402 2423 1707 2474 interseratur)

119 2561 137 2582 a
187 2559 348 2606 pietatis
367 2565 505 2605 supra
524 2570 634 2596 vers.
655 2559 812 2596 eadem
831 2570 984 2597 manu.
1039 2561 1104 2586 —b
1126 2565 1237 2598 trans
1256 2566 1395 2607 supra
1414 2572 1541 2605 vers..
1569 2561 1706 2599 deleto

72 2619 126 2657 in.
181 2628 244 2646 -0
264 2619 400 2657 Prius
419 2619 459 2656 in
478 2619 567 2656 hae.
619 2619 688 2644 ——d
709 2618 894 2656 Emend.
916 2629 968 2657 ex
986 2621 1052 2657 vel
1072 2619 1178 2669 alijs.

120 2755 130 2775 ¹
182 2753 227 2790 P.
249 2753 489 2790 Leonardus
508 2751 673 2789 Kessel.

118 2814 132 2833 ²
176 2813 337 2859 Justina
353 2825 431 2849 von
450 2811 626 2859 Lupfen.
646 2811 838 2850 HANSEN.
862 2813 888 2850 1,
910 2825 944 2849 c.

118 2874 131 2894 ³
175 2872 425 2911 Concessum
438 2877 499 2908 est
514 2872 674 2916 nostris,
688 2877 731 2909 ut
746 2871 787 2908 in
802 2873 872 2908 illo
888 2874 1040 2918 templo
1052 2873 1402 2917 concionarentur.
1417 2885 1496 2910 non
1508 2885 1605 2910 vero
1621 2873 1704 2909 illis

71 2933 263 2970 donatum
282 2937 357 2969 est.
378 2931 502 2969 Anno
520 2931 683 2968 tandem
706 2931 795 2968 1582
813 2931 1006 2969 traditum
1027 2938 1088 2970 est
1108 2934 1256 2970 nostris
1275 2934 1472 2980 templum
1491 2932 1566 2969 Sti.
1589 2932 1706 2979 Aga-

69 2992 155 3030 thii.
177 2992 242 3032 Cf.
260 2992 452 3037 HANSEN,
475 2993 499 3029 1.
518 3004 567 3036 c..
586 2991 670 3037 749;
691 2991 834 3037 Dium,
858 2991 1168 3036 Geschichte...‚
1190 2993 1220 3037 Ι,
1240 2992 1299 3030 42.
