1908 3446
639 164 976 201 375.-MEssANA
1006 164 1026 199 7
1054 163 1160 210 MAJi
1193 163 1280 200 1560
1654 162 1724 198 635

146 267 253 305 simo
272 267 541 318 prospicere;
561 279 646 316 quo
666 266 958 312 contionibus,
977 267 995 284 ’ὦ
1013 265 1362 304 confessionibus
1380 263 1606 301 audiendis
1625 278 1673 301 εις,
1692 265 1771 313 pijs

148 339 303 387 officijs
339 338 393 376 ad
433 338 513 376 Dei
550 337 731 388 gloriam
769 349 926 375 vacare
960 337 1178 387 possimus
1215 336 1238 373 ¹.
1278 336 1360 373 Hic
1400 348 1506 372 vero
1544 336 1693 372 mirum
1734 336 1770 371 in

146 410 321 448 modum
346 415 473 460 urget
497 414 542 447 ut
575 410 808 460 collegium
843 410 968 447 nobis
990 421 1116 459 quam
1140 406 1347 446 citissime
1370 406 1539 445 Treuiri
1563 408 1769 453 erigatur,

144 495 229 532 quo
266 494 343 532 per
383 488 561 519 nostros
602 481 865 519 vniuersitas
904 480 989 526 illa,
1027 479 1109 517 iam
1144 492 1257 529 pene
1294 479 1500 529 collapsa,
1539 477 1773 515 restaurari

144 559 290 604 queat.
316 553 481 591 Omnes
502 552 664 603 ingenij
689 565 850 591 neruos
880 551 921 589 in
952 552 1037 589 hoc
1064 564 1193 588 vnum
1225 549 1454 588 intendere
1486 549 1659 586 uidetur
1690 562 1773 586 nec

144 624 386 674 sumptibus
408 624 505 661 ullis
526 624 785 673 parciturus3
809 636 860 661 ac
879 623 1078 674 proinde,
1103 622 1233 659 misso
1257 619 1309 659 ad
1340 634 1421 659 nos
1444 621 1536 658 viro
1570 621 1769 671 egregio,

144 694 408 745 colloquium
440 699 636 731 nostrum
659 694 714 731 de
737 694 926 744 collegio
949 693 1183 731 statuendo
1203 705 1349 730 coram
1373 691 1656 743 efflagitabat.
1685 690 1771 738 [Se-

143 764 300 815 quitur
325 765 540 803 narratio
565 778 722 803 eornm
745 778 858 814 qnae
881 766 985 803 acta
1019 766 1125 802 sunt
1155 776 1255 802 cum
1279 762 1618 813 archiepiscopo
1641 762 1771 801 trevi-

145 837 266 876 rensi
287 838 337 876 de
359 836 554 888 collegio
578 836 642 875 ibi
665 836 929 889 fundando.
965 835 1066 875 Vide
1083 839 1128 886 j).
1154 844 1223 884 531
1246 838 1355 885 sqq]

194 920 232 957 4.
294 908 419 947 Nunc
440 908 494 946 de
521 908 845 958 Moguntinensi
868 909 1077 959 episcopo
1100 912 1112 931 ‘2
1134 908 1221 958 (qui
1254 907 1367 958 apud
1398 920 1478 945 nos
1508 907 1550 944 in
1581 907 1770 957 collegio

141 985 327 1029 quatuor
348 978 572 1017 studiosos
604 979 842 1017 liberaliter
873 979 980 1028 alit).
1015 978 1162 1017 Simile
1194 978 1411 1028 quippiam
1442 977 1648 1015 ardenter
1678 978 1772 1016 fieri

142 1051 326 1100 expetit,
361 1051 497 1089 literis
528 1053 550 1088 S
582 1049 740 1101 Aprilis
772 1050 824 1088 ad
856 1063 936 1088 nos
968 1050 1093 1096 datis,
1127 1050 1169 1087 in
1200 1050 1422 1099 praeclara
1450 1049 1521 1087 illa
1548 1049 1773 1087 academia

142 1123 411 1172 moguntina.
438 1121 504 1160 Ad
527 1121 834 1160 celsitudinem
858 1123 951 1160 eius
972 1121 1229 1172 propediem
1261 1121 1391 1171 aliqui
1420 1121 1770 1171 proficiscentur,

141 1193 174 1230 si
196 1192 258 1231 sic
276 1194 370 1231 Deo
389 1194 529 1231 visum
547 1194 692 1240 fuerit,
718 1199 763 1231 ut
781 1199 974 1231 mentem
991 1193 1268 1231 illustrissimi
1284 1192 1488 1243 principis
1509 1193 1769 1244 intelligant,

141 1276 192 1302 ac
214 1266 262 1302 R.
289 1266 334 1303 P.
360 1265 409 1303 T.
436 1265 491 1303 de
515 1265 714 1303 omnibus
737 1266 973 1304 certiorem
994 1264 1170 1302 faciant.
1193 1265 1300 1314 Quis
1323 1264 1376 1302 de
1396 1264 1555 1302 ciuium
1577 1277 1628 1302 ac
1649 1278 1771 1303 sena-

140 1342 283 1374 torum
318 1337 551 1387 complexu
574 1349 625 1375 ac
654 1337 967 1375 beneuolentia
997 1336 1184 1375 dubitari
1213 1341 1360 1386 queat,
1394 1336 1466 1373 ubi
1497 1335 1713 1374 audierint
1749 1349 1772 1374 a

138 1414 225 1446 tam
247 1408 378 1457 varijs
400 1420 451 1446 ac
473 1408 712 1446 illustribus
732 1408 998 1459 principibus
1015 1414 1208 1447 nostram
1228 1413 1459 1458 tantopere
1479 1420 1656 1458 operam
1677 1421 1771 1458 pas-

139 1480 217 1517 sim
252 1480 424 1518 ambiri?
460 1479 667 1528 [Precum
680 1479 947 1530 postulatio.
982 1479 1329 1531 Salutationem]
1362 1479 1618 1517 Scribebam
1640 1479 1770 1518 Colo-

138 1551 235 1588 niae
258 1550 496 1602 Agrippine
520 1560 541 1598 7
565 1551 679 1599 Maij,
705 1551 777 1589 ΑΡ
804 1552 917 1599 1560.
943 1552 990 1588 R.
1016 1552 1062 1588 P.
1087 1551 1154 1597 T.,
1181 1563 1235 1588 ex
1271 1549 1475 1588 mandato
1506 1551 1554 1588 R.
1589 1551 1635 1588 P.
1661 1550 1770 1589 Leo·

137 1622 275 1669 nardi,

735 1677 952 1714 HENRICUS
984 1677 1229 1722 DIONYsms,
1263 1688 1417 1714 seruus
1438 1674 1640 1726 indignus
1661 1682 1688 1713 ³.

219 1779 525 1819 Desideratur
546 1779 800 1832 inscriptio.

895 1947 1006 1998 375

603 2071 655 2117 P.
698 2070 1028 2119 AEGIDIUS
1062 2072 1295 2118 FABER

689 2195 878 2221 MESSANA
904 2184 926 2220 7
953 2195 1046 2233 MAJl
1078 2185 1166 2221 1560
1191 2186 1215 2221 ⁴.

138 2288 167 2324 Ι.
193 2288 241 2325 Ρ.
270 2286 406 2325 Otelli
426 2287 604 2326 strenui
624 2287 814 2325 labores.
838 2286 1190 2327 Constitutiones
1211 2287 1312 2327 Soc.
1328 2288 1437 2337 Jesu
1459 2302 1486 2326 α
1509 2289 1558 2326 Ρ.
1584 2289 1769 2329 Hectore

218 2354 257 2391 et
280 2353 328 2391 P.
358 2352 502 2392 Otetlo
526 2351 698 2391 nostris
721 2352 1134 2391 declarantur.—2.
1167 2353 1396 2404 Templum
1427 2354 1769 2406 amplificatum

217 2431 308 2457 non
342 2419 460 2457 valet
497 2420 676 2456 tantam
712 2417 979 2457 auditorum
1014 2418 1354 2458 multitudinem
1389 2423 1562 2470 capere.
1594 2420 1767 2460 Contio-

217 2497 328 2523 num
358 2482 691 2535 fisuctus.—3.
735 2483 902 2522 Mulier
942 2497 970 2522 a
1009 2485 1225 2524 daemone
1267 2487 1432 2524 vexata
1471 2485 1767 2525 liberatur.-

182 2608 201 2627 a
252 2608 346 2646 Del.
368 2621 427 2646 ac.

186 2729 195 2747 ¹
247 2727 394 2775 Supra,
415 2743 452 2776 p.
473 2730 555 2767 535.

184 2786 197 2806 ²
249 2787 399 2825 Daniel
418 2787 598 2825 Brendel
617 2789 667 2826 de
686 2787 912 2834 Homburg.

185 2847 198 2866 ³
249 2846 356 2884 Vide
376 2861 412 2894 p.
434 2848 514 2886 290.

183 2907 197 2926 6

248 2905 311 2944 Ex
329 2911 490 2954 autogr.
512 2921 533 2944 a
555 2907 732 2945 Polanco
752 2909 979 2952 emendato,
1001 2910 1041 2945 in
1060 2911 1145 2948 cod.
1168 2911 1251 2948 Sic.
1275 2910 1361 2953 181,
1382 2911 1423 2947 ff.
1449 2912 1525 2952 165.
1553 2911 1628 2957 166;
1658 2913 1766 2958 prius

136 2966 218 3003 250.
1013 2995 1015 2998 ι
