1908 3446
213 289 281 327 204
685 291 903 328 LlTTERAE
931 292 1286 337 QUADmMEs‘rREs

220 404 257 430 2.
317 394 577 443 Incipiemus
607 394 706 441 iam,
742 396 836 432 Deo
868 395 1118 441 auxiliante,
1154 395 1390 432 obseruare
1423 398 1628 443 quantum
1659 394 1788 432 liceat

166 464 290 515 leges
311 465 563 512 Societatis,
595 464 641 503 id
667 467 729 505 est
761 468 981 515 quantum
1004 468 1063 503 ad
1084 465 1380 516 refectorium
1403 478 1456 503 ac
1476 464 1701 514 reliquam
1726 463 1788 502 zti-

167 538 237 574 tae
258 548 488 581 normarm
509 549 607 574 nam
628 538 840 575 hactenus
867 538 1064 587 hospites
1091 537 1262 574 fuimus.
1286 536 1375 574 Sed
1396 549 1483 574 non
1506 539 1572 573 est
1594 540 1786 574 contem-

165 607 355 645 nendum
377 608 494 659 quod
517 621 572 646 eo
596 614 795 659 tempore
818 610 859 646 in
881 610 1021 646 salute
1055 608 1278 647 hominum
1312 621 1389 659 per
1412 609 1457 646 P.
1481 608 1641 645 Lucam
1666 611 1673 629 ¹
1697 608 1786 658 (qui

166 679 284 716 solus
306 683 410 717 tunc
429 680 640 730 temporis
672 680 995 718 concionatoris
1026 693 1180 717 munus
1217 679 1382 728 obibat)
1404 679 1445 716 in
1469 678 1627 728 oppido
1651 678 1785 716 Zviko

167 754 372 799 operatus
404 755 469 787 est
503 750 899 788 misericordiarum
931 751 1075 788 Pater.
1114 751 1223 788 Nam
1260 750 1371 787 ultra
1405 759 1453 787 22
1488 762 1699 800 personas
1733 749 1785 787 ad

166 820 296 858 fidem
332 821 591 859 catholicam
628 820 828 870 redijsse,
865 825 1096 871 postquam
1135 820 1192 858 ibi
1233 820 1519 859 concionatus
1555 826 1635 867 est,
1673 819 1787 858 idem

167 893 210 929 P.
233 892 395 930 retulit.
419 892 507 929 Iam
530 905 636 930 uero
665 898 895 943 postquam
927 892 1063 930 maius
1094 890 1252 930 ostium
1283 897 1480 942 apertum
1503 895 1584 938 est,
1609 891 1788 942 disposi-

165 964 218 1001 tis
240 964 371 1001 rebus
394 976 490 1001 cum
511 964 657 1013 priore
679 970 706 1011 ²,
730 964 852 1014 plura
873 964 968 1001 Deo
1001 962 1132 1001 dante
1164 975 1387 1013 speramus
1408 962 1449 1000 in
1471 962 1677 1001 futurum.
1702 963 1787 1000 Iam

166 1035 279 1072 enim
301 1034 500 1073 diabolus
521 1035 664 1073 uictus
687 1040 754 1073 est
774 1035 816 1073 in
845 1034 1148 1082 Hermesdorf,
1174 1039 1217 1073 et
1240 1034 1408 1073 eiectus
1429 1034 1630 1084 antiquus
1651 1034 1788 1071 luthe-

166 1119 293 1144 ranus
315 1115 347 1153 a,
373 1107 445 1144 ubi
466 1120 581 1145 nunc
612 1107 897 1145 concionatur
920 1108 966 1145 P.
991 1107 1145 1145 Lucas.
1169 1107 1224 1144 Et
1246 1119 1469 1158 speramus
1498 1106 1703 1157 paulatim
1725 1118 1788 1143 re-

165 1177 332 1216 dituros
362 1177 416 1216 ad
446 1178 490 1216 S.
524 1184 709 1216 matrem
731 1178 966 1229 antiquam.
990 1178 1216 1216 Florianus
1237 1190 1344 1216 uero
1367 1178 1450 1216 iam
1471 1178 1537 1215 bis
1558 1178 1600 1215 in
1621 1189 1787 1215 monas-

164 1247 276 1286 terio
307 1254 374 1286 est
405 1249 707 1296 concionatus,
742 1253 786 1286 et
815 1247 948 1287 hodie
979 1261 1077 1287 cum
1107 1261 1265 1300 magno
1296 1248 1530 1295 auditorio,
1568 1253 1614 1286 ut
1643 1248 1686 1286 in
1706 1247 1790 1286 hoc

163 1319 280 1366 loco,
304 1332 389 1370 quo
414 1319 469 1357 de
491 1320 673 1358 remotis
703 1319 969 1370 aliquantum
998 1318 1111 1358 villis
1145 1319 1376 1358 accedunt.
1402 1321 1520 1370 Pago
1542 1319 1695 1366 Zuiko,
1719 1318 1790 1368 qui

165 1390 407 1429 catholicus
431 1395 512 1438 est,
530 1391 550 1416 b
573 1396 617 1429 et
639 1391 850 1429 Dominus
880 1389 976 1429 eius
995 1392 1008 1411 ³
1030 1390 1170 1429 bonus
1207 1395 1287 1438 est,
1314 1395 1358 1428 et
1379 1402 1404 1428 a
1423 1390 1577 1440 quibus
1599 1402 1788 1428 amamur

165 1467 209 1500 et
231 1461 547 1510 desideramur,
572 1462 644 1512 qui
666 1462 869 1500 desertus
897 1467 979 1509 est,
1012 1461 1074 1501 sic
1103 1461 1235 1500 modo
1266 1462 1568 1513 prospicimus,
1592 1466 1638 1499 ut
1660 1462 1706 1499 P.
1731 1461 1785 1500 M.

163 1533 396 1571 Cornelius
415 1532 429 1552 ⁴
450 1533 492 1571 in
522 1534 646 1572 festis
676 1546 803 1571 mane
832 1533 963 1572 faciat
998 1545 1184 1581 sacrum3
1215 1532 1445 1584 aliquando
1468 1545 1492 1571 a
1511 1531 1690 1584 prandio
1712 1532 1789 1570 ibit

164 1603 264 1643 hinc
284 1603 511 1643 Florianus
532 1604 758 1643 habiturus
780 1605 1055 1653 concionem,
1075 1604 1193 1656 quod
1209 1617 1363 1643 munus
1384 1604 1518 1642 hodie
1539 1604 1787 1642 inchoatum

166 1680 247 1713 est.
273 1674 398 1713 Adsit
419 1676 556 1714 virtus
578 1675 763 1726 Spiritus
785 1675 947 1715 Sancti.
979 1676 1043 1714 Ita
1073 1675 1341 1727 seiungimur
1362 1675 1404 1713 in
1424 1675 1562 1713 festis.
1587 1675 1681 1726 Ego
1704 1687 1787 1713 ma-

164 1759 249 1785 neo
280 1747 322 1784 in
352 1747 636 1794 monasterio,
670 1747 716 1785 P.
741 1747 881 1785 Lucas
915 1747 970 1785 ad
1006 1747 1237 1795 orientem,
1262 1748 1308 1785 P.
1332 1745 1563 1785 Cornelius
1593 1744 1646 1784 ad
1678 1746 1788 1784 occi-

164 1817 358 1865 dentem,
392 1817 477 1856 duo
510 1817 668 1856 desunt
699 1818 771 1868 qui
799 1819 842 1856 in
873 1823 1104 1869 utrumque
1134 1818 1349 1857 verticem
1370 1821 1672 1869 properarent.
1696 1817 1788 1855 Hos

166 1889 376 1928 Dominus
397 1889 544 1928 forsan
576 1903 654 1928 suo
685 1894 887 1941 ternpore
919 1889 1053 1928 dabit.
1077 1889 1224 1928 Credo
1247 1895 1394 1928 tamen
1414 1901 1502 1927 non
1521 1900 1702 1939 paruum
1723 1900 1787 1926 ru-

164 1973 332 2000 morem
356 1961 660 2008 excitabimus,
691 1966 736 1999 et
765 1973 894 2012 spero
917 1960 1283 1999 aedificationem.
1306 1959 1478 2010 quando
1501 1959 1661 1998 uiderit
1681 1959 1789 1998 haec

163 2045 273 2084 gens
294 2045 381 2071 non
403 2040 420 2058 0
443 2033 502 2070 ad
522 2031 757 2071 libidinem
788 2031 858 2070 his
886 2031 1014 2070 bonis
1047 2030 1129 2079 uti,
1158 2033 1209 2070 ut
1230 2030 1404 2083 forsan
1426 2029 1574 2081 aliqui
1591 2029 1787 2080 suspica-

165 2104 348 2151 bantur,
371 2105 447 2142 sed
468 2104 584 2142 serio
606 2103 743 2142 labori
766 2115 818 2142 ac
835 2102 1078 2142 commodis
1098 2103 1392 2154 spiritualibus
1412 2103 1709 2153 proximorum
1729 2101 1787 2139 in-

164 2180 295 2213 stare.
321 2174 452 2225 Quod
476 2174 687 2212 Dominus
716 2174 843 2212 nobis
874 2172 1089 2212 concedat
1118 2186 1196 2224 per
1222 2186 1380 2224 preces
1402 2175 1449 2212 R.
1474 2174 1521 2211 P.
1545 2173 1595 2211 T.
1620 2173 1687 2210 cui
1709 2184 1787 2210 nos

165 2258 317 2284 omnes
350 2245 589 2283 humillime
625 2243 996 2292 commendamus,
1022 2257 1119 2283 cum
1149 2244 1325 2295 reliquis
1360 2243 1477 2282 Rdis.
1511 2243 1710 2281 Patribus
1738 2254 1787 2280 ac

162 2317 367 2355 fratribus
388 2315 430 2354 in
451 2316 569 2355 Chro
593 2315 872 2355 charissimis.
896 2316 943 2353 In
964 2315 1109 2365 Oybin
1135 2326 1181 2364 14
1202 2314 1300 2353 Maii
1326 2323 1440 2364 1559.

243 2388 451 2440 Indignus
472 2388 583 2426 filius
606 2389 654 2426 R.
678 2388 729 2426 V.
753 2388 796 2426 in
819 2389 931 2426 Dno.

1284 2441 1516 2478 HURTADUS
1545 2444 1574 2477 ⁵.

211 2568 230 2586 a
274 2561 324 2597 ab
344 2573 391 2597 eo
410 2561 510 2597 loco.
561 2561 628 2586 —b
649 2559 774 2597 cuius.
825 2567 890 2586 —0
910 2572 1000 2596 nos.

212 2696 220 2714 ¹
274 2692 317 2729 P.
336 2692 471 2729 Lucas
492 2689 669 2726 Molitor.
691 2688 754 2726 Cf.
774 2689 877 2726 Lz'tt.
897 2689 1148 2736 QuadrIm..
1170 2689 1224 2733 V,
1244 2689 1314 2726 755
1331 2702 1415 2736 sqq.

210 2753 224 2773 ²
276 2749 568 2788 Monasterium
585 2749 806 2796 oybinense
826 2748 958 2786 fuerat
976 2749 1265 2786 monachorum
1279 2748 1603 2786 coelestinorum.
1628 2749 1786 2786 Baltha-
1840 2740 1844 2766 ‘⁸

162 2824 230 2850 sar
247 2809 503 2852 Gottschalk,
523 2808 646 2856 prior,
666 2809 776 2846 solus
794 2804 1048 2845 remanserat
1067 2812 1107 2845 et
1125 2820 1216 2845 eum
1234 2809 1380 2846 nostris
1399 2808 1618 2846 habitabat.
1645 2809 1783 2846 Mense
1838 2822 1842 2836 ·

159 2869 353 2919 Januario
371 2869 490 2917 hujus
508 2868 602 2904 anni
620 2867 661 2904 in
680 2867 868 2915 oppidum
886 2867 1103 2904 Zittaviam
1122 2868 1327 2914 migravit.
1346 2868 1408 2905 Cf.
1429 2868 1782 2912 BRAUNSBERGER,
1836 2887 1839 2917 ᾗ

164 2931 215 2969 P.
240 2928 404 2968 Cam'sii
420 2927 574 2973 Epist„
595 2927 644 2971 ΙΙ,
664 2927 771 2964 374².

211 2992 224 3012 ³
275 2988 382 3024 Vide
405 2987 504 3023 Litt.
526 2986 777 3033 Quadrz’m.,
798 2985 853 3030 V,
874 2986 900 3023 1.
922 2999 956 3023 c.

210 3050 224 3070 ⁴
273 3048 318 3086 P.
338 3046 556 3084 Cornelius
574 3045 866 3092 Brogelmann.

212 3110 225 3130 ⁵
274 3106 384 3145 Vide
403 3105 507 3143 Lz’tt.
528 3105 778 3152 Quadrima„
799 3105 853 3151 V,
877 3106 1054 3143 170-171.
