1908 3446
263 270 331 307 364
732 271 949 308 errnRAh·
985 273 1342 316 Quabfflmas‘riffls

218 374 273 411 ris
295 374 503 413 iacturam
526 375 835 413 adolescentes
857 376 1031 413 minime
1052 375 1215 420 facere,
1239 374 1355 424 quod
1378 375 1509 413 creba
1533 373 1623 422 [sic]
1649 374 1830 413 scriben-

218 445 259 482 di
294 445 555 496 dicendique
592 447 912 484 exercitatione
953 446 1189 484 reddantur
1225 451 1269 483 et
1303 446 1356 483 ad
1393 445 1669 483 scribendum
1706 450 1749 482 et
1782 445 1830 484 ad

219 516 450 556 dicendum
472 518 513 555 in
535 517 629 555 dies
650 519 906 568 paratiores.
933 519 1076 568 thue
1098 529 1238 568 aeque
1260 517 1302 554 in
1328 517 1494 566 pietate
1518 516 1830 567 christianaque

217 587 431 639 religione
470 589 713 638 proficiant,
755 601 884 626 nemo
927 594 993 626 est
1033 594 1229 625 nostrum
1265 589 1335 638 qui
1374 600 1461 625 non
1501 587 1654 625 sedulo
1696 593 1827 626 curet.

219 658 348 709 Quod
378 672 484 697 uero
509 659 685 697 conatui
716 665 866 697 nostro
890 659 1056 697 fructus
1087 671 1173 696 non
1205 658 1485 709 respondeat,
1508 656 1549 695 id
1573 670 1730 695 causae
1752 671 1832 697 ma-

218 731 332 768 xime
364 731 636 777 arbitramur,
660 730 777 780 quod
807 730 1069 781 paedagogi,
1104 736 1150 767 ut
1180 742 1254 780 par
1288 735 1420 775 esset,
1454 742 1577 767 suum
1601 729 1718 766 domi
1745 730 1831 768 offi-

216 802 329 839 cium
361 814 446 840 non
477 802 650 848 faciant,
674 815 761 839 non
791 806 878 839 tam
910 802 1083 839 utilitati
1114 801 1457 839 domesticorum
1488 813 1679 847 suorum,
1710 814 1830 851 quam

216 873 390 923 proprio
414 871 614 922 quaestui
635 873 942 910 inseruientes.
967 873 1023 910 Vt
1045 877 1189 909 tamen
1211 884 1287 922 per
1311 884 1388 909 eos
1410 871 1584 909 minime
1607 876 1709 918 stet,
1732 883 1830 920 quo-

217 945 354 982 minus
394 945 509 982 uotis
547 950 777 995 compotes
814 956 912 982 esse
946 944 1177 995 possimus,
1216 944 1262 981 P.
1302 948 1344 981 et
1378 943 1553 980 fratrum
1589 947 1830 981 nostrorum

216 1015 379 1054 crebris
401 1015 770 1054 admonitionibus
792 1016 1003 1067 minisque
1026 1028 1077 1053 ac
1099 1015 1371 1062 uerberibus,
1396 1013 1496 1052 dum
1520 1014 1656 1064 exigit
1689 1026 1771 1061 res,
1793 1014 1831 1052 in

219 1087 364 1125 officio
388 1088 482 1138 plus
505 1087 634 1124 solito
658 1085 951 1124 continentur.
978 1085 1092 1136 Quin
1115 1087 1200 1124 hac
1219 1087 1238 1104 ²*
1259 1085 1398 1136 gratia
1418 1085 1501 1123 iam
1524 1084 1717 1123 secundo
1739 1098 1831 1124 nos-

217 1158 293 1196 tris
314 1159 354 1196 in
377 1158 559 1196 aedibus
582 1170 664 1195 una
687 1170 839 1196 omnes
860 1157 1110 1209 paedagogi
1132 1170 1156 1195 a
1177 1158 1223 1195 R.
1251 1158 1295 1195 Ρ.
1322 1156 1517 1207 Baptista
1536 1157 1542 1175 ¹
1563 1156 1617 1194 de
1640 1155 1831 1195 omnibus

217 1241 327 1281 quae
349 1229 402 1267 ad
425 1242 470 1267 se
493 1230 715 1280 pertinent
737 1229 1077 1267 commonefacti
1108 1233 1221 1266 sunt.
1247 1229 1484 1266 Praeterea
1505 1240 1528 1265 a
1551 1228 1596 1265 P.
1630 1232 1801 1265 rectore
1820 1231 1832 1250 ²

218 1300 449 1351 unicuique
485 1305 681 1338 nostrum
712 1300 1075 1338 scholasticorum
1107 1298 1404 1345 uisendorum,
1440 1297 1591 1336 ordine
1625 1298 1828 1346 adhibito,

217 1371 317 1409 data
340 1376 406 1409 est
429 1384 545 1417 cura,
571 1376 616 1409 ut
639 1371 793 1409 saltem
816 1372 953 1409 semel
975 1372 1017 1409 in
1044 1370 1323 1408 hebdomade
1347 1369 1537 1407 omnium
1561 1369 1756 1408 cubicula
1777 1370 1830 1408 ui-

217 1450 379 1482 santur.
405 1444 488 1493 Qui
511 1444 687 1494 pariter,
711 1449 884 1493 praeter
907 1442 989 1481 alia
1010 1443 1158 1489 multa,
1182 1442 1223 1480 in
1246 1442 1392 1492 primis
1415 1445 1551 1487 curat,
1581 1453 1635 1478 ne
1656 1439 1697 1479 in
1720 1446 1831 1479 tanta

217 1514 493 1553 multitudine
524 1516 588 1562 (ut
609 1515 675 1564 fit)
705 1515 831 1552 nobis
862 1514 1009 1563 inscijs
1031 1513 1148 1552 domi
1178 1513 1364 1559 latitent,
1403 1518 1475 1550 aut
1507 1513 1713 1550 malorum
1738 1525 1830 1551 con-

216 1587 352 1624 sortio
389 1599 413 1624 a
452 1586 607 1635 studijs
646 1591 889 1624 auocentur
925 1586 1189 1623 scholastici.
1232 1584 1444 1634 Equidem
1480 1597 1566 1621 non
1601 1596 1748 1634 parum
1782 1583 1829 1622 ad

217 1671 369 1696 munus
391 1661 587 1696 nostrum
611 1656 860 1695 obeundum
882 1657 1125 1702 incitamur,
1150 1655 1267 1706 quod
1290 1669 1392 1693 suos
1410 1655 1463 1693 ad
1481 1668 1559 1693 nos
1582 1655 1600 1679 b
1622 1654 1829 1693 adducen-

216 1736 298 1776 tes,
322 1729 579 1780 praesertim
610 1729 849 1769 nobiliores
871 1742 921 1767 ac
943 1729 1139 1775 ditiores,
1164 1728 1226 1766 sic
1255 1741 1332 1767 eos
1363 1728 1488 1766 nobis
1510 1727 1827 1774 commendent,

217 1807 262 1839 ut
283 1815 414 1839 unum
437 1801 629 1848 doleant,
654 1801 771 1851 quod
792 1802 1019 1839 nobiscum
1043 1801 1108 1838 sui
1129 1813 1262 1851 agere
1285 1807 1301 1825 0
1322 1813 1408 1838 non
1439 1800 1620 1851 possint,
1643 1799 1758 1850 quod
1785 1799 1829 1836 ut

216 1872 339 1919 fieret
367 1872 401 1919 ⁴¹,
431 1872 558 1910 nullis
580 1873 694 1910 uelle
717 1879 734 1896 e
756 1872 997 1922 sumptibus
1020 1884 1201 1922 parcere
1222 1875 1452 1909 testantur.
1489 1870 1619 1919 Quod
1648 1870 1828 1909 nonnul-

217 1943 251 1982 li
282 1943 487 1995 grauius
514 1943 713 1995 ferrent,
744 1943 836 1982 nisi
869 1945 1073 1982 extructo
1110 1942 1303 1994 collegio
1334 1942 1595 1993 propediem
1617 1941 1826 1993 futurum

217 2017 506 2065 confiderent.

271 2099 308 2126 2.
370 2087 554 2137 Quinam
579 2099 685 2124 uero
718 2087 758 2124 in
793 2086 1049 2137 theologica
1079 2091 1207 2136 atque
1239 2085 1542 2135 philosophica
1575 2084 1828 2135 reliquisque

217 2172 294 2197 sex
331 2159 541 2197 classibus
577 2159 658 2196 hac
692 2158 982 2196 renouatione
1019 2157 1260 2195 studiorum
1296 2158 1391 2195 libri
1421 2157 1742 2208 praelegantur,
1779 2166 1827 2192 ex

221 2231 423 2281 catalogo
449 2243 532 2268 una
553 2242 648 2268 cum
672 2230 926 2280 theologiae
948 2242 998 2267 ac
1019 2229 1320 2279 philosophiae
1343 2229 1678 2278 rhetoricaeque
1707 2225 1828 2265 thesi-

217 2303 311 2349 bus,
336 2314 447 2353 quae
481 2300 534 2339 ad
572 2315 651 2340 uos
685 2301 1050 2347 transmittuntur,
1083 2301 1132 2339 T.
1164 2301 1404 2351 paternitas
1434 2300 1586 2338 uidere
1616 2298 1774 2350 poterit
1800 2302 1825 2335 ³.
1889 2307 1892 2353 Α

216 2374 357 2411 Fuere
379 2373 420 2410 in
456 2386 621 2410 summa
653 2371 779 2419 aede,
804 2372 1094 2410 Iacobitarum
1117 2371 1301 2410 doctore
1322 2371 1523 2422 praeside
1545 2371 1572 2419 ⁴,
1597 2370 1824 2415 discussae,
1890 2365 1891 2370 ¹

216 2445 263 2482 P.
288 2445 483 2482 Roberto
506 2446 518 2465 ⁵
540 2457 591 2482 ac
612 2444 667 2483 M.
693 2443 923 2483 Leonardo
946 2446 959 2464 ⁶³
979 2443 1287 2491 assertoribus,
1311 2443 1365 2481 ad
1392 2456 1498 2493 quas
1519 2441 1824 2494 impugnandas

260 2589 279 2608 a
329 2587 446 2624 huius
466 2588 534 2624 rei.
592 2588 652 2612 —b
676 2586 835 2623 liberos.
890 2597 952 2614 —c
974 2585 1216 2621 omnino—<1
1238 2585 1268 2620 si
1290 2585 1444 2621 liceret.
1500 2593 1563 2611 --θ
1584 2598 1640 2622 se.

264 2726 271 2744 ¹
325 2723 370 2759 P.
391 2723 575 2770 Baptista
595 2722 732 2759 Viola.

261 2784 274 2804 ²
329 2783 371 2819 Ρ.
391 2782 665 2828 Hieronymus
686 2781 745 2818 Le
765 2781 857 2818 Bas.

260 2844 274 2863 ³
329 2842 445 2878 Hunc
464 2842 695 2887 catalogum
715 2854 793 2877 non
814 2840 997 2877 vidimus.

260 2903 273 2922 ⁴
324 2901 526 2938 Iacobitae
555 2900 742 2937 videntur
768 2900 831 2936 hic
862 2900 1059 2936 nominari
1086 2899 1254 2936 Fratres
1281 2899 1601 2943 Praedicatores,
1623 2898 1689 2946 qui
1711 2897 1824 2943 vulgo

214 2962 255 2999 in
273 2960 413 2999 Gallia
435 2959 661 3006 «Jacobins»
685 2959 936 2996 dicebantur.
1758 2985 1761 2987 Α
1885 2962 1889 3016 ξ

261 3026 274 3045 ⁵
325 3024 370 3061 P.
393 3023 597 3061 Robertus
618 3022 897 3070 Clayssonius.
1885 3018 1888 3024 ’

262 3084 276 3104 ‘
326 3083 565 3121 Leonardus
585 3082 804 3120 Masserus.
1735 3121 1738 3127 ,
1784 3116 1787 3119 .
1883 3070 1888 3205 ξ
