1908 3446
496 156 788 194 ila—Pinum
814 156 836 193 4
861 155 1124 194 SEPTEMBms
1152 153 1242 191 1560
1565 153 1633 190 817

62 272 155 296 mus
185 258 439 308 quibusdam
486 259 619 309 signis
650 259 894 297 declararet
925 271 971 297 sc
1012 257 1149 309 magis
1181 269 1287 308 erga
1325 254 1677 294 communionem

60 330 283 380 utriusque
307 330 469 380 speciei
501 330 709 368 affectum
741 344 855 377 esse,
890 329 1058 368 curauit
1080 342 1179 367 eum
1201 327 1255 366 ad
1284 327 1541 365 hussiticum
1573 331 1680 363 tein-

58 401 173 450 plum
195 401 371 447 deferri,
396 406 441 438 ut
464 402 505 438 in
527 413 580 438 eo
604 401 962 439 communicaret.
1000 401 1115 438 Ecce
1152 399 1292 437 zelum
1315 397 1519 436 catholici
1554 399 1678 435 baro·

58 472 138 510 nis.
163 471 251 510 Sed
272 471 374 522 quid
395 472 550 522 loquor
574 471 627 510 de
650 472 900 519 baronibus,
927 484 1022 509 cum
1055 477 1099 509 et
1121 469 1294 520 quidam
1323 469 1529 507 catholici
1560 469 1679 519 (qua-

58 543 121 579 les
143 555 241 580 esse
264 542 435 591 uolunt)
458 543 796 581 concionatores
819 543 1049 594 aliquoties
1066 541 1183 580 nude
1207 545 1250 579 et
1268 540 1522 590 simpliciter
1540 554 1563 578 c
1582 553 1679 589 sug-

57 619 186 664 gestu
209 613 397 652 dixerint
420 622 437 639 a
465 614 567 652 nihil
591 615 806 652 interesse
835 615 928 652 siue
951 615 1030 652 sul)
1061 619 1245 663 utraque
1277 613 1441 663 specie,
1476 612 1569 649 siue
1601 612 1680 648 sul)

58 697 141 723 una
161 685 255 735 quis
278 686 591 732 communicen
614 687 683 736 qui
709 686 838 723 etiam
866 686 1054 723 liussitas
1087 685 1350 722 confitentes
1378 683 1609 721 absoluant
1639 688 1681 719 et

56 757 317 805 matrimonij
356 762 675 795 sacramentum
711 757 868 805 ijsdem
904 756 1224 794 administrent.
1262 756 1340 802 Ita,
1366 754 1463 792 Rae
1486 755 1573 800 Pr„
1611 754 1681 791 hic

55 827 211 878 agitur.
236 828 365 865 Tales
386 828 519 865 habet
542 828 755 865 Bohemia
777 828 1019 865 catholicos
1042 827 1286 865 catholicae
1308 825 1412 864 fidei
1432 838 1678 876 propugna-

53 904 189 947 tores,
213 900 367 950 quibus
390 900 508 938 Deus
533 901 686 938 oculos
708 900 851 938 cordis
874 900 1137 938 illuminatos
1173 898 1423 938 concedere
1454 898 1679 949 dignetur.

59 971 231 1017 [Preces
247 972 483 1021 postztlat.]

125 1044 293 1094 pragae
316 1057 339 1081 e
363 1043 553 1094 collegio
575 1043 812 1081 Societatis
825 1044 927 1094 Jesu
949 1042 1063 1093 apud
1080 1043 1123 1081 S.
1143 1043 1419 1081 Clementem
1436 1053 1461 1090 4
1477 1041 1678 1092 Septem-

54 1114 142 1153 bris
169 1115 283 1163 1560.
309 1117 356 1153 R.
382 1116 428 1153 P.
456 1116 505 1153 V.
529 1115 854 1165 indignissimus
883 1115 1010 1161 filius,

1050 1204 1266 1241 HENRICUS
1298 1203 1560 1241 BLYssans
1598 1201 1624 1239 ¹.

132 1312 240 1351 Alia
260 1325 416 1352 manu.
442 1312 580 1364 Copie
602 1318 791 1363 quattro.

132 1383 298 1436 sigilli
316 1384 578 1436 vestigium.

97 1547 117 1566 a
170 1546 355 1584 Emend.
377 1557 428 1583 ex
446 1546 647 1583 dixerunt.

100 1706 109 1725 ¹
163 1705 412 1750 «Catalogus
442 1703 613 1741 fratrum
640 1702 911 1749 Pragensium
938 1714 1008 1749 pro
1036 1713 1174 1737 mense
1202 1699 1402 1737 Nouemb.
1435 1699 1544 1736 1560»
1577 1699 1677 1742 (cod.

53 1765 192 1802 Germ.
218 1764 305 1808 131,
326 1763 350 1800 f.
372 1763 455 1808 307)
475 1763 524 1799 de
544 1775 592 1799 eo
611 1762 719 1799 dicit:
743 1761 920 1798 «Doctor
938 1761 1142 1798 Henrieus
1163 1766 1222 1796 est
1241 1759 1473 1807 praefectus
1499 1759 1677 1799 scholae.

49 1837 272 1866 carcerum,
295 1823 553 1870 hospitalium
573 1823 665 1867 (non
684 1826 728 1858 ut
746 1826 936 1858 teneatur
953 1821 1027 1863 ire,
1048 1820 1119 1856 sed
1138 1820 1301 1856 mittere
1321 1824 1361 1856 et
1380 1819 1584 1855 instruere
1612 1830 1680 1854 eos

50 1884 194 1932 quibus
225 1884 401 1920 eundum
428 1883 520 1927 est),
541 1882 870 1929 disputationum.
909 1880 1131 1916 studiorum
1166 1878 1336 1915 fratrum
1370 1883 1410 1915 et
1441 1878 1679 1915 concionum

50 1945 241 1991 ipsorum.
264 1944 544 1984 Consiliarius,
575 1942 780 1989 syndicus.
810 1939 1080 1977 confessarius
1099 1940 1219 1990 ‹pllsti
1239 1939 1333 1975 noui
1354 1944 1394 1975 et
1424 1939 1682 1975 concicnator

49 2004 288 2041 archiducis.
319 2002 391 2039 Est
419 2015 540 2039 sanus
573 2002 725 2038 modo».
759 1999 996 2037 «Instructio
1014 1999 1063 2036 de
1083 1998 1264 2043 personis
1283 1998 1447 2046 collegij
1468 1997 1680 2044 pragensis

51 2077 178 2111 usque
199 2064 247 2100 ad
267 2075 417 2099 annum
440 2061 550 2098 1565»
581 2061 682 2106 (cod.
712 2060 895 2097 Bohem.
924 2058 992 2103 89.
1023 2058 1048 2096 f.
1082 2058 1138 2104 12)
1165 2058 1273 2095 dicit:
1305 2058 1533 2095 «Henrieus
1565 2057 1681 2104 Blys-

51 2124 201 2161 semius
235 2122 465 2160 Bonnensis
499 2121 658 2158 Romae
692 2120 942 2158 Societatem
978 2120 1189 2165 ingressus
1224 2122 1285 2155 est
1325 2118 1466 2154 vltimo
1504 2116 1681 2154 Nouem-

50 2183 131 2220 bris
153 2184 254 2228 1554,
278 2187 319 2219 vt
338 2182 479 2227 credit;
500 2181 593 2218 inde
614 2185 706 2217 vota
725 2185 815 2227 post
833 2192 956 2215 vnum
974 2178 1077 2215 forte
1096 2191 1280 2215 mensem
1300 2177 1447 2214 emisit.
1468 2177 1680 2214 Professus

50 2249 112 2281 est
133 2243 291 2290 Pragae
312 2241 526 2279 Dominica
547 2238 753 2277 ‘Laetare'
772 2240 865 2276 anni
883 2239 984 2276 1560.
1007 2237 1130 2284 Legit
1150 2237 1319 2275 Sacram
1341 2238 1594 2282 §cripturam
1609 2249 1681 2284 per

49 2303 204 2350 aliquot
222 2315 361 2339 annos.
384 2300 658 2339 Concionatus
678 2305 738 2336 est
757 2299 954 2336 hactenus
973 2298 1011 2334 in
1032 2310 1126 2336 arce
1142 2310 1277 2335 coram
1298 2297 1546 2340 Archiduce,
1575 2309 1680 2333 nunc

50 2364 90 2400 in
116 2365 268 2410 templo
294 2367 443 2402 nostro,
474 2366 514 2398 et
540 2360 706 2408 collegij
736 2359 957 2396 Rectorem
987 2358 1176 2404 indignus
1207 2358 1331 2404 agit».
1360 2355 1591 2393 Notandum
1620 2361 1680 2393 est

50 2423 95 2460 P.
116 2423 389 2470 Blyssemium
408 2420 699 2468 professionem
718 2420 901 2456 emisisse
920 2419 984 2456 die
1007 2417 1049 2455 16
1068 2417 1207 2454 Martii
1226 2417 1321 2454 anni
1343 2416 1446 2461 1561,
1475 2429 1553 2453 non
1577 2416 1678 2460 1560,

51 2488 93 2519 ut
124 2484 163 2519 in
194 2483 382 2529 catalogo
407 2481 535 2533 ‘citato
565 2493 639 2528 per
670 2492 850 2517 errorem
885 2480 1079 2525 scriptum
1112 2483 1185 2515 est.
1220 2476 1283 2514 Cf.
1317 2475 1677 2518 Bammsmmm,

50 2543 103 2580 Β.
125 2543 176 2580 P.
201 2543 367 2580 Canisii
382 2543 517 2589 epist..
539 2540 607 2585 ΙΙΙ,
629 2540 687 2577 40.

196 3054 358 3080 er‘ruRAn
377 3050 737 3086 QuAnn1mnsrnns.—T.
759 3050 811 3077 VI.
1503 3050 1536 3076 52
